3138 5006
692 261 821 324 186
1321 259 1713 325 THOMAE
1761 257 2277 324 SYDENHAM

388 439 661 487 Momm
689 421 867 487 dium
897 422 1073 487 omni
1100 429 1291 488 nocte
1320 421 1401 487 ab
1431 423 1569 507 ipso
1599 422 1807 489 morbi
1834 422 2084 486 insultu
2109 441 2225 506 per
2251 427 2466 484 totum
2495 418 2634 503 ejus
2664 417 2897 482 decur-

384 505 531 551 Aru-u
570 505 664 554 ’⁷⁰‘
692 547 836 589 sum
865 526 1297 592 exhibendum
1326 526 1561 590 curavi.
1655 525 1950 609 Exempli
1979 525 2185 608 gratia
2203 548 2312 588 :—

694 662 893 732 [Form.
919 663 1061 731 2⁸7.]²
1132 659 1196 740 R
1252 661 1475 716 Decocti
1500 661 1790 715 Pectoralis
1813 661 2195 731 sesquilibram,

1256 749 1450 820 Syrupi
1474 749 1731 812 Violacei,

1259 832 1507 906 [Syrupi]
1536 835 1868 906 Capillorum
1893 833 2129 898 Veneris,
2151 850 2257 886 ana
2279 833 2696 903 sesquiunciam;

974 920 1177 984 Misce3
1226 922 1321 976 fiat
1366 937 1655 992 apozema:
1709 921 1889 991 capiat
1925 921 2111 974 uncias
2145 929 2250 973 tres
2285 919 2367 972 vel
2415 927 2643 988 quatuor
2684 927 2764 970 ωι-
2811 917 2900 969 vel

974 1019 1161 1078 quater
1183 1013 1239 1064 in
1265 1008 1368 1062 die.

694 1129 891 1200 [Form.
915 1129 1056 1198 28·]'
1128 1127 1189 1208 R
1248 1129 1366 1184 olei
1392 1129 1808 1200 Amygdalarum
1835 1127 2091 1182 Dulciurn
2119 1129 2305 1182 uncias
2326 1126 2476 1191 duas,

1256 1216 1448 1286 Sympi
1473 1216 1729 1280 Violacei,

1254 1303 1496 1374 [Syrupi]
1524 1303 1855 1372 Capillorum
1879 1299 2120 1365 Veneris,
2138 1317 2244 1356 ana
2265 1301 2478 1354 unciam
2503 1315 2690 1363 uuam,

1252 1389 1502 1442 Sacchari
1527 1388 1704 1442 Caudi
1728 1389 1850 1441 Albi
1873 1390 2230 1458 quantitatem
2254 1387 2597 1441 sufficientem
2621 1405 2635 1446 ;

968 1476 1170 1539 Misce3
1207 1476 1299 1529 fiat
1330 1476 1586 1546 eclegma,
1622 1475 1690 1528 dc
1725 1491 1830 1544 quo
1864 1475 2074 1544 saepius
2107 1473 2328 1538 lambat,
2357 1475 2639 1544 praecipue
2680 1473 2898 1542 quaudo

970 1564 1127 1618 tussis
1150 1571 1321 1634 urget.

692 1686 893 1754 [Form.
917 1683 1031 1751 29.]
1131 1681 1193 1761 Βι
1250 1685 1437 1754 Aquae
1462 1685 1776 1738 Cerasorum
1803 1683 2091 1755 Nigrorum
2115 1683 2302 1737 uncias
2325 1691 2445 1747 tres,

1252 1771 1445 1842 Syrupi
1469 1769 1536 1824 de
1562 1769 1812 1824 Meconio
1835 1771 2051 1824 unciam
2077 1787 2240 1824 unam
2263 1789 2278 1833 ;

969 1859 1141 1913 Misce
1160 1879 1174 1922 ;
1209 1859 1305 1912 fiat
1324 1858 1565 1920 haustus,
1587 1857 1878 1912 sumendus
1898 1858 2124 1928 siugulis
2146 1858 2405 1910 noctibus.

690 1981 761 2043 Si
800 2001 947 2044 vero
980 1979 1192 2043 infans
1233 1978 1445 2042 fixerat
1483 1997 1692 2062 aeger,
1728 1977 2082 2041 minuenda
2121 1984 2259 2040 erat
2297 1983 2433 2040 tam
2471 1978 2892 2061 pectoralium

686 2106 880 2167 quam
907 2083 1213 2148 narcotici
1241 2082 1429 2160 dosis,
1459 2102 1576 2166 pro
1603 2081 1852 2145 ratione
1882 2080 2122 2145 scilicet
2150 2080 2399 2144 aetatis.

783 2187 906 2270 [6.]
962 2186 1310 2250 Rarissime
1338 2185 1505 2269 perit
1535 2187 1649 2269 qui
1674 2184 1798 2248 hoc
1824 2184 2037 2248 utitur
2064 2184 2417 2267 regimine3
2466 2205 2605 2263 nec,
2638 2192 2891 2268 praeter

684 2288 1043 2353 necessaria
1070 2295 1265 2373 atque
1284 2288 1682 2353 inevitabilia
1709 2287 1919 2352 morbi
1941 2294 2391 2371 symptomata,
2416 2288 2596 2351 novis
2625 2288 2896 2370 insuper

685 2391 874 2454 malis
916 2391 1239 2455 atteritur.
1328 2391 1547 2456 Tussis
1587 2412 1740 2474 prae
1779 2389 2044 2472 reliquis
2083 2390 2353 2472 fatigat3
2409 2411 2449 2453 a
2491 2411 2620 2473 qua
2662 2397 2894 2454 tamen

686 2493 851 2558 nihil
910 2499 1007 2559 est
1056 2493 1344 2578 periculi,
1388 2493 1516 2558 nisi
1566 2493 1794 2559 morbo
1830 2493 1969 2577 jam
2014 2499 2560 2577 praetergresso²;
2613 2514 2887 2577 cumque

687 2596 899 2661 adhuc
944 2619 1058 2681 per
1104 2597 1533 2680 septimanam
1579 2617 1781 2661 unam
1828 2603 1943 2659 aut
1992 2596 2261 2659 alteram
2321 2596 2643 2679 persistat,
2693 2618 2886 2661 aurae

683 2700 997 2764 liberioris
1048 2722 1197 2778 usu,-
1240 2720 1314 2763 ac
1356 2698 1658 2763 remediis
1671 2707 1699 2735 ⁸
1739 2682 1986 2782 pectori
2035 2697 2282 2777 dicatis,
2327 2697 2506 2761 haud
2549 2698 2893 2763 difficulter

684 2804 991 2897 iugatum
1036 2804 1326 2887 quinimo
1362 2809 1591 2886 sponte
1632 2823 1750 2866 sua
1791 2808 1858 2866 et
1900 2802 2215 2886 paulatim
2256 2802 2588 2881 decrescit,
2631 2808 2698 2867 et
2746 2809 2891 2865 tan-

687 2907 838 2971 dem
864 2907 1127 2972 fatiscit.

380 3036 602 3085 Infantes
787 3008 911 3094 [7.]
968 3010 1039 3072 Si
1083 3014 1304 3073 autem
1350 3028 1560 3090 aeger,
1608 3028 1648 3070 a
1697 3006 2136 3071 cardiacorum
2181 3006 2284 3071 vel
2333 3006 2669 3091 regiminis
2713 3009 2898 3090 justo

378 3098 525 3163 febre,
541 3102 656 3165 ‘¹5⁸‘
690 3113 1068 3178 calidiorum
1089 3110 1271 3190 usub,
1290 3118 1437 3196 post
1466 3132 1690 3175 eorum
1721 3111 2070 3175 discessum
2099 3110 2306 3197 (quod
2334 3110 2550 3176 valde⁰
2584 3118 2682 3175 est
2709 3111 2898 3175 fami-

378 3180 586 3291 1:1¹3er
688 3216 890 3297 liare,)
924 3214 1103 3278 febre
1130 3215 1499 3278 vehementi
1534 3221 1728 3298 atque
1768 3214 2095 3298 dyspnoea
2123 3214 2392 3297 aliisque
2432 3214 2896 3293 accidentibus,

380 3292 641 3419 ζῇξῖᾱὲξῌ·
690 3318 902 3401 qualia
946 3316 1543 3400 peripneumonicos
1596 3318 1804 3381 solent
1857 3316 2157 3399 affligere,
2205 3317 2278 3381 in
2324 3318 2496 3381 vitae
2550 3317 2899 3381 discrimen

384 3420 641 3532 Morbglo-
690 3418 1066 3497 adducatur,
1106 3419 1473 3484 felicissimo
1516 3440 1769 3503 semper
1813 3428 2069 3498 eventu,
2111 3421 2213 3484 vel
2256 3420 2754 3484 tenerrimomm
2793 3420 2896 3483 in-

380 3499 664 3598 ζὲξζυωῗα-
689 3521 943 3584 fantum
985 3542 1179 3586 venas
1218 3522 1289 3585 in
1331 3521 1594 3586 brachio
1639 3522 1828 3601 secui,
1869 3522 2104 3587 educta
2147 3543 2224 3586 ea
2267 3522 2599 3605 sanguinis
2644 3522 2898 3605 quanti-

379 3612 663 3727 2222fo-
690 3630 825 3687 tate
855 3644 1049 3706 quam
1093 3632 1267 3687 aetas
1294 3624 1581 3707 viresque
1623 3623 2001 3689 indicarent.
2094 3624 2499 3708 Quandoque
2543 3624 2758 3703 etiam,
2788 3646 2898 3687 ur-

378 3741 508 3817 tffone
530 3743 635 3791 sola
692 3732 887 3808 gente
921 3725 1166 3806 morbo,
1202 3726 1705 3810 phlebotomiam
1747 3728 1978 3791 iterare
2016 3726 2191 3790 haud
2231 3749 2373 3791 sum
2410 3727 2670 3791 veritus.
2741 3727 2898 3791 Pro-

378 3804 660 3857 ¹²b⁹¹⁹⁸¹²t¹¹¹²
688 3829 857 3893 fecto
885 3828 1064 3892 haud
1090 3852 1323 3913 paucos
1344 3830 1626 3894 infantes
1654 3830 1776 3894 hoc
1807 3832 2026 3895 statim
2057 3838 2488 3914 symptomate
2516 3832 2898 3910 enecandos,

694 3930 1139 4013 (benedicente
1182 3934 1449 3998 Summo
1492 3932 1838 4015 Nemus-Q
1879 3933 2073 3996 misso
2099 3933 2424 4015 sanguine
2469 3930 2692 4017 eripui.
2785 3931 2899 3997 In-

686 4034 970 4099 fantibus
1000 4043 1215 4099 autem
1255 4035 1484 4099 accidit
1516 4036 1678 4099 illud
1716 4043 1861 4118 post
1901 4034 2355 4099 Morbillorum
2383 4056 2726 4115 recessum,
2759 4036 2899 4119 qui-

750 4202 775 4227 ¹¹
809 4194 883 4243 CL
908 4196 1099 4243 formm.
1124 4198 1203 4253 35,
1232 4196 1339 4252 165,
1362 4192 1469 4251 177,
1496 4197 1606 4243 250.
1846 4198 2196 4258 amygdalarum
2235 4198 2455 4255 dulcium,
2489 4205 2626 4259 atque
2663 4200 2716 4245 id
2753 4214 2903 4261 genus

730 4259 774 4291 ’Υ
806 4259 887 4307 Cf.
912 4260 1103 4307 formm.
1129 4261 1207 4315 36,
1236 4260 1343 4317 166,
1374 4260 1479 4309 178.
1829 4264 2043 4308 remediis
2064 4260 2137 4309 ed.
2163 4260 2262 4311 ’76.

752 4326 771 4347 ¹
792 4323 900 4383 jam
920 4322 1098 4386 praet]
1123 4327 1303 4371 sublato
1325 4323 1399 4371 ed.
1426 4324 1520 4373 76.
1895 4323 1918 4353 δ
1953 4324 2062 4387 usu]
2089 4327 2162 4372 vel
2183 4326 2418 4373 Mor-billi·
2437 4330 2589 4375 adhuc
2621 4330 2902 4389 vigentibus,

750 4390 771 4410 ⁸
804 4404 859 4433 ac
882 4387 1076 4449 remed]
1101 4390 1279 4435 decocto
1306 4390 1545 4447 pectorali,
1568 4404 1740 4449 syr-rapo
1829 4390 1902 4436 vel
1920 4389 2028 4436 add.
2052 4390 2124 4437 ed.
2151 4389 2246 4440 ’76-

683 4452 918 4507 violarum,
954 4454 1220 4511 capillorum
1268 4452 1468 4509 Veneris,
1508 4468 1608 4500 cum
1647 4454 1742 4500 oleo
1891 4458 1910 4482 ⁸²
1943 4452 2102 4516 valde]
2135 4457 2292 4516 magi·
2313 4453 2388 4501 ed.
2413 4453 2510 4505 '⁷6.
