3138 5006
520 254 1315 323 OBSERVATIONUM
1359 254 1932 325 MEDICARUM
1967 262 2085 317 111.
2120 268 2173 317 3.

245 419 477 485 iisdem
502 419 917 502 ceciditque:
964 408 1079 483 ita
1109 440 1178 485 se
1220 417 1327 484 hic
1375 438 1479 484 res
1528 417 1780 485 habuit.

246 523 510 605 regione
557 543 719 605 quae
770 521 977 585 cordis
1024 520 1377 587 scrobiculo
1428 520 1786 604 subjicitur,
1837 541 1960 585 nec
2012 519 2320 583 sustinuit

2322 259 2451 327 :151

1877 418 2105 484 Doluit
2149 437 2340 500 aeger
2366 417 2451 481 111
2517 434 2718 484 Fasnr‘s

2369 526 2448 587 ut
2473 498 2754 613 Affe‘fffflxl'n

247 647 447 690 manu
472 625 586 688 illa
620 620 1055 707 premeretur3
1101 624 1274 708 quod
1313 624 1576 707 quidem
1614 630 1978 708 symptoma
2007 644 2147 708 *non
2180 622 2448 689 memini
2515 628 2620 677 6⁷-
2623 630 2717 677 ’69

247 748 354 792 me
397 727 761 791 observasse
804 728 877 790 in
924 727 1048 793 alio
1089 727 1315 793 morbo
1355 732 1612 810 praeter
1647 715 1816 793 lianc
1859 726 2132 793 Febrem
2175 733 2241 790 et
2277 726 2448 792 hanc
2472 714 2724 764 Deam-im-

2470 786 2551 827 tur
2563 781 2683 828 haec

248 829 529 913 speciem
548 829 930 893 variolarum
940 840 1008 893 Μ.
1071 829 1315 913 Capitis
1338 829 1515 893 dolor
1538 836 1604 893 et
1627 829 1797 894 calor
1825 829 2026 895 totius
2049 828 2347 912 corporis,
2369 834 2446 895 ut
2472 842 2654 895 Febris.

1077 935 1115 961 ”²
1152 941 1227 989 cf.
1251 956 1359 1003 sup.
1382 955 1423 989 c.
1448 942 1493 989 2.
1518 943 1541 1001 ᾗ
1568 942 1616 991 2.

250 1130 391 1189 siam,
412 1136 541 1179 tosto
560 1145 746 1207 panep
713 1130 974 1194 paululum
997 1131 1307 1193 tepefactam,

248 1193 499 1243 interdum
532 1196 734 1253 biberet,
771 1211 919 1258 quem
954 1210 1307 1257 nonnunquam

248 1260 399 1307 etiam
422 1259 698 1321 degustaret
717 1274 801 1323 pro
822 1274 910 1306 suo
933 1259 1145 1309 arbitrio.
1184 1258 1307 1307 Ute-

249 1330 387 1373 retur
406 1324 555 1371 etiam
576 1324 787 1385 jusculis
814 1324 1079 1381 avenaceis,
1102 1322 1308 1385 aliisque

248 1387 1153 1526 ἓιῗΐωᾞῗὲιξῖἓῖηωοιῗὲἓὲἕξΐίῗ
1154 1403 1178 1434 ⁸
1188 1403 1307 1501 ,13¹¹

248 1515 427 1563 triculo
444 1524 729 1563 concocturo
744 1514 1017 1563 molestiam
1034 1512 1305 1565 exhibent⁸.

251 1578 543 1629 Quinetiam
578 1579 729 1642 vulga
730 1594 831 1627 rem
868 1579 1006 1627 illam
1045 1579 1305 1627 rusticam-

250 1658 349 1705 que
391 1644 599 1691 diaetam
655 1658 752 1691 non
807 1642 1071 1693 admodum
1126 1643 1305 1706 impro-

246 1706 433 1766 barem,
447 1722 622 1769 nempe
644 1714 699 1757 ut
714 1708 840 1755 lacte
873 1722 985 1757 cum
1070 1722 1152 1754 mo
1173 1715 1309 1757 cocto

248 1778 303 1818 et
334 1777 541 1823 contuso
569 1778 874 1827 vesceretur,
920 1787 971 1819 m
1036 1787 1065 1819 o
1109 1778 1309 1819 cautum

248 1834 333 1892 sit,
355 1842 413 1883 ut
444 1850 499 1883 eo
520 1850 607 1899 per
634 1836 765 1883 vices
798 1842 979 1895 utatur,
1013 1842 1061 1883 et
1101 1836 1309 1895 modice,

247 1898 447 1962 dempto
488 1900 638 1947 etiam
682 1899 825 1947 lactis
866 1900 1059 1975 frigore.
1142 1899 1309 1964 Atque

247 1963 371 2011 haec
402 1970 515 2012 sunt
548 1963 747 2011 omnino
776 1978 900 2026 quae
930 1964 981 2011 in
1012 1964 1107 2013 hoc
1137 1966 1307 2014 morbo

248 2026 356 2075 fieri
392 2028 695 2091 imperarem,
731 2028 882 2076 donec
909 2028 1112 2077 decurso
1152 2029 1307 2076 stadio

242 2091 353 2153 jam
388 2091 663 2149 declinaret,
698 2107 993 2155 aegrumque
1028 2092 1304 2155 purgationi

247 2163 581 2245 opportunum
602 2156 804 2204 sisteret.

320 2220 559 2267 “Verum
608 2220 803 2282 objiciet
854 2219 1032 2283 aliquis
1085 2218 1302 2277 fortasse,

250 2282 508 2334 Quorsum
521 2284 687 2346 itaque
704 2290 775 2331 tot
791 2284 933 2331 verba
953 2284 1013 2331 de
1030 2284 1119 2331 hac
1136 2298 1189 2331 re
1204 2284 1304 2331 fac-

246 2354 303 2395 ta
324 2355 452 2404 sunt,
478 2348 869 2410 quandoquidem
894 2348 1085 2395 duabus
1116 2348 1306 2395 voculis

246 2418 411 2460 totum
430 2412 685 2474 negotium
706 2412 877 2459 confici
904 2418 1109 2475 poterat,
1130 2427 1307 2474 nempe

248 2478 392 2524 Nihil
402 2480 629 2540 agendum
642 2480 667 2524 Γ
734 2476 829 2524 Cui
843 2476 913 2524 sie
926 2477 1209 2540 respondeo,
1224 2491 1307 2524 me

249 2541 452 2602 quidem
468 2555 565 2588 non
580 2541 821 2589 illibenter
836 2541 929 2588 hoc
940 2540 1147 2589 molesto
1162 2555 1309 2604 opere

248 2604 565 2668 supersedere
582 2607 815 2667 potuisse,
836 2604 933 2653 nisi
953 2606 1085 2667 quod
1108 2612 1303 2653 senten-

248 2669 374 2717 tiam
410 2683 572 2716 meam
604 2669 844 2717 hactenus
876 2670 1149 2732 expositam
1180 2670 1307 2717 inter

249 2733 397 2790 duas,
418 2747 595 2808 easque
618 2734 827 2782 diversas
858 2739 906 2781 et
926 2734 1171 2796 oppositas
1202 2748 1305 2780 me·

250 2767 399 2845 dendi
436 2798 645 2845 rationes
684 2797 703 2854 (
710 2813 917 2859 quarum
951 2805 1155 2860 utraque
1196 2797 1302 2859 pari

246 2861 353 2908 fere
372 2861 578 2924 imperio
598 2861 724 2910 inter
750 2861 979 2909 mortales
1010 2863 1165 2924 potita
1187 2861 1300 2922 est,)

249 2924 541 2973 collocatam
574 2926 860 2989 repererim:
894 2935 1003 2974 tum
1036 2941 1204 2974 eorum
1231 2927 1305 2974 vi·

249 2989 443 3046 delicet,
474 2991 561 3052 qui
596 2990 1036 3038 venae-sectionem
1070 2997 1303 3054 tanquam

250 3054 574 3101 necessariam
606 3055 862 3118 imperant,
885 3063 935 3102 et
966 3056 1172 3103 subinde
1204 3070 1306 3103 me-

248 3117 541 3166 dicamentis
592 3119 741 3166 etiam
792 3119 1187 3182 refrigerantibus
1242 3119 1305 3166 ad

553 3247 706 3310 Quae
728 3255 1025 3318 sequuntur
1045 3257 1232 3304 extant
1253 3250 1307 3302 in

322 3353 355 3380 ‘⁸
369 3351 518 3402 Quod
560 3351 623 3400 ad
665 3352 961 3414 therapeiam
998 3353 1186 3410 attinet,
1220 3369 1311 3416 ego

248 3421 367 3474 ante
390 3415 521 3464 diem
542 3423 771 3478 quartum
790 3417 853 3467 ad
873 3417 1173 3479 eruptionem
1194 3432 1305 3480 pro-

246 3481 545 3530 movendam
578 3495 669 3528 nec
700 3480 1111 3530 medicamentum
1148 3482 1308 3532 ullum

246 3544 497 3601 exhibere,
524 3558 615 3592 nec
646 3545 895 3620 regiminis
921 3545 1081 3607 legem
1114 3553 1311 3607 aegroto

244 3610 500 3672 imponere
516 3609 770 3662 consuevi.
802 3609 978 3684 quippe
996 3624 1093 3671 quo
1109 3609 1311 3658 lentiore

244 3673 411 3736 gradu
434 3672 674 3720 vesiculae
699 3643 1007 3731 eflloruennt,
1032 3688 1089 3721 eo
1122 3673 1311 3736 plenior

244 3737 1311 3862 &uffi‘ffisffizffitassssfilffl‘fffl

248 3866 371 3914 dem
412 3865 663 3927 praecipiti
702 3865 1049 3914 marcescentia
1090 3881 1307 3914 corrum-

244 3937 385 3993 pent.
454 3929 550 3978 Die
580 3929 725 3978 modo
754 3929 883 3977 dicto
913 3929 1189 3980 cardiacum
1219 3931 1310 3980 ali-

247 3993 389 4055 quod
417 3992 641 4040 blandius
673 3994 817 4042 unica
838 3993 1009 4041 saltem
1032 3994 1137 4041 vice
1169 3995 1307 4044 exhi

242 4057 461 4114 bitum,
485 4057 703 4106 Naturae
722 4057 1058 4120 expulsionem
1086 4059 1311 4108 molienti

246 4137 355 4170 non
396 4121 596 4170 inutiles
636 4121 759 4170 feret
800 4121 1062 4184 suppetias.
1128 4123 1210 4171 Ab
1253 4139 1309 4172 eo

244 4193 473 4247 tempore
502 4185 645 4233 lactis
672 4186 820 4248 tepidi
852 4186 1139 4234 haustulum
1172 4203 1314 4236 croco

246 4249 447 4298 modice
478 4251 703 4306 tinctum,
724 4265 869 4298 mane
901 4265 957 4298 ac
989 4252 1192 4313 vesperi,
1225 4252 1309 4299 do-

244 4329 347 4361 nec
388 4313 615 4376 pustulae
656 4313 719 4362 ad
760 4314 973 4364 debitam
1026 4315 1205 4364 molem
1256 4331 1313 4364 ac

246 4377 589 4427 maturitatem
624 4379 941 4440 pervenerint,
982 4379 1113 4427 sumi
1146 4381 1310 4441 jubeo.

248 4441 323 4492 In
345 4442 437 4491 hoc
461 4457 573 4492 vero
598 4443 756 4492 morbi
790 4450 932 4500 statu,
956 4443 1187 4506 quoniam
1220 4460 1311 4507 pu-

1389 1130 1745 1207 reprimendam
1797 1129 2049 1195 sanguinis
2109 1130 2448 1183 ebullitionem

1392 1196 1596 1245 nimiam
1631 1196 1702 1242 uti
1733 1195 1914 1251 solent;
1959 1202 2068 1243 tum
2101 1194 2322 1253 aliorum,
2359 1196 2445 1259 qui

1392 1260 1728 1307 cardiacorum·
1761 1274 1906 1307 usum
1937 1260 2248 1307 vehementer
2283 1260 2442 1308 incul-

1394 1330 1523 1382 cant,
1546 1330 1596 1371 et
1625 1323 1950 1373 calefacientis
1983 1324 2259 1400 regiminisx
2297 1324 2446 1371 nimi-

1394 1403 1505 1435 rum
1546 1388 1788 1435 Naturam
1824 1386 1904 1447 (ut
1935 1386 2234 1449 opinantur,)
2271 1388 2444 1435 ducem

1395 1452 1566 1508 secuti,
1585 1452 1704 1499 dum
1727 1452 1882 1502 morbi
1901 1451 2255 1515 malignitatem
2277 1468 2307 1501 a
2327 1467 2441 1499 cen-

1394 1520 1467 1562 tro
1510 1516 1723 1578 corporis
1765 1516 1828 1562 ad
1862 1515 2082 1577 ejusdem
2121 1516 2442 1578 peripheriam
2468 1544 2574 1593 ,Cf
2605 1548 2629 1607 5
2653 1547 2732 1593 42

1392 1580 1675 1642 protrudere
1697 1580 1934 1627 nituntur.
1980 1580 2078 1627 Sed.
2095 1580 2308 1642 profecto
2332 1595 2441 1627 sen·
2567 1580 2580 1593 ⁸

1396 1644 1595 1692 tentiam
1616 1645 1800 1691 nudam
1821 1644 2068 1719 nullisque
2089 1644 2332 1691 rationum
2343 1644 2442 1693 ful

1396 1708 1491 1755 cris
1534 1708 1793 1755 subnixam
1827 1708 1878 1754 in
1913 1706 2133 1755 medium
2174 1707 2446 1770 protulisse,

1394 1771 1543 1819 nimis
1591 1772 1854 1819 absurdum
1897 1772 2188 1827 videbatur,
2244 1772 2372 1820 sicut
2417 1789 2450 1821 e

1396 1836 1635 1885 contrario
1657 1836 1808 1883 animi
1829 1836 1926 1885 mei
1949 1850 2092 1883 sensa
2113 1835 2448 1885 dissimulasse

1428 1915 1569 1947 arum
1587 1901 1640 1947 in
1663 1916 1714 1947 se
1735 1900 1988 1975 probitatis
2007 1899 2182 1947 habere
2199 1900 2446 1949 existima-

1510 1979 1672 2021 ,cum
1705 1964 2104 2026 persuasissimus
2137 1964 2247 2021 sim,
2272 1965 2445 2027 ingen-

1392 2034 1493 2075 tem
1426 1979 1770 2077 m’hominum
1783 2028 1887 2077 vim
1901 2028 1962 2075 ob
1979 2033 2238 2090 utramque
2252 2029 2444 2091 praxim

1394 2090 1560 2153 (prout
1580 2092 1694 2140 illae
1724 2092 1910 2140 dudum
1942 2091 2291 2154 obtinuerunt,)
2317 2092 2440 2140 inte-

1390 2163 1630 2219 temptam
1650 2156 1817 2205 fuisse.
1875 2155 2080 2203 Interim
2101 2155 2274 2203 lubens
2293 2156 2446 2204 fateor

1392 2219 1600 2282 (idque'
1587 2235 1638 2267 ιιι
1659 2220 1963 2283 praecedenti
1986 2224 2194 2267 tractatu
2217 2221 2443 2282 probasse

1392 2284 1509 2333 satis
1542 2284 1666 2332 mihi
1685 2283 1928 2345 videor,)'
1913 2299 1964 2331 m
1997 2284 2090 2332 hoc
2123 2284 2292 2331 morbo
2321 2299 2448 2331 ιιοιι

1391 2362 1646 2411 nunquam
1695 2348 2126 2413 exquisitissimam
2176 2348 2334 2395 seduli
2385 2363 2446 2396 ac

1391 2414 1644 2475 prudentis
1683 2413 1866 2461 Medici
1899 2428 2095 2475 operam
2125 2412 2321 2475 requiri,
2355 2414 2442 2473 qui

1392 2491 1477 2540 pro
1509 2493 1562 2525 re
1595 2482 1711 2528 nata
1741 2484 1851 2526 tum
1881 2477 1979 2526 huc
2011 2483 2118 2524 tum
2149 2476 2272 2524 illuc
2301 2476 2448 2525 incli-

1391 2542 1567 2600 nando,
1584 2550 1634 2591 et
1653 2543 1792 2604 quasi
1814 2557 1984 2590 scenae
2007 2541 2322 2598 inserviendo,
2339 2541 2446 2589 Na-

1392 2611 1530 2652 turae
1573 2606 1825 2668 negotium
1874 2606 2103 2668 adjuvet:
2161 2621 2442 2668 quanquam

1392 2669 1484 2716 hoc
1506 2670 1672 2732 ipsum
1697 2686 1796 2718 non
1828 2670 1945 2718 alibi
1964 2670 2166 2718 forsitan
2187 2669 2336 2718 fuerit
2355 2685 2441 2716 ne-

1392 2735 1671 2791 cessarium,
1711 2749 1860 2796 quam
1901 2735 1988 2782 ubi
2029 2748 2148 2781 cura
2186 2733 2343 2780 morbi
2381 2748 2444 2780 ex

1392 2797 1614 2858 eJusdem
1635 2798 1852 2846 Naturae
1871 2798 2100 2849 manibus
2117 2798 2258 2859 quasi
2279 2803 2446 2860 erepta

1387 2861 1576 2923 pridem
1607 2861 1716 2918 fuit,
1746 2877 1982 2925 aegerque
2012 2861 2143 2909 male
2173 2867 2320 2922 atque
2353 2861 2446 2907 im-

1386 2925 1539 2988 perite
1573 2932 1821 2983 tractatus,
1857 2927 2052 2974 Medico
2079 2925 2299 2973 nondum
2332 2939 2448 2971 con-

1390 2989 1521 3038 sulto
1542 2997 1628 3038 aut
1650 2990 1896 3038 accersito.

1456 3055 1716 3182 ⁶⁶)Unicam
1744 3055 1910 3102 hanc”
1939 3054 2028 3103 διο.
2055 3053 2160 3118 (cf.
2186 3068 2293 3117 sup.
2319 3053 2372 3101 ii.
2399 3054 2447 3100 2.

1334 3249 1417 3304 ed.
1436 3250 1519 3302 ’68
1544 3249 1616 3320 (p.
1645 3251 1786 3320 15⁵7.)
1810 3258 1928 3320 post
1947 3249 1975 3320 ᾗ
1995 3253 2067 3302 46
2083 3270 2169 3301 :—

1394 3354 1521 3404 trida
1538 3349 1787 3414 μιάσματα
1802 3354 1864 3400 ob
1881 3353 2254 3412 exhalationem,
2275 3361 2448 3416 pustu-

1394 3418 1555 3466 larum
1587 3418 1936 3466 iucrustatione
1970 3418 2271 3479 impeditam,
2305 3419 2448 3468 facile

1394 3483 1659 3532 introrsum
1702 3482 1938 3540 resiliunt,
1981 3482 2196 3546 adeoque
2238 3489 2446 3535 mortem

1394 3547 1680 3595 brevissimo
1706 3547 1938 3609 temporis
1969 3546 2125 3609 spatio
2157 3547 2448 3609 quandoque

1396 3611 1656 3666 asciscunt,
1681 3609 1850 3672 (prout
1869 3625 1959 3671 ego
1984 3610 2244 3672 aliquando
2271 3625 2444 3673 exper-

1398 3681 1477 3722 tus
1496 3674 1648 3734 sum.)
1661 3674 1843 3722 idcirco
1858 3674 1938 3722 hic
1955 3674 2231 3722 cardiacum
2248 3674 2464 3737 aliquod-

1396 3744 1718 3814 temperatum
1739 3738 1869 3785 horis
1891 3739 2142 3790 matutinis
2175 3754 2232 3786 ac
2254 3753 2446 3802 vesper-

1397 3803 1525 3859 tinis,
1549 3803 1700 3852 donec
1722 3802 1926 3850 exuviae
1947 3802 2166 3850 decidere
2195 3803 2443 3865 incipiant,

1395 3867 2206 3982 Ξῖἒέἒῖωἴὶῗέιὲἶξῖὲιῗὲἶιῗὲ
2221 3867 2459 4006 ἓξὲξῗὲἒῗ

1397 4011 1452 4044 ac
1490 3995 1551 4043 ad
1585 3995 1854 4044 cochlearia
1885 4004 2091 4056 quatuor
2122 3995 2199 4042 vel
2233 3995 2449 4056 quinque
2751 4009 2769 4036 ο·

1396 4059 1682 4108 exhibitum.
1753 4059 1853 4106 Ubi
1880 4060 1988 4121 jam
2019 4058 2246 4121 pustulae
2277 4073 2448 4110 omnes
2472 4041 2542 4093 Ὅ
2503 4044 2580 4114 Cf·
2605 4048 2629 4107 5
2655 4045 2732 4096 44·

1396 4123 1677 4182 deciderint,
1697 4123 1994 4170 instituenda
2023 4129 2099 4170 est
2129 4121 2279 4174 semel
2301 4130 2448 4184 atque

1396 4188 1572 4236 iterum
1585 4188 1824 4250 purgatio,
1840 4185 2126 4250 praesertim
2140 4187 2452 4236 incumbente

1397 4260 1657 4300 autumno:
1695 4251 1932 4314 plurimas
1953 4251 2086 4299 enim
2115 4250 2346 4312 relinquit
2370 4251 2452 4300 hic

1397 4316 1634 4364 affectus
1621 4331 1672 4364 m
1694 4317 1929 4378 sanguine
1963 4331 2019 4364 ac
2051 4314 2318 4367 visceribus
2352 4330 2452 4366 sor-

1399 4379 1499 4438 des,
1517 4380 1814 4428 saecundum
1833 4379 2056 4442 deinceps
2074 4379 2278 4428 aliarum
2295 4379 2452 4440 aegri-

1400 4415 1628 4494 tudinum
1645 4443 1977 4500 seminarium.
2051 4443 2198 4494 Quod
2215 4443 2276 4491 ad
2293 4444 2450 4494 medi-
