3138 5006
701 282 788 343 22
1330 278 1719 343 THOMAE
1768 279 2282 344 SYDENHAM

426 456 621 503 Pam».
696 439 864 505 bene
894 440 974 503 d'e
1012 460 1084 504 re
1121 440 1374 504 medica
1409 441 1738 519 meruisse,
1771 462 1966 524 quam
2010 441 2067 504 si
2104 442 2425 525 pomposis
2467 443 2907 508 remediorum

395 519 492 576 En.
507 521 670 568 Tzur.

699 542 992 606 formulis
1022 542 1243 606 omnia
1269 542 1681 626 implevisset.

795 644 961 727 [31.]
1016 644 1102 706 In
1131 644 1350 708 animo
1384 651 1524 707 erat
1553 650 1621 708 et
1656 644 2105 710 chronicorum
2132 644 2507 710 morborum
2539 646 2903 711 Historiam

697 746 972 824 tradere,
1004 765 1228 809 eorum
1272 746 1500 810 saltem
1538 767 1697 829 quos
1724 745 2241 828 frequentissime
2276 755 2741 827 tractaveram3
2788 750 2907 813 sed

698 867 847 910 cum
879 847 1205 929 operosius
1248 847 1318 910 id
1356 848 1459 927 sit,
1491 868 1769 931 cumque
1802 847 2036 911 harum
2076 870 2233 930 quas
2269 851 2407 933 jam
2452 849 2573 914 edo
2602 851 2905 914 lucubra-

697 949 954 1012 tionum
983 949 1313 1012 fortunam
1357 950 1630 1033 experiri
1662 949 1945 1033 primum
1985 949 2269 1028 libuerit,
2298 951 2907 1034 impraesentiarum

699 1051 1246 1135 supersedendum
1276 1052 1438 1116 mihi
1467 1072 1605 1117 esse
1634 1051 1809 1116 duxi.

997 1744 1544 1824 PRAEFATIO
1611 1743 2122 1823 EDITIONIS
2190 1744 2592 1822 PRIMAE.

796 1978 936 2044 qu
970 1977 1338 2042 Medicinae
1367 1977 1479 2042 dat
1509 1997 1788 2060 operam,
1811 1976 1969 2040 haec
1997 1997 2217 2041 secum
2246 1982 2321 2041 ut
2352 1975 2516 2040 serio
2543 1976 2907 2059 perpendat

704 2085 976 2163 oportet.
1067 2079 1307 2157 Primo,
1339 2099 1406 2142 se
1447 2078 1526 2142 de
1567 2099 1905 2160 aegrorum
1934 2077 2067 2142 vita
2094 2078 2295 2160 ipsius
2338 2099 2527 2141 curae
2562 2078 2913 2141 commissa

703 2181 1022 2245 rationem
1067 2181 1410 2263 aliquando
1458 2181 1774 2263 Supremo
1820 2181 1862 2243 J
1866 2200 2061 2243 umcx
2114 2179 2539 2244 redditurum.
2629 2179 2912 2258 Deinde,

707 2283 1009 2366 quicquid
1040 2283 1194 2346 artis
1233 2290 1348 2346 aut
1387 2282 1695 2346 scientiae
1738 2281 1975 2346 Divino
2013 2281 2327 2346 beneficio
2366 2289 2750 2346 consecutus
2786 2289 2913 2361 est,

708 2385 1022 2468 imprimis
1052 2384 1134 2448 ad
1167 2384 1419 2448 Summi
1455 2383 1779 2447 Numms
1818 2382 2078 2447 laudem
2120 2391 2312 2467 atque
2352 2382 2623 2447 humani
2652 2385 2915 2466 generis

712 2486 986 2550 salutem
1015 2508 1152 2551 esse
1188 2485 1636 2570 dirigendum3
1682 2485 2028 2569 indignum
2068 2492 2287 2550 autem
2330 2506 2467 2550 esse
2504 2492 2579 2550 ut
2608 2485 2919 2550 coelestia

711 2589 826 2653 illa
860 2589 1032 2653 dona
1067 2590 1167 2653 vel
1203 2589 1506 2653 avaritiae
1532 2588 1637 2651 vel
1665 2588 1946 2652 ambitus
1976 2588 2191 2652 studio
2218 2588 2589 2651 inserviant.
2682 2589 2914 2667 Porro,

713 2712 781 2754 se
830 2712 966 2754 non
1008 2690 1308 2773 ignobilis
1353 2690 1623 2773 alicujus
1670 2695 1783 2754 aut
1828 2689 2287 2753 contemnendi
2339 2688 2633 2753 animalis
2686 2711 2917 2753 curam

712 2794 1099 2876 suscepisse:
1173 2801 1250 2857 ut
1315 2792 1490 2855 enim
1557 2792 1827 2855 humani
1898 2792 2151 2873 generis
2213 2792 2495 2875 pretium
2576 2812 2916 2874 agnoscas,

712 2895 1152 2959 Umenmrus
1193 2895 1331 2958 Dm
1374 2894 1616 2957 Funus
1656 2894 1851 2957 homo
1887 2894 2099 2957 faetus
2138 2900 2257 2973 est,
2288 2893 2575 2977 adeoque
2603 2901 2917 2957 naturam

711 3004 1106 3080 assumptam
1135 3017 1254 3060 sua
1281 2996 1658 3078 dignatione
1685 2994 2072 3059 nobilitavit.
2135 2995 2463 3077 Denique,
2486 3014 2607 3057 nec
2636 3014 2705 3058 se
2736 3016 2912 3059 com-

708 3101 896 3163 muni
941 3105 1113 3163 sorte
1155 3104 1524 3181 exemptum
1565 3118 1721 3175 esse,
1754 3095 1868 3161 sed
1904 3096 2134 3160 iisdem
2176 3095 2427 3179 legibus
2470 3097 2911 3177 mortalitatis,

709 3202 937 3265 iisdem
968 3199 1218 3264 casibus
1242 3206 1308 3263 et
1331 3200 1656 3263 aerumnis
1678 3198 2029 3263 obnoxium
2055 3205 2249 3281 atque
2272 3198 2655 3282 expositum,
2676 3200 2912 3283 quibus

710 3304 819 3367 alii
851 3301 1156 3385 quilibet;
1188 3322 1318 3386 quo
1342 3300 1735 3384 diligentius,
1760 3307 1829 3365 et
1851 3301 2114 3385 quidem
2134 3301 2440 3365 teneriori
2469 3322 2619 3365 eum
2650 3302 2909 3380 affectu,

708 3406 844 3488 ipse
871 3404 1064 3488 plane
1093 3400 1479 3483 ὁμοιοπαθής
1509 3403 1993 3486 aegrotantibus
2026 3424 2213 3487 opem
2242 3404 2409 3468 ferre
2439 3411 2729 3469 conetur.

805 3506 928 3588 [2.]
984 3505 1230 3569 Verum
1270 3504 1571 3568 nonnulli
1603 3505 1777 3569 hisce
1814 3505 2312 3588 cogitationibus
2352 3506 2621 3569 minime
2664 3527 2733 3571 se
2770 3508 2911 3591 regi

708 3608 1067 3691 patiuntur,
1096 3607 1165 3670 id
1196 3608 1368 3689 quod
1397 3627 1476 3671 ex
1505 3628 1728 3671 eorum
1764 3608 1947 3690 praxi
1984 3608 2249 3691 ipsoque
2286 3608 2457 3671 vitae
2488 3629 2724 3690 genere
2754 3608 2911 3673 satis

707 3710 1124 3774 manifestum
1154 3716 1286 3773 est:
1338 3710 1468 3773 sive
1507 3709 1678 3792 quod
1716 3710 1887 3773 fastu
1917 3710 2163 3792 turgidi
2194 3718 2388 3793 atque
2419 3712 2726 3776 scientiae
2756 3734 2910 3777 suae

707 3812 1008 3895 opinione
1027 3812 1256 3891 inflati,
1277 3812 1360 3875 ad
1381 3812 1639 3875 minuta
1657 3811 1816 3877 haec
1844 3814 1942 3895 (ut
1965 3812 2225 3896 quidem
2248 3813 2374 3876 illis
2398 3814 2743 3896 videntur)
2772 3836 2908 3879 non

708 3916 846 3978 sine
877 3920 1256 3997 contemptu
1292 3914 1571 3997 quodam
1610 3914 2045 3997 negligentius
2086 3914 2501 3993 descendant,
2534 3936 2769 3999 susque
2800 3916 2911 3995 de-

707 4038 830 4100 que
868 4016 1182 4081 habentes
1215 4017 1368 4099 quid
1410 4016 1489 4081 de
1529 4016 1779 4080 miseris
1818 4017 2198 4081 mortalibus
2238 4018 2353 4081 fiat
2381 4018 2668 4101 ipsorum
2711 4040 2908 4083 curae

705 4118 1108 4196 concreditis,
1161 4126 1358 4202 atque
1399 4119 1665 4182 interim
1710 4118 1789 4181 de
1837 4118 2152 4201 Supremo
2190 4120 2491 4183 Nmunm
2532 4122 2634 4184 vel
2676 4142 2909 4203 parum

703 4226 1060 4309 cogitantes
1103 4226 1206 4289 vel
1250 4224 1424 4288 Illud
1466 4224 1635 4288 forte
1672 4223 1779 4286 vix
1822 4244 2168 4306 agnoscere
2215 4223 2503 4307 dignati3
2559 4225 2690 4288 sive
2737 4226 2913 4308 quod

701 4327 879 4391 lucro
923 4348 1182 4411 prorsus
1221 4325 1462 4390 intenti
1501 4332 1695 4408 atque
1734 4325 2080 4405 inhiantes,
2113 4332 2225 4389 aut
2267 4326 2572 4409 gloriolae
2602 4327 2907 4410 cupidine

702 4429 971 4513 abrepti,
1024 4452 1100 4495 eo
1151 4436 1412 4495 tantum
1463 4434 1757 4513 spectant
1816 4437 1892 4495 ut
1951 4429 2271 4495 ditescant
2322 4430 2464 4514 ipsi,
2520 4438 2634 4495 aut
2687 4432 2905 4497 nescio
