3138 5006
847 299 1384 366 PROCESSUS‘
1404 295 1814 368 INTEGRI.
2291 299 2424 364 593

516 457 680 513 Fiant
702 459 895 530 pilulae
916 467 1160 530 quatuor,
1183 458 1473 530 capiendae
1500 459 1630 513 hora
1653 468 1842 530 quarta
1864 459 2146 524 matutina,
2167 457 2440 529 superdor-
2562 473 2647 520 υς,

510 545 753 610 miend03
802 554 1210 619 repetanturque
1245 563 1339 618 per
1360 547 1496 602 duas
1530 549 1666 602 alias
1701 549 1857 612 vices,
1881 547 2263 618 interponendo
2296 546 2440 600 diem
2494 537 2714 588 FLUORB

510 649 679 686 unum
701 633 787 687 vel
808 635 1053 699 alterum,
1074 651 1169 704 pro
1192 635 1397 688 ratione
1422 635 1635 688 virium.
2523 601 2687 650 Ληο-

242 768 435 835 [For-m,
459 773 613 842 230]
687 767 751 848 R
790 771 975 841 Aquae
998 771 1175 826 Butae
1198 773 1382 826 uncias
1404 782 1647 844 quatuor,

794 859 979 929 Aquae
1003 859 1269 930 Bryoniae
1293 859 1634 932 compositae
1659 863 1846 915 uncias
1869 860 2019 925 duas,

796 947 1049 1002 Sacchari
1074 947 1370 1020 crystallini
1394 950 1753 1019 quantitatem
1777 947 2151 1011 sufficientem3

512 1032 638 1090 Fiat
642 1034 910 1105 julapium
924 1055 939 1098 ς
960 1036 1139 1106 capiat
1154 1035 1449 1090 cochlearia
1468 1035 1574 1088 tria
1589 1035 1673 1090 vel
1688 1044 1919 1106 quatuor
1936 1037 1990 1089 in
2005 1033 2151 1088 omni
2169 1033 2440 1106 languore.

246 1171 491 1236 Deinde
521 1171 939 1256 aggrediatur
966 1193 1159 1236 usum
1188 1173 1600 1258 sequentium
1623 1198 1726 1237 :—-

244 1325 443 1394 [Form.
473 1329 675 1396 231.]m
700 1321 764 1404 Bt
804 1325 1095 1379 Theriacae
1119 1325 1477 1380 Andromachi
1500 1326 1908 1395 sesquiunciam,

794 1412 1093 1466 Conservae
1120 1412 1421 1467 Flavedinis
1442 1414 1820 1467 Aurantiorum
1844 1413 2058 1468 unciam
2083 1429 2264 1479 unam,

800 1499 1102 1553 Diascordii
1126 1501 1489 1566 semiunciam,

804 1585 1111 1640 Zinziberis
1134 1587 1372 1652 conditi,

796 1674 965 1728 Nucis
990 1674 1299 1729 Moschatae
1323 1674 1604 1740 Conditae,
1628 1691 1735 1728 ana
1757 1674 2036 1728 drachmas
2057 1682 2178 1738 nee,

798 1759 1039 1815 Pulveris
1053 1778 1082 1814 e
1096 1761 1277 1814 Chelis
1293 1760 1620 1815 cancrorum
1634 1759 1929 1830 Compositi
1943 1759 2440 1830 sesquidrachmam,

798 1848 1023 1903 Corticis
1047 1850 1319 1904 exterioris
1342 1849 1723 1916 Granatorum,

801 1936 1019 1991 Radicis
1044 1937 1335 2007 Angelicae
1362 1937 1660 2008 Hispanae,

799 2022 1017 2076 Coi-allii
1043 2023 1211 2078 Rubri
1232 2025 1548 2094 praeparati,

798 2110 1203 2166 Trochiscorum
1226 2109 1292 2166 de
1316 2111 1480 2166 Terra
1506 2112 1749 2178 Lemnia,
1770 2128 1880 2166 ana
1902 2109 2210 2166 drachmam
2234 2125 2418 2176 unam,

802 2195 926 2250 Boli
951 2198 1214 2252 Armenae
1237 2198 1507 2268 scrupulos
1534 2198 1682 2262 duce,

804 2284 1027 2339 Gummi
1051 2285 1267 2340 Arabici
1292 2285 1750 2350 semidrachmam,

798 2375 920 2424 cum
944 2371 1233 2425 sufficiente
1257 2373 1555 2442 quantitate
1583 2371 1775 2443 Syrupi
1800 2372 1866 2425 de
1891 2371 2046 2424 Rosis
2071 2370 2266 2436 Siccis;

518 2457 643 2515 Fiat
661 2459 1028 2526 electuarium,
1050 2459 1118 2515 de
1142 2477 1247 2531 quo
1271 2467 1449 2515 sumat
1472 2459 1542 2515 ad
1572 2459 1996 2531 magnitudinem
2021 2460 2172 2513 nucis
2203 2457 2470 2513 mosche--

516 2555 603 2601 tae
627 2548 841 2618 majoris
861 2564 1039 2611 mane,
1061 2547 1193 2601 hora
1210 2548 1397 2618 quinta
1418 2548 1801 2617 pomeridiana,
1819 2556 1873 2601 et
1894 2555 2068 2613 nocte,
2083 2564 2177 2617 per
2197 2562 2434 2599 mensem

518 2634 807 2705 integrum,
830 2633 1214 2707 superbibendo
1236 2635 1503 2703 sequentis
1524 2633 1804 2688 infusionis
1829 2633 2122 2687 cochlearia
2144 2650 2236 2686 sex
2253 2655 2340 2685 :—

234 2801 439 2867 [Form.
462 2805 658 2870 2321*
702 2800 767 2881 Ra
805 2802 1023 2857 Badicis
1048 2802 1257 2857 Enulae
1280 2803 1610 2873 Campanae,

815 2891 1087 2963 [Radicis]
1115 2890 1511 2963 Imperatoriae,

804 2978 1077 3049 [Radicis]
1104 2978 1411 3049 Angelicaffi

798 3066 1071 3131 [Radicis]
1099 3066 1309 3121 Calami
1334 3067 1640 3132 Aromatici,
1665 3084 1771 3121 ana
1791 3066 2159 3129 semiunciam,

801 3155 1073 3210 Foliorum
1096 3155 1368 3210 Absinthii
1392 3156 1642 3221 Romani,

802 3241 1123 3311 [Foliorum]
1152 3240 1417 3297 Marrubii
1440 3242 1584 3309 Albi,

802 3329 1129 3401 [Foliorum]
1157 3330 1434 3385 Centaurii
1461 3330 1708 3396 Minoris,

809 3416 1130 3483 [Foliorum]
1157 3417 1529 3473 Calaminthae
1552 3419 1802 3489 vulgaris,

800 3502 1125 3570 [Foliorum]
1156 3502 1366 3557 Salviae
1389 3506 1663 3569 siccorum,
1686 3522 1792 3559 ana
1813 3505 2145 3576 manipulum
2169 3520 2354 3569 unum,

808 3590 1103 3644 Baccarum
1124 3590 1373 3663 Juniperi
1396 3594 1610 3646 unciam
1639 3610 1834 3655 unam3

523 3676 840 3731 incidantur
862 3678 1127 3743 minutim,
1153 3686 1209 3732 et
1231 3678 1583 3733 infundantur
1605 3680 1661 3733 in
1685 3681 1813 3733 Vini
1846 3678 2102 3733 Canarini
2135 3679 2282 3732 libris
2314 3696 2440 3748 qua-

520 3774 670 3829 tuor;
704 3772 844 3817 stent
868 3763 1028 3818 simul
1060 3764 1118 3817 in
1141 3763 1403 3820 infusione
1431 3764 1654 3839 frigida:
1692 3768 1892 3821 coletur
1915 3765 2284 3821 tantummodo
2309 3774 2440 3817 tem·

520 3870 647 3923 pore
668 3870 813 3906 usus.

336 3971 462 4055 [3.]
513 3970 832 4034 Vescatur
860 3968 1017 4034 cibis
1048 3969 1355 4052 eupeptiS,
1387 3978 1453 4035 et
1483 3942 1804 4036 abstineat
1835 3969 1917 4033 ab
1949 3990 2072 4031 usu
2101 3968 2346 4031 olerum
2376 3972 2442 4028 et

226 4074 573 4137 fructuum
617 4073 1179 4157 qualiumcunque,
1226 4078 1293 4135 et
1345 4072 1616 4156 singulis
1660 4070 1952 4157 pastibus
1994 4068 2177 4133 bibat
2219 4066 2443 4131 vinum

234 4175 697 4261 Hispanicum.

1058 4312 1091 4335 ¹·
1128 4305 1203 4355 Cf.
1227 4304 1420 4353 for-mm.
1446 4306 1524 4360 53,
1550 4304 1629 4351 54.

1286 4574 1399 4631 4⁶
