3138 5006
885 283 1480 350 DISSERTATIO
1525 285 2137 351 EPISTOLARIS.
2478 285 2563 348 3⁷
2566 287 2604 346 5

401 467 742 528 nunquam
769 447 1266 528 perfunduntur,
1301 448 1410 531 qui
1439 467 1573 511 non
1604 447 1685 512 ab
1716 446 1841 510 alia
1869 467 2060 509 causa
2088 445 2321 522 fluunt,
2348 465 2541 527 quam
2572 467 2611 508 a
2673 463 2757 511 Dr.
2782 465 2882 512 Λιν-

401 548 530 611 seri
559 549 892 631 sanguinis
923 549 1217 628 mathesi,
1242 571 1370 633 qua
1389 550 1460 614 in
1489 550 1769 633 corporis
1798 548 2095 612 habitum
2120 547 2313 630 gestit
2342 547 2606 625 effundi,
2637 529 2908 642 ‘5534ng

401 652 488 716 ob
517 652 710 716 modo
739 660 1160 717 memoratam
1190 653 1524 735 sanguinis
1554 648 1840 732 ἀταξίαν.

505 753 670 836 [88.]
727 755 958 837 Frigus
982 754 1152 837 quod
1177 756 1432 833 attinet,
1457 776 1583 838 quo
1613 754 1805 818 toties
1828 753 2048 835 algent
2070 758 2283 835 partes
2306 759 2608 816 externae
2634 770 2827 834 Frigus,

403 863 476 925 in
500 862 864 926 Affectibus
897 862 1276 946 Hystericis,
1305 863 1451 927 luce
1479 862 1711 926 clarius
1746 868 1865 941 est,
1894 861 2058 924 illud
2086 881 2165 924 ex
2194 881 2270 925 eo
2300 860 2606 938 accidere,

403 965 576 1048 quod
629 966 911 1048 spiritus,
943 987 1129 1029 suam
1179 967 1250 1030 in
1301 965 1426 1028 illis
1479 965 1825 1029 stationem
1872 964 2259 1040 deserentes,
2292 985 2361 1027 se
2406 963 2609 1026 nimio

401 1089 594 1152 opere
622 1069 694 1144 in
722 1069 890 1132 hanc
917 1069 1172 1133 illamve
1201 1075 1453 1152 partem
1481 1069 1791 1133 inserant.
1873 1067 2017 1131 Nec
2046 1073 2145 1130 est
2176 1064 2607 1129 dubitandum

403 1172 562 1252 quin
607 1179 746 1234 tam
796 1172 1004 1250 fletus,
1053 1193 1248 1256 quam
1290 1171 1663 1250 cachinnus,
1711 1192 1901 1254 quem
1947 1170 2188 1237 tollunt
2234 1170 2412 1235 haud
2462 1191 2607 1235 raro
2630 1189 2791 1266 fletus,
2812 1199 2861 1267 ep

405 1273 806 1356 Hystericae,
855 1274 1052 1338 etiam
1097 1275 1280 1339 nulla
1329 1274 1482 1339 data
1525 1295 1700 1352 ansa,
1755 1295 1795 1337 a
1844 1274 2171 1356 spiritibus
2224 1273 2607 1336 animalibus
2630 1255 2868 1302 ⁰⁸⁰h¹¹²¹¹¹·

401 1383 801 1458 procuretur,
844 1397 1104 1458 organa,
1137 1397 1302 1460 quae
1341 1376 1444 1440 his
1487 1374 1931 1441 functionibus
1976 1375 2361 1440 animalibus
2404 1375 2604 1439 inser-

399 1479 606 1557 viunt,
635 1501 876 1560 magna
901 1479 964 1543 vi
991 1479 1420 1562 pulsantibus.

499 1581 666 1664 [89.]
708 1581 938 1646 Obiter
959 1582 1168 1646 dicam
1189 1603 1398 1645 mares
1428 1581 1625 1645 etiam
1651 1581 1963 1664 (quamvis
1990 1579 2195 1644 rarius
2216 1580 2285 1644 id
2306 1580 2601 1664 eveniat,)

399 1683 584 1746 fletui
621 1705 700 1746 ex
739 1684 920 1748 nulla
958 1682 1282 1770 προφάσει
1326 1685 1711 1766 quandoque
1756 1683 2063 1748 obnoxios
2104 1682 2389 1768 reperiri.
2482 1684 2605 1748 Ac·
2633 1699 2789 1774 §tuus
2810 1717 2895 1750 cu-

402 1783 696 1847 cersebar
734 1783 1078 1867 aliquando
1117 1784 1200 1848 ad
1238 1784 1447 1848 virum
1486 1792 1623 1849 tam
1662 1785 1924 1868 ingenio
1972 1806 2163 1868 quam
2211 1805 2446 1868 genere
2488 1806 2603 1848 no·
2624 1765 2821 1824 ³⁰⁸d⁸¹¹¹

400 1885 616 1965 bilem,
649 1887 758 1970 qui
786 1909 922 1953 non
948 1887 1076 1951 nisi
1103 1888 1324 1970 paucis
1355 1886 1582 1951 diebus
1614 1909 1653 1950 a
1680 1887 1859 1950 febre
1888 1887 2316 1965 convaluerat,
2342 1887 2605 1950 alterius
2628 1828 2855 1942 &iiiam

401 1988 648 2052 Medici
689 1990 954 2054 consilio
995 2012 1173 2068 usus,
1205 1991 1318 2074 qui
1361 1997 1428 2054 et
1468 1990 1853 2072 sanguinem
1891 1990 2271 2068 detraxerat,
2302 1997 2369 2053 et
2412 1990 2599 2072 phar·
2628 1957 2865 2082 fffflss,

399 2112 656 2156 macum
695 2091 1122 2156 catharticum
1165 2099 1266 2156 ter
1307 2091 1707 2170 exhibuerat,
1750 2099 1892 2156 tum
1936 2092 2131 2156 etiam
2172 2091 2471 2156 carnibus
2512 2091 2605 2154 illi
2630 2083 2839 2133 obnoxii.

399 2192 838 2262 interdixerat.
930 2195 1130 2258 Hunc
1169 2194 1284 2257 ubi
1327 2194 1627 2258 vestitum
1672 2193 2129 2276 conspexerim,
2176 2199 2243 2256 et
2288 2193 2367 2256 de
2412 2192 2603 2256 rebus

402 2293 792 2376 quibuslibet
826 2317 974 2360 cum
997 2296 1242 2380 judicio
1272 2296 1691 2360 disserentem
1725 2296 2059 2374 audierim,
2083 2295 2388 2378 rogabam
2415 2316 2602 2377 quor-

399 2416 547 2458 sum
579 2417 684 2460 me
723 2399 1130 2476 conveniret;
1175 2398 1507 2480 respondit
1544 2398 1876 2462 familiaris
1914 2397 2175 2481 quidam
2216 2399 2375 2481 ejus,
2412 2397 2603 2460 modo

399 2508 800 2582 expectarem
828 2501 1171 2585 paulisper,
1201 2523 1304 2565 res
1342 2500 1480 2583 ipsa
1515 2501 1907 2584 loqueretur.
1997 2499 2355 2565 Considens
2384 2498 2601 2582 itaque

399 2608 466 2663 et
507 2621 830 2665 sermones
869 2622 1018 2665 cum
1054 2622 1248 2682 aegro
1285 2602 1567 2679 trahens,
1600 2623 1749 2665 mox
1786 2602 2111 2667 observavi
2148 2602 2405 2667 labrum
2438 2603 2600 2666 infe-

397 2701 534 2765 rius
575 2702 930 2785 pendulum
974 2702 1286 2785 protrudi,
1317 2722 1468 2767 cum
1511 2704 1919 2768 motitatione
1964 2704 2203 2781 crebra,
2244 2705 2364 2785 (uti
2394 2705 2601 2768 solent

395 2806 679 2870 infantes
721 2807 1100 2871 morosiores
1147 2806 1374 2871 fletum
1417 2807 1772 2890 adornare,)
1826 2816 1891 2872 et
1939 2809 2169 2873 exinde
2214 2832 2477 2892 aegrum
2528 2811 2601 2874 in

395 2915 616 2973 tantas
661 2908 818 2973 solvi
851 2909 1233 2991 lachrymas,
1274 2916 1546 2991 quantas
1596 2910 1699 2973 vix
1739 2909 1893 2974 alias
1932 2910 2063 2972 vidi
2100 2932 2410 2993 unquam,
2450 2932 2599 2975 cum

396 3012 646 3094 gemitu
690 3032 764 3075 ac
809 3011 1095 3094 suspiriis
1139 3017 1398 3075 tantum
1443 3032 1579 3073 non
1623 3010 2037 3074 convulsivis:
2084 3011 2195 3094 qui
2234 3020 2457 3075 tamen
2500 3033 2597 3075 re-

393 3112 700 3196 pentinus
730 3121 981 3177 torrens
1010 3133 1145 3175 non
1176 3112 1268 3175 ita
1296 3112 1505 3175 multo
1531 3120 1679 3195 post
1710 3112 2035 3177 detumuit
2062 3134 2341 3196 prorsus,
2406 3113 2599 3177 Hanc

395 3236 516 3298 ego
546 3215 950 3280 affectionem
981 3236 1022 3278 a
1049 3215 1395 3299 spirituum
1424 3215 1657 3302 ἀταξίᾳ
1688 3216 1947 3299 (partim
1978 3238 2017 3280 a
2044 3216 2255 3281 morbi
2277 3217 2597 3281 diuturni-

393 3325 550 3396 tate,
581 3318 818 3401 partim
863 3318 943 3382 ab
982 3317 1504 3382 evacuationibus
1534 3340 1695 3401 quas
1730 3318 2035 3405 θεραπεία
2072 3319 2428 3384 necessario
2469 3321 2597 3384 exi-

395 3419 610 3502 gebat,
643 3422 828 3502 orta,)
861 3420 1142 3502 pendere
1171 3419 1655 3498 existimabam;
1695 3422 1931 3503 partim
1960 3423 2159 3486 etiam
2194 3422 2275 3486 ab
2312 3422 2595 3486 exinani-

393 3520 593 3599 tione,
624 3528 690 3585 et
735 3521 1128 3585 abstinentia
1170 3543 1210 3585 a
1251 3522 1573 3601 carnibus,
1605 3544 1799 3605 quam
1828 3524 2027 3589 etiam
2066 3524 2148 3589 ad
2189 3524 2323 3589 dies
2354 3525 2595 3608 aliquot

393 3636 810 3712 posteaquam
840 3630 1249 3694 convaluerat
1283 3630 1705 3712 imperaverat
1734 3631 2050 3711 Medicus,
2084 3653 2211 3716 quo
2244 3654 2395 3696 eum
2430 3654 2469 3695 a
2495 3654 2595 3695 re—

393 3732 600 3795 cidiva
642 3740 997 3816 praestaret
1041 3733 1444 3797 securiorem.
1537 3730 1717 3795 Hinc
1760 3753 1910 3796 eum
1953 3733 2371 3817 pronunciavi
2415 3740 2595 3796 extra

393 3852 652 3898 omnem
695 3834 888 3899 febris
933 3836 1140 3899 aleam
1191 3836 1328 3918 jam
1380 3834 1827 3914 constit-utum,
1876 3844 2363 3920 symptomaque
2413 3858 2593 3918 prae-

393 3936 639 4001 dictum
681 3938 1038 4002 inanitione
1081 3946 1340 4003 tantum
1386 3937 1647 4015 deberi3
1702 3959 1777 4003 ac
1818 3938 2087 4022 proinde
2130 3937 2477 4001 suadebam
2518 3944 2593 4000 ut

389 4039 642 4123 pullum
691 4041 1119 4123 gallinaceum
1167 4062 1382 4105 assum
1427 4041 1498 4105 in
1549 4040 1894 4125 prandium
1939 4041 2199 4125 juberet
2244 4041 2475 4125 parari,
2526 4050 2593 4104 et

391 4142 585 4207 simul
625 4144 848 4208 vinum
891 4144 1142 4208 modice
1191 4144 1516 4209 hauriret:
1565 4165 1693 4228 quo
1737 4144 1927 4222 facto,
1959 4152 2025 4209 et
2066 4143 2365 4208 carnibus
2412 4142 2591 4207 dein-
2684 4168 2693 4177 ·

391 4264 538 4326 ceps
581 4245 908 4310 moderate
945 4267 1226 4324 vescens,
1255 4266 1594 4331 nunquam
1636 4246 1935 4330 deinceps
1972 4247 2198 4311 fletum
2227 4245 2402 4310 hunc
2438 4266 2589 4309 con-

391 4346 707 4413 vulsivum
737 4371 964 4433 passus
995 4356 1114 4413 est.

491 4448 654 4534 [90.]
711 4452 806 4516 Ut
836 4451 1100 4516 tandem
1129 4451 1386 4515 finiam:
1426 4452 1700 4534 (caetera
1728 4450 1901 4515 enim
1932 4470 2095 4534 quae
2122 4450 2192 4513 in
2214 4450 2337 4513 hoe
2366 4448 2591 4514 morbo
