3138 5006
668 275 805 339 464
1288 267 1682 336 THOMAE
1729 267 2246 334 SYDENHAM

400 453 483 504 D·
508 454 623 504 111-
672 433 949 498 Divinus
990 431 1101 496 ille
1148 429 1379 510 Senex,
1419 449 1555 494 non
1605 435 1828 493 autem
1871 428 2238 511 generalem
2285 428 2568 494 fabricae
2609 425 2890 490 humani

420 533 611 568 »noea
672 535 954 618 eorporis
982 533 1287 598 notitiam
1314 551 1573 616 carpere
1603 551 1679 594 ac
1707 529 2030 612 sugillare.
2487 597 2494 605 ,

772 636 937 722 [22.]
992 637 1081 700 Et
1118 636 1409 719 profecto
1444 635 1656 698 virum
1693 639 1956 698 tantum
1994 639 2262 718 tamque
2299 633 2664 717 sapientem
2703 631 2896 695 nullo

672 739 868 804 modo
904 738 1120 822 potuit
1156 738 1379 814 latere,
1408 737 1766 800 humanam
1803 756 2064 800 omnem
2103 735 2672 820 investigationem
2709 735 2894 798 ultra

368 860 563 922 Majon
585 858 647 906 li·
674 841 1041 926 generalem
1092 837 1409 923 ejusmodi
1462 838 1766 902 notitiam
1823 838 2192 921 pertingere
2239 859 2378 902 non
2433 859 2660 921 posse:
2737 837 2890 900 licet

367 933 651 1052 &tanmem
676 945 855 1009 enim
894 942 1191 1026 diligenti
1234 943 1307 1006 in
1346 940 1636 1006 secandis
1673 939 2088 1004 cadaveribus
2125 941 2544 1024 inquisitione
2589 960 2668 1004 sc
2707 960 2890 1004 scru-

366 1052 519 1101 exile·
540 1059 615 1098 t·-
674 1047 843 1112 tinio
890 1047 1139 1129 majora
1182 1066 1429 1128 organa
1476 1044 1710 1128 quibus
1752 1043 2012 1108 Natura
2057 1044 2130 1108 in
2177 1043 2561 1128 peragendis
2607 1043 2888 1126 operati-

366 1129 637 1228 ἒῗοξζῗζζ
676 1146 911 1211 onibus
970 1146 1103 1210 suis
1150 1145 1365 1210 utitur
1412 1145 1483 1210 in
1526 1153 1944 1229 conspectum
1993 1147 2279 1225 veniant,
2329 1165 2608 1230 vasaque
2653 1145 2890 1209 itidem

366 1243 595 1356 3253}
676 1248 995 1314 nonnulla
1024 1269 1139 1332 per
1168 1269 1331 1330 quae
1360 1248 1535 1312 succi
1564 1247 1646 1312 ab
1675 1247 1777 1312 his
1807 1248 1890 1312 ad
1917 1248 2060 1312 illas
2089 1249 2375 1333 corporis
2413 1255 2634 1332 partes
2671 1255 2888 1311 trans-

368 1371 629 1420 microoco-
676 1353 1070 1431 mittuntur-3
1118 1371 1281 1435 quae
1318 1357 1542 1416 tamen
1579 1351 1778 1436 hujus
1813 1357 2032 1415 motus
2076 1353 2160 1416 sit
2198 1353 2378 1434 origo
2417 1358 2485 1415 et
2519 1371 2724 1414 eausa
2760 1351 2886 1434 pri-

369 1433 635 1546 ξὶἕὲζιξῖἰ·
676 1455 903 1532 maria,
948 1453 1119 1518 oculi
1162 1453 1391 1518 dooere
1431 1459 1788 1536 nequeunt,
1825 1472 2039 1536 neque
2079 1453 2572 1536 microscopium
2617 1453 2888 1536 quodvis

372 1563 617 1641 elqborato
677 1557 777 1620 vel
828 1555 1322 1640 exquisitissime
1372 1555 1774 1619 elaboratum
1819 1555 2012 1619 exiles
2055 1556 2213 1619 istos
2263 1562 2519 1620 meatus
2563 1577 2686 1640 per
2729 1577 2888 1640 quos

370 1627 611 1752 ssuztprnt
678 1657 905 1742 chylus
940 1657 1239 1740 (exempli
1276 1657 1527 1740 gratia,)
1562 1677 1644 1720 ex
1680 1657 2007 1720 intestinis
2040 1657 2113 1720 in
2145 1678 2293 1720 vasa
2331 1657 2646 1741 chylifera
2675 1665 2888 1722 trans-

372 1769 589 1818 Pfflflffl·
679 1760 947 1837 coletur,
978 1759 1079 1822 vel
1106 1779 1222 1841 per
1252 1779 1413 1841 quos
1452 1759 1686 1822 ductus
1721 1759 1982 1841 sanguis
2008 1779 2124 1842 per
2157 1758 2423 1822 arterias
2459 1759 2790 1823 derivatus
2815 1759 2886 1822 in

679 1881 993 1925 venarum
1034 1861 1255 1924 oscula
1303 1859 1709 1924 reducendus
1759 1863 2259 1940 transmittatur,
2303 1869 2518 1946 potest
2562 1864 2887 1948 detegere.

684 1964 996 2030 Quinimo
1032 1971 1185 2029 sunt
1216 1970 1282 2028 et
1312 1965 1421 2028 alii
1452 1964 1624 2028 ferre
1657 1963 2003 2044 innumeri,
2034 1965 2208 2049 iique
2239 1964 2448 2048 magis
2489 1966 2706 2030 adhuc
2735 1968 2890 2030 affa-

679 2065 797 2131 bre
826 2065 1217 2144 concinnati,
1246 2073 1499 2130 meatus
1534 2086 1610 2129 ac
1637 2065 1778 2149 pori
1811 2067 1884 2130 in
1915 2067 2039 2131 hac
2067 2067 2363 2132 miranda
2394 2068 2680 2132 hominis
2715 2089 2892 2132 com-

682 2189 867 2252 page,
911 2189 1069 2250 quos
1111 2187 1305 2232 nemo
1347 2167 1688 2232 hominum
1731 2189 1817 2231 ne
1859 2189 1976 2252 per
2013 2169 2336 2234 somnium
2382 2169 2648 2252 quidem
2689 2169 2892 2246 vidit3

378 2277 605 2342 cognitio
682 2289 831 2332 cum
866 2269 1047 2332 rudis
1082 2277 1147 2334 et
1176 2269 1439 2334 indocta
1472 2270 1580 2352 (sit
1608 2270 1802 2334 verbo
1830 2271 2062 2354 venia‚)
2097 2271 2381 2354 cognitio
2418 2277 2644 2336 nostra
2679 2271 2756 2334 in
2789 2292 2894 2335 re-

376 2351 541 2455 23⁸8?
555 2341 633 2453 ⁸⁸:¹-
682 2393 831 2436 rum
874 2373 1110 2436 cortice
1154 2373 1365 2437 omnis
1406 2373 1610 2437 ferme
1645 2380 1954 2453 versetur,
1997 2394 2071 2438 ac
2123 2372 2206 2438 ad
2255 2371 2330 2437 τὸ
2373 2371 2473 2439 ὅτι
2515 2373 2668 2456 (sive
2715 2373 2896 2456 quod

374 2467 661 2583 :grath-0¹¹
682 2493 786 2537 res
813 2473 939 2539 hoc
965 2473 1158 2538 modo
1187 2495 1257 2539 se
1284 2473 1564 2558 habeat,)
1601 2473 1734 2539 fere
1762 2482 2023 2540 tantum
2053 2495 2412 2559 assurgens,
2435 2471 2509 2540 τό
2537 2471 2700 2540 διότι
2735 2475 2894 2557 (sive

378 2598 661 2675 nullntenun
682 2598 903 2641 rerum
932 2578 1201 2661 causas,)
1234 2580 1609 2643 nullatenus
1637 2578 1940 2663 attingat.
2003 2574 2175 2643 Utut
2205 2601 2274 2643 se
2301 2602 2404 2643 res
2431 2578 2687 2655 habeat,
2711 2577 2898 2641 haud

378 2669 599 2725 “¹²³⁸“
686 2679 929 2743 difficili
976 2680 1469 2763 investigatione
1524 2680 1687 2744 scire
1737 2702 2074 2765 possumus
2127 2687 2444 2764 quantum
2493 2679 2680 2743 nobis
2735 2678 2896 2741 diri-

380 2742 597 2855 ξιξιὲιῖἲ
686 2784 915 2867 gendis
973 2784 1187 2867 (prout
1230 2783 1357 2847 fert
1398 2782 1493 2847 rei
1542 2785 1821 2865 natura,)
1879 2784 2112 2848 sufficit
2153 2785 2226 2847 in
2277 2804 2500 2847 eorum
2549 2781 2896 2845 curatione

382 2876 515 2982 ‘unffi‘
528 2870 663 2982 0⁶:02⁶
686 2885 1059 2949 morborum
1112 2884 1223 2969 qui
1272 2884 1648 2967 hujusmodi
1692 2886 1989 2968 peritiam
2043 2886 2238 2971 (quod
2287 2906 2482 2967 supra
2529 2882 2708 2964 dixi,)
2767 2882 2897 2945 sibi

380 2950 480 3047 guti
488 3013 611 3055 mun,
687 2988 1070 3066 vendicant,
1116 2988 1393 3051 maxime
1428 3008 1578 3051 vero
1619 2996 1936 3071 quantum
1969 3010 2089 3053 nos
2127 2989 2416 3072 impellat
2450 2986 2534 3050 ad
2571 2986 2898 3051 Divinum

380 3062 643 3173 {ffpfiffift
688 3092 1085 3155 Annrlenu
1126 3112 1377 3155 summa
1421 3091 1624 3154 animi
1667 3092 2049 3156 demissione
2087 3092 2507 3168 adorandum,
2545 3088 2704 3152 dum
2749 3096 2898 3152 stu-

380 3190 633 3300 ”fficssf
686 3192 975 3275 pendum
1018 3192 1179 3275 Ejus
1224 3192 1565 3257 artificium
1613 3194 2124 3278 contemplamur
2163 3195 2236 3259 in
2278 3195 2358 3258 iis
2401 3214 2674 3277 quorum
2717 3192 2902 3256 ratio

380 3268 617 3379 :uspicia-
687 3293 875 3357 nobis
902 3293 1269 3373 innotescit,
1298 3303 1444 3358 tum
1472 3295 1636 3359 illud
1663 3296 1858 3380 longe
1886 3296 2490 3362 excellentissimum
2515 3296 2588 3359 in
2617 3295 2900 3359 caeteris

383 3380 659 3491 ξ’ζῶζῗᾱ·
688 3396 771 3460 ad
800 3418 965 3481 quae
992 3417 1251 3481 prorsus
1280 3398 1698 3463 caecutimus.

770 3498 951 3582 ·[23.]
1005 3498 1093 3562 Et
1138 3497 1329 3562 sicuti
1372 3496 1801 3583 Hippocrates
1845 3521 1953 3565 eos
1994 3499 2426 3585 reprehendit,
2459 3498 2569 3582 qui
2611 3496 2766 3562 huic
2821 3498 2902 3561 in

687 3597 989 3663 humanis
1028 3599 1399 3683 corporibus
1442 3602 1846 3683 speculandis
1881 3602 2239 3667 curiositati
2282 3608 2348 3665 et
2383 3600 2712 3687 περιεργίᾳ
2742 3600 2904 3683 plus

690 3700 853 3765 dant
883 3723 1076 3785 quam
1112 3702 1662 3767 observationibus
1697 3704 2013 3788 practicis,
2047 3725 2122 3768 ac
2147 3704 2416 3788 proinde
2457 3724 2651 3787 quam
2687 3702 2904 3785 ipsius

691 3803 986 3867 Naturae
1017 3803 1295 3887 judici03
1358 3804 1453 3867 ita
1484 3806 1625 3888 pari
1656 3806 1804 3888 jure
1841 3804 2126 3889 prudens
2159 3805 2256 3869 vir
2295 3804 2612 3888 quispiam
2648 3804 2724 3866 in
2765 3803 2906 3867 hoc

692 3912 917 3969 nostro
946 3906 1200 3970 saeculo
1230 3926 1337 3971 eos
1366 3906 1624 3989 culpare
1645 3908 1863 3990 possit,
1889 3906 2001 3991 qui
2029 3907 2401 3971 existimant
2421 3908 2652 3971 Artem
2673 3905 2904 3969 Medi·

386 4024 625 4088 ehymiae
694 4026 837 4069 cam
874 4006 1057 4069 nulla
1089 4026 1159 4069 re
1199 4006 1325 4071 alia
1352 4008 1557 4091 magis
1585 4010 1940 4091 promoveri
1967 4030 2152 4093 posse
2191 4029 2385 4091 quam
2415 4007 2595 4071 novis
2625 4006 2904 4090 Chymi-

384 4088 659 4200 ssgfuffig,
694 4126 917 4171 corum
974 4107 1277 4171 inventis.
1366 4108 1757 4192 Quanquam
1823 4110 1999 4173 enim
2055 4110 2298 4193 ingrati
2361 4129 2622 4192 prorsus
2687 4106 2908 4171 animi

384 4220 437 4263 *ι
456 4217 585 4325 ints!
623 4279 634 4291 ,
694 4217 881 4289 esset,
921 4231 1058 4275 non
1099 4211 1379 4276 libenter
1420 4232 1764 4296 agnoscere
1807 4213 1877 4275 id
1919 4212 2339 4277 emolumenti
2375 4210 2550 4295 quod
2579 4209 2906 4293 Chymiae

386 4293 661 4390 ffiffiossff'
695 4320 1031 4395 acceptum
1082 4312 1408 4393 debemus,
1460 4336 1536 4379 eo
1598 4314 1768 4399 quod
1819 4314 2007 4379 utilia
2055 4314 2371 4378 nonnulla
2419 4312 2907 4377 medicamenta

388 4406 553 4453 “¹²⁶⁸-
694 4419 762 4477 et
811 4412 1311 4479 indicationibus
1362 4416 1826 4481 satisfaciendis
1871 4436 2182 4498 perquam
2233 4412 2646 4478 accommoda
2695 4412 2908 4496 (inter
