3138 5006
508 290 626 349 648

507 442 768 493 ascrIbitur
797 443 1096 494 diuturnitas
1113 442 1398 493 morborum
1417 458 1672 509 perversae

507 522 654 557 curae
675 510 851 569 debita,
867 512 960 567 54,
995 524 1236 573 quaenam
1255 508 1433 557 habeat
1455 516 1672 573 sympto-

491 580 656 632 ·mata,
679 574 804 631 607,
847 575 1142 638 quibusnam
1172 580 1386 631 curetur,
1407 574 1523 633 607,
1543 576 1669 630 608,

508 638 772 703 aliquando
805 640 951 687 febris
977 645 1239 701 quartanae
1271 644 1550 701 symptoma
1582 645 1669 696 est,

493 701 586 754 74.
656 706 902 753 Scor-baim
943 706 1022 752 aba·
1064 706 1246 760 desinit,
1281 705 1350 751 ibi
1385 706 1549 765 incipit
1582 706 1669 767 hy-

506 770 658 880 dae-egr,
673 769 890 832 vulgaris
909 768 1094 831 regula,
1109 766 1354 831 quomodo
1376 766 1670 830 accipianda,

574 896 886 945 Scrobiculus
915 896 1074 946 cordis
1105 895 1160 944 in
1191 892 1387 944 variolis
1421 894 1552 943 dolet
1572 894 1672 943 fere

500 975 716 1024 semper,
741 964 848 1011 120.

573 1025 730 1074 Scroti
767 1024 1086 1074 inflammatio
1118 1030 1168 1073 et
1199 1028 1366 1073 tumor
1400 1022 1451 1071 in
1489 1038 1669 1087 gonor-

505 1088 654 1138 rhoea
682 1090 826 1139 virul.
857 1090 988 1137 unde
1021 1090 1218 1148 oriam,
1239 1091 1353 1149 311,
1375 1089 1500 1146 316,
1545 1104 1668 1153 quo-

506 1154 654 1203 modo
675 1162 888 1212 curetur,
913 1156 1021 1204 ³18.

575 1219 784 1267 Secretio
807 1234 896 1283 per
913 1220 1086 1275 faeces,
1109 1224 1160 1266 et
1180 1232 1270 1282 per
1285 1216 1446 1275 flores,
1467 1218 1548 1275 62,
1572 1218 1650 1266 69.

572 1286 858 1332 θωπείαν-ἔα
871 1284 1003 1331 dicta
1021 1282 1184 1341 febris,
1199 1282 1278 1330 vel
1301 1288 1350 1330 et
1363 1286 1575 1343 putrida,
1592 1282 1670 1330 vel

504 1352 842 1405 narrationis,
876 1346 1072 1396 variolis
1126 1346 1266 1395 confi.
1311 1347 1669 1409 superveniens,

513 1412 622 1471 141,
659 1414 771 1468 333,
808 1415 932 1467 354,
989 1410 1232 1474 quomodo
1267 1409 1520 1467 excitetur,
1555 1412 1668 1468 335,

507 1478 620 1535 354,
640 1478 738 1525 513
755 1492 853 1540 sq.;
887 1477 940 1523 in
961 1476 1144 1524 mitiori
1165 1490 1188 1522 s
1281 1474 1324 1522 ‘e
1347 1474 1425 1523 die
1462 1476 1598 1533 11³⁰,
1618 1476 1671 1523 in

506 1542 738 1589 mediocri
772 1556 948 1605 genere
990 1540 1188 1599 14t0,in
1221 1540 1373 1603 pejori
1414 1538 1534 1591 17⁸⁰
1567 1540 1671 1587 fieri

487 1605 645 1663 molet,
669 1608 782 1662 333,
801 1608 914 1662 514,
938 1605 1062 1661 565,
1098 1619 1194 1668 quo
1213 1604 1410 1667 parcius
1443 1604 1670 1665 sanguini

504 1685 600 1733 pus
623 1671 959 1728 admisceatur,
979 1685 1038 1718 eo
1051 1670 1220 1725 levior,
1236 1669 1360 1725 336,
1382 1668 1669 1727 remedium,

573 1800 724 1848 Senes
753 1806 803 1849 et
835 1804 1140 1848 senescentes
1171 1797 1356 1845 febrem
1379 1803 1670 1859 quartanam

505 1862 704 1912 difficile
733 1865 910 1921 ferunt,
937 1864 1030 1921 74,
1071 1863 1190 1910 item
1221 1862 1669 1909 venae-sectionem

507 1927 560 1975 in
592 1928 822 1985 febribus,
846 1930 925 1985 41,
948 1930 1040 1983 42,
1081 1940 1222 1975 senes
1253 1924 1306 1975 in
1338 1926 1554 1973 febribus
1586 1926 1667 1974 in-

505 1995 722 2051 termitt„
745 1992 1022 2042 catharticis
1043 1990 1299 2068 debilitati,
1319 2004 1462 2053 saepe
1480 1991 1532 2039 in
1553 2005 1669 2053 par·-

503 2072 696 2170 3.εῆ
709 2071 1120 2197 „exurgere
1147 2056 1306 2183 ,ἐξῇ
1327 2056 1667 2195 §3¹²3ssss

503 2200 584 2234 res
605 2186 817 2243 obnoxii,
831 2188 953 2243 429,
985 2200 1040 2234 ln
1243 2200 1287 2240 a,
1305 2199 1408 2231 ame
1422 2185 1670 2243 exercitio,

503 2266 760 2313 nunquam
781 2251 1002 2300 levamen
1025 2250 1258 2305 obtinent,
1282 2250 1395 2297 444.

572 2316 746 2364 Serum
789 2315 932 2365 lactis
967 2315 1022 2363 iu
1062 2312 1353 2377 dysenteria,
1395 2311 1504 2370 175,
1539 2311 1666 2370 576,

503 2378 556 2427 in
577 2380 710 2428 febre
727 2379 979 2436 variolosa,
1002 2378 1254 2426 diarrhoea
1286 2382 1505 2433 vexante,
1542 2378 1635 2429 157
1652 2396 1665 2435 ,

505 2444 556 2491 in
574 2444 938 2501 rheumatismo,
953 2446 1072 2499 300,
1097 2444 1148 2489 in
1169 2442 1354 2489 morbis
1371 2442 1667 2505 quibusdam

503 2509 910 2557 venae-sectionis
929 2508 1037 2556 loco
1059 2507 1288 2557 substitui
1423 2513 1487 2564 et,
1511 2509 1622 2556 300.

569 2577 793 2631 Shmker,
813 2572 1127 2621 ulcusculum
1157 2572 1206 2620 in
1240 2585 1306 2634 pu
1341 2571 1480 2620 endis
1501 2587 1562 2620 ex
1584 2570 1667 2620 lue

501 2651 724 2696 venerea,
743 2637 794 2686 in
813 2637 1106 2701 quibusnam
1127 2635 1395 2700 contingat,
1411 2641 1462 2684 et
1481 2635 1533 2684 iu
1555 2635 1667 2700 qui-

501 2702 710 2751 busnam
731 2719 846 2760 non,
873 2703 982 2760 309,
1006 2703 1117 2750 310.

570 2768 774 2816 Siccitas
811 2773 860 2815 et
893 2767 1099 2824 sudatio,
1129 2765 1182 2812 in
1215 2763 1449 2823 febribus,
1479 2764 1666 2828 speeies

501 2834 760 2897 praecipue
799 2832 1122 2894 distinguunt,
1151 2831 1274 2886 236,
1328 2828 1520 2877 siccitas
1553 2843 1662 2892 par-

503 2898 630 2946 tium
652 2904 964 2946 externarum
985 2895 1036 2943 in
1062 2895 1192 2944 febre
1225 2895 1404 2943 contin.
1429 2893 1546 2941 anni
1567 2895 1662 2951 ⁹61,

505 2964 600 3020 39,
652 2963 842 3010 siccitas
871 2959 1171 3009 validissima
1200 2973 1328 3008 anno
1359 2960 1435 3006 ’81
1474 2973 1586 3006 vere
1617 2965 1669 3006 et

501 3033 683 3075 aestate
703 3025 924 3084 invaluit,
943 3025 1066 3081 332,
1090 3031 1139 3073 et
1157 3023 1366 3071 variolas
1381 3023 1526 3070 istius
1547 3037 1663 3071 cou-

501 3091 600 3140 stit.
626 3091 862 3140 acutiores
882 3090 1104 3146 reddidit,
1129 3090 1241 3144 332,
1264 3088 1379 3136 333.

566 3159 800 3204 Sideratio
830 3155 1028 3203 rusticis
1059 3153 1238 3202 dicitur
1268 3151 1416 3200 febris
1447 3151 1663 3215 erysipe-

501 3219 672 3275 latosa,
695 3219 807 3269 262.

568 3282 1054 3347 simplicissimorum
1067 3283 1529 3332 medicamentorum
1539 3277 1664 3338 laus,

566 3409 814 3523 {ingultui
848 3407 1092 3472 quomodo
1125 3407 1438 3467 medendum,
1473 3409 1552 3468 60,
1582 3411 1665 3468 61,

566 3540 682 3588 Sitis
713 3539 906 3586 intensa
941 3537 992 3585 in
1027 3535 1324 3600 hydropicis,
1353 3536 1500 3597 unde,
1535 3539 1661 3596 456,

499 3603 744 3669 quomodo
763 3602 992 3661 fallenda,
1015 3601 1128 3652 472.

563 3667 894 3717 Somnolentia
914 3666 1125 3715 vai-iolas
1144 3665 1353 3728 regular.
1379 3665 1527 3715 discr.
1545 3682 1659 3730 pro-

499 3735 686 3784 diturus
705 3732 990 3797 praecedere
1011 3731 1152 3788 solet,
1175 3731 1286 3779 120.

565 3799 776 3848 Somnus
787 3797 840 3845 in
855 3796 1128 3861 podagricis
1146 3795 1432 3844 conciliatur
1441 3795 1663 3844 vectione

495 3866 548 3914 in
570 3879 732 3922 curru,
755 3865 865 3911 444.

563 3929 904 3994 sophistarum
943 3923 1252 3989 reprehensio
1297 3923 1659 3988 Hippocratica,

563 4056 758 4122 Spasmi
810 4055 1070 4120 epilepsiae
1185 4053 1396 4102 rsimiles
1447 4068 1509 4101 ex
1561 4053 1656 4117 hy-

494 4123 672 4174 sterica
693 4121 864 4236 atll'ect„
887 4123 1012 4178 365,
1047 4135 1109 4168 ex
1149 4119 1400 4168 ochiorum
1429 4133 1659 4183 suppres-

495 4189 628 4236 sione
667 4188 730 4236 39
766 4221 780 4236 .

563 4222 760 4314 Sp'ecies
795 4250 1074 4298 morborum
1109 4247 1256 4308 unde,
1294 4247 1384 4306 16,
1431 4248 1552 4312 quid
1578 4263 1660 4296 eas

493 4317 762 4366 constituat
780 4315 1080 4378 ignoramus,
1105 4315 1182 4362 99.

562 4381 798 4444 specifica
829 4379 1061 4443 pleraque
1097 4377 1208 4426 dolo
1239 4377 1374 4425 malo
1411 4376 1661 4436 celebrari,

494 4447 620 4500 449,
661 4459 821 4508 neque
856 4445 909 4491 in
947 4442 1106 4492 acutis
1141 4457 1300 4504 neque
1333 4443 1384 4489 in
1418 4441 1659 4491 chronicis

493 4509 748 4568 habemus,
789 4507 916 4564 471,
971 4523 1128 4571 neque
1171 4506 1224 4554 in
1276 4507 1658 4567 contusionibus,

1393 286 1669 349 JNnEx
1710 286 2018 349 RERUM.

1754 442 1881 497 440,
1914 442 1967 490 in
1988 440 2175 493 morbis
2206 442 2383 503 acutis,
2412 448 2465 493 et
2494 442 2741 495 chronicis
2762 444 2939 508 requi-³

1752 509 2052 566 tumui-,183
2088 508 2786 573 adpodagnmiguotmm3
2822 524 2935 573 spe-

1756 570 1953 621 cificum
1992 573 2047 621 in
2090 574 2307 621 febribus
2350 574 2601 623 intermitt.
2644 582 2725 623 est
2761 583 2937 623 cortex

1756 636 1952 695 Peruv„
1990 638 2117 695 453,
2170 638 2222 685 in
2254 637 2337 686 lue
2366 654 2571 687 vaerea
2610 647 2763 695 esset,
2798 640 2935 703 quad

1754 700 1863 748 sine
1876 703 2191 751 evacuatione
2212 717 2320 751 eam
2342 710 2548 761 curaret,
2570 706 2687 753 312.
2712 702 2811 766 [ἄ.
2824 706 2935 753 Μι-

1752 764 2055 829 dicas-enta]

1821 830 2247 892 speculationibus
2263 830 2413 879 nimis
2428 830 2736 880 addictorum
2760 831 2932 881 Medu-

1752 906 1923 942 oorum
1970 909 2177 943 censura
2214 910 2310 944 non
2354 896 2521 944 minus
2568 897 2733 960 rigida
2776 912 2931 961 quam

1746 958 2004 1021 Judiciosa,
2028 960 2143 1017 362,
2168 960 2283 1017 363,
2306 961 2419 1017 465,
2442 961 2555 1009 466.

1818 1022 2118 1085 Spermaceti
2168 1025 2223 1072 in
2270 1025 2639 1074 connisionibua
2694 1039 2801 1074 non
2853 1032 2933 1075 eat

1752 1086 2051 1150 specificam,
2074 1090 2189 1138 449.

1818 1152 1999 1215 spinae
2010 1153 2231 1201 cervinae
2253 1168 2465 1217 syropus
2484 1152 2537 1203 in
2555 1154 2799 1217 hydrope,
2812 1156 2929 1204 459.

1820 1216 2031 1279 Spiritus
2050 1217 2155 1265 vini
2174 1224 2233 1265 ut
2252 1218 2303 1266 in
2324 1218 2571 1281 chirurgia
2586 1227 2787 1267 tantum
2810 1221 2925 1269 usui

1749 1280 1955 1338 veniret,
1990 1282 2261 1345 optandum
2288 1290 2433 1341 esset,
2458 1285 2583 1339 255,
2628 1284 2683 1330 iu
2718 1285 2923 1333 arabus-

1750 1344 1830 1403 tis,
1857 1347 1972 1402 255,
1994 1346 2119 1403 601,
2154 1361 2409 1410 nunqnam
2438 1346 2493 1394 in
2520 1348 2731 1395 assuetis
2758 1350 2925 1397 subito

1750 1422 1809 1457 ac
1830 1410 2089 1474 derepente
2114 1418 2189 1459 est
2216 1411 2591 1469 interdicendas,
2614 1415 2743 1469 255,
2776 1422 2925 1462 usur-

1748 1472 1883 1522 latus
1902 1474 1957 1523 in
1977 1476 2102 1523 tussi
2122 1476 2241 1523 anni
2270 1478 2351 1528 ’75
2374 1482 2529 1533 uocet,
2556 1479 2683 1533 228,
2718 1478 2923 1540 spiritus

1749 1537 1971 1587 volatiles
1992 1554 2161 1587 omnes
2180 1540 2289 1588 ideo
2311 1541 2510 1599 foetent,
2532 1542 2651 1604 quia
2670 1550 2922 1591 creaturae

1750 1600 1897 1665 ignis,
1926 1604 2051 1661 392,
2100 1612 2149 1652 et
2182 1605 2379 1653 easdem
2414 1606 2665 1668 possident
2696 1606 2919 1664 virtutes,

1750 1680 1811 1714 ex
1834 1682 2127 1731 quacunque
2156 1669 2307 1717 etiam
2336 1670 2625 1717 animalium
2646 1680 2783 1733 parte
2804 1686 2917 1733 pro-

1751 1731 2007 1790 cudantur,
2031 1734 2156 1791 392,
2190 1734 2411 1782 excitans
2432 1734 2486 1781 in
2507 1735 2779 1798 apoplexia,
2802 1736 2917 1787 570.

1817 1796 2091 1860 spirituum
2130 1798 2275 1861 copia
2308 1798 2589 1847 destituitur
2628 1801 2834 1863 sanguia
2864 1802 2917 1849 in

1750 1861 1965 1918 senibus,
2003 1877 2061 1909 ac
2094 1862 2147 1909 in
2172 1862 2441 1926 juvenibus
2482 1862 2717 1911 diuturno
2748 1866 2919 1913 morbo

1750 1925 2001 1983 confectis,
2052 1928 2137 1985 41,
2187 1929 2281 1982 42,
2346 1927 2569 1975 debilitas
2617 1929 2915 1991 hystericam

1749 1989 1901 2039 effect.
1946 2004 2165 2046 causans,
2208 1990 2472 2055 aliquando
2502 1992 2782 2042 adventitia
2828 2002 2916 2051 est,

1748 2055 1874 2110 400,
1908 2053 2017 2102 fons
2040 2064 2091 2103 et
2110 2055 2243 2118 origo
2262 2056 2479 2120 sanguis,
2496 2058 2623 2115 378,
2656 2058 2915 2107 subiden-

1748 2117 1819 2166 tia
1836 2118 1891 2165 in
1912 2118 2185 2181 hystericis,
2208 2121 2323 2169 368.

1813 2182 2063 2245 Sporadici
2082 2184 2254 2232 morbi.
2282 2182 2352 2247 [v.
2376 2185 2785 2250 laterem-eam]

1812 2247 2027 2311 Sputum
2062 2248 2115 2296 in
2154 2248 2415 2311 pleuritide
2450 2250 2716 2307 essentiali,
2752 2252 2915 2314 quale,

1744 2312 1858 2371 245,
1885 2313 2008 2369 554,
2064 2314 2389 2375 sanguineum
2422 2314 2474 2361 in
2512 2314 2712 2363 variolia
2750 2318 2915 2375 confi..

1750 2377 1858 2433 128,
1885 2376 1994 2433 129,
2020 2377 2130 2434 147,
2165 2380 2291 2434 509,
2324 2378 2523 2427 variolis
2552 2383 2915 2443 superveniens,

1747 2441 1843 2489 519
1867 2456 1972 2505 sq.;
2008 2442 2251 2505 quomodo
2282 2443 2571 2500 curandum,
2594 2446 2721 2503 519,
2754 2446 2917 2495 diaeta

1746 2519 1803 2553 eo
1824 2506 2157 2555 laborantibus
2178 2508 2451 2571 aptissima,
2477 2511 2587 2558 524.

1814 2570 2059 2632 Squamae
2110 2571 2163 2620 in
2204 2573 2337 2621 febre
2387 2573 2649 2622 scarlatina
2694 2575 2915 2626 furfura-

1746 2648 1876 2690 ceae,
1900 2637 2025 2692 243,
2058 2635 2113 2683 in
2134 2637 2343 2695 variolis,
2371 2638 2481 2694 122,
2510 2640 2615 2688 124.

1812 2699 2185 2749 Srartonania
2206 2701 2339 2764 (Da)
2362 2702 2545 2750 Fusus
2568 2717 2639 2752 aa
2660 2717 2811 2754 anno
2830 2707 2911 2754 ’85

1748 2776 1818 2811 an
1842 2765 1938 2821 ⁹90,
1962 2767 2237 2815 550-552.
2262 2767 2325 2814 cf.
2346 2768 2621 2818 486-513.

1813 2829 2133 2878 stationariae
2161 2830 2319 2878 febres
2352 2846 2493 2893 quae,
2526 2835 2610 2889 30,
2639 2832 2757 2890 476,
2782 2833 2910 2891 478,

1744 2893 1876 2940 unde
1908 2895 2167 2956 pendeant,
2194 2895 2306 2954 179,
2334 2897 2441 2952 180,
2466 2898 2578 2954 239,
2614 2899 2741 2953 240,
2788 2913 2907 2959 quo-

1744 2957 1891 3006 modo
1912 2959 1973 3006 ab
1994 2959 2429 3008 intercurrentibus
2444 2961 2651 3023 epidem.
2670 2961 2908 3019 difies-am,

1746 3023 1870 3079 240,
1936 3029 2101 3071 tamen
2143 3039 2257 3072 cum
2291 3023 2727 3074 intercurrentibus
2766 3041 2909 3090 saepe

1744 3085 1905 3147 quoad
1948 3102 2123 3136 causas
2164 3095 2393 3137 externas
2422 3093 2735 3148 conveniunt,
2780 3093 2910 3147 240,

1743 3159 2071 3226 symptomata
2105 3152 2286 3202 habent
2318 3153 2583 3202 intensiora
2616 3155 2697 3204 vel
2736 3157 2909 3206 remia-

1744 3227 1885 3272 siora‚
1908 3230 1999 3279 pro
2024 3216 2171 3265 modo
2200 3228 2299 3280 qno
2322 3233 2375 3265 se
2392 3219 2529 3267 varia
2548 3219 2905 3269 constitutionis

2316 3283 2514 3341 uiuent,
2532 3284 2757 3341 habeant,
2784 3287 2871 3334 181
2894 3306 2908 3341 ς

2278 3363 2401 3410 gum
2420 3349 2781 3406 existimentur,
2794 3349 2909 3398 licet

1744 3409 1941 3457 eaedem
1963 3410 2077 3469 sint,
2100 3413 2220 3468 180,
2255 3412 2451 3460 station.
2473 3412 2631 3460 febres
2646 3422 2765 3462 sunt
2780 3429 2907 3462 moi·-

1742 3471 1795 3520 bi
1824 3473 2043 3537 plerique
2070 3489 2254 3533 omnes,
2278 3476 2365 3538 qui
2395 3492 2426 3524 a
2452 3491 2563 3540 pag.
2600 3477 2662 3528 37
2696 3479 2761 3526 ad
2792 3479 2907 3538 234,

1741 3537 1941 3586 fuerimt
1961 3539 2200 3603 descripti,
2224 3541 2349 3597 239,
2372 3541 2565 3589 station.
2590 3542 2739 3590 febris
2754 3559 2905 3606 quw

1742 3600 1879 3660 libet,
1902 3602 1945 3650 si
1962 3603 2097 3651 Julio
2117 3603 2429 3667 potissimum
2450 3606 2645 3664 saeviat,
2668 3615 2905 3656 autumno

1742 3666 2042 3726 adveniente,
2080 3683 2259 3730 magum
2294 3669 2501 3732 epidem.
2540 3671 2711 3719 cedere
2748 3672 2905 3730 debet,

1748 3732 1868 3788 180,
1902 3732 2051 3780 febris
2072 3747 2199 3781 anuo
2221 3733 2301 3784 ’75
2323 3735 2539 3782 tussibus
2560 3738 2907 3799 superveniens

1744 3803 1979 3873 autumno
2016 3798 2186 3845 eadem
2220 3803 2325 3846 erat
2354 3813 2481 3862 quae
2508 3799 2646 3848 Julio
2678 3803 2797 3850 anui
2826 3802 2907 3854 ’73

1741 3860 2329 3974 ωῗὲιῖῗίὲιῗὲιῇοιῖἱη
2357 3927 2421 3976 ab
2446 3926 2605 3991 hydro

1742 4003 1803 4038 ex
1820 3990 2065 4052 hysterica
2086 3991 2239 4039 aflect-
2260 3991 2507 4050 diuturna,
2530 3995 2593 4044 37
2628 4029 2643 4044 .

1808 4055 2105 4104 sternutatio
2124 4055 2375 4104 morbilloa
2428 4058 2705 4117 raecedens,
2732 4061 2843 4110 184.

1809 4119 2125 4168 stillicidium
2144 4120 2198 4168 in
2220 4135 2397 4183 gonorr
2430 4137 2518 4170 oea
2537 4123 2703 4181 viruL,
2724 4127 2839 4174 310.

1808 4183 2039 4246 Stragula
2068 4185 2122 4232 in
2155 4185 2353 4234 variolis
2372 4201 2435 4235 ne
2456 4188 2668 4236 obruant
2686 4205 2903 4252 aegrum,

1744 4247 1870 4305 139,
1926 4249 2117 4297 modica
2151 4265 2259 4299 esse
2296 4251 2487 4310 debent,
2516 4259 2575 4300 ut
2608 4252 2661 4300 in
2702 4255 2905 4302 saniute

1740 4311 1883 4369 solet,
1916 4313 2041 4368 357,
2089 4313 2131 4360 si
2164 4315 2452 4366 calefaciant
2484 4317 2651 4375 nimis,
2686 4325 2737 4367 et
2766 4321 2903 4367 aufe-

1740 4383 1925 4434 rantur,
1946 4377 2060 4425 inde
2082 4380 2271 4442 eruptio
2292 4395 2435 4444 saepe
2454 4381 2767 4442 acceleratur,
2786 4385 2905 4440 137,

1740 4441 1969 4505 stragulis
2006 4443 2059 4490 in
2096 4443 2335 4492 morbillis
2371 4447 2487 4494 anni
2508 4447 2593 4499 ’74
2624 4463 2723 4496 non
2754 4449 2900 4498 obru-

1738 4507 1851 4555 endi
1874 4514 2013 4556 erant
2030 4507 2261 4568 infantes„
2280 4511 2391 4558 218.

1745 3284 1979 3343 tempora,
2002 3281 2065 3329 ad
2086 3297 2237 3344 quam

1743 3344 1875 3392 unde
1890 3362 2029 3394 nme
2048 3347 2179 3410 apud

2686 3929 2903 3992 tessun,
