3138 5006
500 316 1289 382 OBSERVATIONUM
1336 318 1906 382 MEDICARUM
1954 324 2069 378 III.
2106 332 2158 382 2.
2311 320 2441 383 13⁷

232 476 540 557 praeditis
577 480 869 561 regimen
909 480 1195 558 calidius,
1226 488 1293 544 et
1332 480 1622 544 cardiaca
1659 500 1734 544 eo
1773 480 1990 543 animo
2029 478 2312 542 exhibita
2357 485 2432 542 ut
2457 494 2740 542 Vamomr.

234 583 531 649 Variolas
552 594 704 651 ante
725 588 976 671 justum
996 595 1250 672 tempus
1274 589 1640 667 exturbent,
1664 588 1758 651 ita
1777 608 2006 670 pamm
2029 587 2432 669 eruptionem
2458 560 2738 671 {32¹3ssssss

230 687 616 751 accelerasse
658 696 734 753 ut
777 690 985 753 eidem
1030 712 1066 754 e
1109 699 1335 756 contra
1385 692 1634 756 obicem
1675 698 2009 775 ponerent.
2103 690 2434 772 Sanguine
2459 688 2735 765 sso7-’695

232 787 411 851 enim
439 789 541 852 his
578 790 785 853 modis
825 792 1225 870 excalefacto‚
1257 800 1323 857 et
1360 794 1431 855 in
1476 800 1728 857 motum
1765 790 2204 855 violentiorem
2240 811 2434 872 quam

234 890 347 972 qui
376 892 681 956 materiae
710 893 1079 959 Variolosae
1109 895 1497 978 separationi
1524 894 1648 957 rite
1687 891 2088 975 peragendae
2121 912 2238 973 par
2266 897 2434 954 esset

230 992 575 1071 concitato,
608 1001 784 1057 certa
820 1002 1078 1058 tantum
1109 996 1422 1077 quaedam
1465 995 1674 1059 morbi
1711 994 1948 1057 iudicia
1981 1014 2050 1056 se
2078 992 2432 1075 prodidere,

230 1096 585 1162 latentibus
626 1100 802 1164 intra
844 1102 1047 1165 cutim
1090 1103 1384 1185 pustulis,
1414 1123 1626 1185 neque
1671 1122 1740 1165 se
1781 1100 1955 1164 ultra
1997 1098 2432 1178 efferentibus,

232 1200 724 1285 quibuscunque
783 1203 1043 1267 demum
1094 1203 1398 1268 cardiacis
1450 1203 1959 1278 solicitarentur3
2035 1200 2238 1263 donec
2287 1207 2432 1263 tan-

232 1302 382 1365 dem
412 1304 729 1386 sanguine
758 1306 842 1369 ad
883 1306 1280 1370 moderatam
1310 1305 1720 1387 debitamque
1746 1299 2125 1383 temperiem
2154 1300 2431 1378 redacte,
2460 1313 2508 1361 N
2512 1328 2572 1360 on
2598 1328 2718 1376 opus

235 1405 563 1484 (concessa
601 1406 841 1470 scilicet
884 1408 1185 1471 cerevisia
1226 1408 1525 1486 tenuiori,
1558 1407 1946 1489 demptoque
1988 1404 2226 1487 partim
2271 1412 2430 1467 strae
2455 1384 2543 1505 {22
2557 1386 2714 1488 222⁶*

228 1506 531 1587 gulorum
591 1509 823 1592 quibus
883 1510 1251 1575 torrebatur
1300 1511 1539 1591 onere,)
1604 1508 1878 1593 pustulis
1937 1504 2432 1569 exiturientibus
2456 1506 2585 1618 Ῑᾷῑοξέἓ
2601 1508 2705 1616 ἒξ·

228 1608 641 1673 commodum
703 1612 871 1675 viam
944 1613 1157 1691 stravi,
1219 1620 1411 1695 atque
1485 1632 1751 1694 aegrum
1817 1611 1890 1672 in
1947 1616 2092 1672 tuto
2156 1608 2432 1687 (favente
2457 1636 2656 1682 dicatur.

226 1711 577 1796 Nemus)
628 1716 945 1780 collocavi.
1040 1714 1211 1803 [44]
1259 1716 1491 1799 Neque
1533 1714 1740 1795 magis
1786 1712 1862 1793 (si
1903 1710 2057 1795 quid
2100 1731 2220 1792 ego
2256 1709 2429 1793 judi·
2455 1712 2719 1776 Sanguiniss

2454 1779 2652 1835 mictus,
2676 1786 2724 1825 et

228 1814 438 1879 cando
479 1816 700 1899 valeo,)
746 1818 827 1881 ab
872 1818 997 1882 illis
1038 1826 1169 1882 stat
1211 1819 1395 1896 ratiO,
1428 1818 1539 1901 qui
1585 1836 1850 1898 aegrum
1887 1814 1980 1877 ita
2017 1812 2432 1896 pertinacstssl'
2453 1841 2674 1890 maculae

226 1926 387 1982 ante
421 1918 590 1982 diem
622 1928 922 2003 quartum
960 1921 1127 1985 lecto
1168 1921 1495 1998 addicunt,
1525 1916 1719 1981 modo
1757 1915 2034 1979 cubiculi
2071 1913 2323 1977 ambitu
2362 1934 2430 1976 se
2449 1921 2722 2019 {3323}

226 2019 582 2098 contineat,
620 2042 815 2103 quam
858 2020 940 2085 ab
984 2022 1105 2100 his,
1153 2022 1263 2105 qui
1306 2018 1465 2085 adeo
1508 2026 1915 2103 praemature
1958 2024 2151 2099 atque
2195 2017 2427 2079 intem·
2453 2036 2670 2083 rentibus

224 2122 474 2204 pestive
504 2123 793 2187 cardiaca
820 2124 1150 2208 ingerunt.
1208 2126 1471 2189 Etenim
1500 2124 1834 2208 sanguinis
1862 2122 2115 2199 mictus‚
2145 2122 2430 2185 maculae
2455 2099 2705 2225 {ffissqffiss}

224 2245 607 2307 Purpureae,
646 2232 711 2289 et
744 2227 989 2309 reliqua
1028 2235 1457 2311 symptomata
1499 2226 1778 2305 lethalia,
1816 2226 1918 2308 (de
1965 2224 2196 2307 quibus
2241 2244 2432 2307 supra
2453 2228 2734 2354 :xgegle‘pdi-

230 2324 301 2408 [§
324 2324 515 2411 23.],)
551 2348 627 2389 eo
654 2334 913 2391 tantum
942 2330 1225 2407 nomine,
1255 2330 1632 2412 praesertim
1661 2336 1868 2393 aetate
1897 2328 2292 2405 florentibus,
2325 2349 2428 2389 su·
2453 2356 2632 2405 lectulo

218 2427 631 2510 perveniunt,
664 2429 834 2512 quod
862 2450 1095 2513 nempe
1124 2431 1361 2495 lectulo
1390 2452 1808 2516 praepropere
1837 2430 2031 2493 nimis
2061 2430 2424 2513 affigantur.
2454 2434 2738 2534 ξέἃῐῧξῃῐῗξθ·

218 2531 479 2596 Quarto
505 2553 655 2596 vero
695 2533 799 2597 die
840 2534 1076 2598 lectulo
1114 2557 1379 2619 aegrum
1419 2536 1756 2620 adjudico;
1802 2556 1876 2598 ac
1920 2541 2062 2598 tum
2101 2533 2427 2617 temporis,
2454 2551 2727 2613 affigantur.

218 2632 282 2695 si
334 2632 588 2716 eruptio
638 2655 865 2717 parum
910 2657 1027 2718 pro
1075 2637 1239 2700 votis
1292 2639 1610 2717 succedat,
1654 2645 1828 2701 recte
1881 2636 2166 2700 exhiberi
2216 2642 2429 2719 potest
2455 2627 2732 2739 gadian-

216 2737 589 2800 cardiacum
616 2739 875 2822 aliquod
900 2740 1220 2819 blandius,
1250 2741 1443 2806 unica
1480 2742 1707 2806 saltem
1737 2742 1892 2819 vice,
1927 2761 2053 2824 quo
2089 2739 2429 2822 exigantur
2453 2757 2563 2849 ‘¹2²⁸
2585 2756 2662 2803 die

214 2841 539 2922 pustulae.
588 2841 771 2905 Inter
798 2841 921 2906 ista
943 2864 1105 2926 quae
1132 2843 1261 2907 huc
1278 2845 1524 2909 faciunt
1550 2845 2034 2918 medicamenta,
2054 2842 2428 2922 paream-ica
2453 2823 2712 2946 {ibessixsso-

218 2939 416 3018 dicta,
459 2941 691 3023 (qualia
734 2947 887 3004 sunt
930 2942 1277 3007 laudanum
1320 2945 1656 3028 liquidum,
1700 2943 2143 3019 diascordium,
2175 2943 2322 3024 etc.)
2373 2941 2426 3003 si
2452 2954 2559 3006 test,
2584 2963 2626 3024 131

215 3042 297 3105 in
324 3064 530 3124 pauca
559 3042 917 3126 quantitate
945 3045 1126 3127 aquis
1155 3046 1455 3109 cardiacis
1484 3045 1902 3130 appropriatis
1932 3042 2423 3118 admisceantur,
2449 3028 2568 3124 ἓξὲξ
2571 3020 2678 3140 ‘1223’
2682 3028 2733 3060 a·

217 3145 491 3208 caeteris
519 3146 907 3229 praelucent.
994 3146 1174 3212 Haec
1204 3149 1379 3212 enim
1408 3171 1556 3212 cum
1587 3149 1887 3232 sanguini
1915 3149 2235 3212 aestuanti
2261 3149 2425 3212 frae-
2449 3143 2573 3189 V⁰fi⁸
2597 3158 2684 3190 sue

216 3265 388 3307 num
409 3243 721 3328 injiciant,
744 3247 995 3310 Natura
1014 3249 1349 3313 materiam
1368 3251 1766 3315 morbificam
1788 3251 2209 3336 opportunius
2231 3255 2426 3331 atque
2451 3206 2734 3350 ffffldliqu.

216 3345 487 3410 liberius
510 3347 685 3430 ejicit
708 3355 899 3431 atque
929 3349 1247 3413 amolitur.
1294 3351 1527 3433 Neque
1549 3351 1742 3414 etiam
1765 3351 2163 3414 consulerem
2185 3350 2423 3412 cardia-
2451 3357 2500 3397 et
2521 3351 2625 3399 dia·
2695 3419 2705 3428 ,

216 3469 373 3512 cum
412 3457 566 3513 ante
604 3450 779 3514 hunc
818 3451 989 3515 diem
1032 3453 1388 3535 propinare,
1419 3453 1519 3516 vel
1557 3458 1834 3535 urgente
1871 3453 2200 3516 diarrhoea
2230 3457 2422 3534 atque
2449 3416 2732 3542 ζζῖζάρξὲι]

214 3551 383 3614 illud
422 3551 522 3633 (ut
560 3551 855 3635 videtur,)
889 3553 1235 3618 indicante.
1328 3553 1509 3618 Licet
1546 3556 1720 3618 enim
1757 3555 1954 3638 (quod
1997 3563 2184 3618 antea
2219 3550 2288 3638 [ᾧ
2313 3551 2416 3638 6.]
2445 3546 2679 3594 feruntur.

214 3653 601 3736 innuimus,)
616 3676 1085 3738 nonnunquam
1106 3655 1508 3720 Variolarum
1528 3655 2011 3719 Confluentium
2018 3654 2423 3737 eruptionem
2448 3625 2652 3753 {23:³¹

212 3755 559 3838 praecedat
590 3745 940 3834 diarrhoea,
978 3758 1165 3840 (quae
1194 3757 1401 3821 oritur
1439 3757 1520 3821 ab
1557 3758 1866 3822 halitibus
1893 3756 2420 3834 inflammatoriis,
2449 3755 2697 3830 dffqrrhoea

212 3856 321 3920 vel
368 3857 745 3921 humoribus
790 3879 827 3920 e
870 3879 1081 3921 massa
1124 3861 1457 3942 sanguinis
1498 3882 1615 3943 per
1657 3861 1896 3944 primos
1941 3860 2076 3924 dies
2121 3859 2424 3948 exagitati
2447 3827 2704 3945 ῑοιῗᾷῗῑερῖῗ.

213 3967 415 4042 atque
473 3960 848 4038 aestuantis,
900 3960 971 4023 in
1032 3960 1339 4024 intestina
1396 3962 1798 4044 exoneratis)
1850 3981 1984 4024 non
2042 3967 2262 4024 tamen
2320 3960 2426 4022 hic
2450 3947 2734 4010 Pi¹²³¹¹d¹¹¹¹¹·

214 4065 426 4146 magis
467 4064 671 4128 deerit
711 4064 969 4128 Natura
1016 4064 1203 4128 dictis
1250 4065 1553 4128 materiae
1599 4063 1964 4128 Variolosae
2003 4062 2310 4126 halitibus
2357 4063 2428 4124 in

214 4168 503 4250 corporis
547 4167 841 4230 habitum
898 4167 1349 4252 propellendis„
1401 4170 1550 4251 (quo
1608 4169 1800 4246 facto,
1847 4189 1962 4230 sua
2013 4169 2148 4251 jam
2201 4172 2429 4248 sponte

216 4269 487 4332 sistetur
530 4268 905 4351 diarrhoea,)
964 4289 1157 4351 quam
1194 4269 1354 4332 solet
1402 4270 1472 4333 in
1515 4269 1820 4332 halitibus
1865 4268 2006 4331 istis
2059 4273 2238 4331 extro
2291 4287 2428 4328 ver·

216 4371 436 4434 tendis
477 4371 1031 4453 eliminandisque,
1080 4371 1189 4453 qui
1227 4372 1299 4434 in
1330 4372 1758 4435 ventriculum
1801 4372 2036 4436 inversi
2078 4370 2197 4435 sub
2243 4369 2431 4434 initio

216 4472 433 4537 morbi
462 4473 775 4536 vomitum
802 4479 1169 4556 provocant.

1318 4602 1355 4642 '1'
