3138 5006
725 279 1168 346 EPISTOLA
1214 283 1270 346 1.
1321 283 1979 350 REsPoNsomA.
2082 270 2085 274 ’
2298 291 2424 358 291

221 448 590 530 ignorantia
625 453 916 531 peccant,
964 446 1062 526 (ut
1097 443 1259 506 mihi
1297 443 1597 528 videtur,)
1643 454 1757 511 aut
1796 447 1943 512 dolo
1985 449 2179 526 malo,
2218 471 2257 512 a
2296 470 2428 535 quo
2452 470 2537 518 Da
2554 472 2734 524 Mona.

221 551 314 614 vir
356 551 597 635 probus
641 573 720 614 ex
759 548 976 614 animo
1017 546 1425 624 abhorrebit;
1471 549 1605 632 qui,
1643 569 1793 612 cum
1830 571 1977 632 pars
2014 551 2101 614 sit
2138 551 2427 635 ejusdem
2475 535 2708 652 Ῑῗζὲξξζ·

220 655 580 718 eommunis
607 658 900 730 naturae,
925 655 1003 714 ut
1031 647 1381 734 ὁμοφύλοις
1395 649 1691 714 fraudem
1719 651 1912 717 faciat
1932 653 2115 718 nullo
2136 675 2429 740 unquam

219 757 466 839 privato
525 777 642 820 suo
701 751 1036 819 commodo
1093 751 1333 834 poterit
1391 751 1645 816 adduci.
1744 753 1937 820 Quod
1997 765 2307 838 superest,
2372 758 2429 824 si

218 859 416 922 aetati
445 859 786 942 placuisset
831 855 916 920 ad
945 875 1022 918 ea
1051 853 1341 918 animum
1383 853 1714 919 advertere
1756 877 1923 940 quae
1955 857 2142 922 annis
2190 857 2427 924 abhinc

219 966 498 1044 quatuor
539 959 611 1022 in
647 959 942 1022 Historia
983 956 1326 1020 Acutorum
1367 956 1731 1019 Morborum
1774 957 2185 1038 tradideram,
2238 960 2428 1045 (quae

218 1068 284 1125 et
329 1068 482 1125 ante
524 1060 688 1124 illud
730 1067 989 1143 tempus
1031 1057 1194 1126 mihi
1230 1057 1590 1128 innotuisse
1629 1059 1895 1125 omnino
1931 1067 2031 1126 est
2067 1061 2420 1146 credibile)

218 1185 348 1248 quo
376 1171 566 1247 pacto
594 1163 837 1227 scilicet
869 1161 1108 1231 Cortex
1146 1161 1220 1226 in
1247 1160 1605 1244 interjectis
1633 1181 2165 1246 paroxysmorum
2203 1165 2425 1248 spatiis

220 1266 515 1332 debuerit
565 1265 940 1344 ministrari,
989 1271 1136 1327 tum
1181 1268 1422 1346 postea.
1449 1263 1657 1346 repeti
1716 1285 1909 1347 aegro
1948 1265 2088 1348 jam
2134 1268 2423 1330 convale-

217 1376 455 1448 scente,
496 1369 783 1432 viverent
825 1365 1112 1432 fortassis
1150 1363 1328 1428 haud
1363 1365 1552 1449 pauci
1600 1386 1824 1430 eorum
1872 1388 2034 1452 quos
2077 1369 2217 1453 jam
2258 1381 2427 1434 terra

217 1471 420 1554 tegit3
465 1480 543 1534 ut
591 1476 668 1534 ut
716 1469 1012 1534 homines
1058 1465 1456 1550 vilipendant
1499 1473 1729 1530 tenues
1774 1489 1927 1533 sane
1970 1469 2113 1534 illos
2156 1479 2426 1536 conatus

215 1580 472 1637 nostros
508 1571 839 1635 communi
878 1569 1170 1634 omnium
1200 1569 1373 1633 bono
1401 1568 1665 1648 dicatoe,
1698 1575 1765 1634 et
1794 1571 2044 1636 monita
2072 1575 2426 1656 spreverint

215 1674 457 1739 ibidem
499 1676 741 1740 dictata
775 1674 986 1740 verbis
1023 1672 1530 1756 insequentibus,
1563 1672 1801 1759 quibus
1840 1695 1917 1738 ea
1957 1674 2235 1740 breviter
2274 1698 2424 1740 con-

213 1778 514 1842 tinentur
544 1799 711 1863 quae
738 1777 846 1841 hic
873 1776 1080 1840 fusius
1110 1775 1422 1858 explicare
1451 1775 1661 1839 visum
1690 1783 1823 1840 est:
1869 1776 2274 1858 videlicet,—

315 1879 485 1966 [38.]
536 1885 579 1916 “
601 1880 978 1945 Curandum
1029 1885 1128 1942 est
1179 1884 1332 1942 ante
1378 1879 1599 1942 omnia
1646 1899 1732 1943 ne
1781 1887 2187 1963 praemature
2230 1882 2424 1946 nimis
2452 1897 2717 1945 Methodus

212 1983 324 2047 hic
384 1983 622 2047 Cortex
683 1983 1035 2065 ingeratur,
1090 1986 1241 2044 ante
1301 1980 1543 2046 scilicet
1601 2004 1800 2069 quam
1857 1984 2122 2049 morbus
2180 2007 2299 2050 suo
2356 2006 2425 2048 se
2448 1961 2708 2074 ξᾞξξίῗὶ

217 2090 439 2153 Marte
477 2089 943 2174 aliquantisper
985 2087 1390 2170 protriverit;
1457 2087 1606 2170 (nisi
1645 2088 2141 2154 collabescentes
2186 2097 2253 2154 et
2286 2091 2425 2175 jam

213 2192 458 2256 fractae
508 2191 687 2273 aegri
731 2191 896 2254 vires
937 2190 1217 2254 eundem
1264 2190 1617 2272 temporius
1668 2191 2059 2256 sumendum
2103 2213 2241 2256 esse
2290 2193 2421 2258 dic-

214 2295 497 2359 taverint
513 2296 557 2378 3)
611 2315 826 2380 neque
883 2293 1058 2357 enim
1115 2292 1278 2356 illud
1326 2293 1534 2356 solum
1594 2299 1693 2358 est
1750 2294 2197 2374 metuendum,
2249 2317 2334 2359 ne
2384 2317 2424 2360 a

211 2419 640 2482 praepropero
684 2399 826 2482 ejus
866 2417 1012 2460 usu.
1037 2395 1330 2484 inefficax
1372 2395 1495 2460 iste
1544 2396 1856 2460 reddatur
1901 2403 1968 2460 et
2016 2419 2199 2480 spem
2243 2399 2421 2481 aegri

213 2500 419 2581 fallat,
467 2499 580 2564 sed
632 2500 828 2564 etiam
869 2520 954 2563 ne
997 2499 1076 2563 de
1117 2498 1294 2581 aegri
1339 2498 1474 2563 vita
1512 2507 1761 2582 agatur,
1806 2500 1861 2563 si
1906 2501 2207 2584 sanguini
2246 2503 2425 2567 omni

213 2602 730 2667 fermentationis
787 2603 938 2666 nisu
997 2623 1065 2665 se
1125 2602 1533 2685 despumanti
1579 2611 1761 2666 eamq
1815 2601 2161 2686 derepente
2215 2605 2425 2691 injici-

214 2727 401 2770 amus
479 2725 818 2769 remoram.
955 2703 1258 2768 Proximo
1329 2703 1490 2782 loce,
1561 2725 1775 2790 neque
1849 2705 2146 2785 catharsi,
2218 2709 2427 2772 multo

213 2810 434 2874 minus
514 2808 1047 2885 venae-sectione,
1123 2805 1542 2871 subducenda
1616 2816 1714 2871 est
1794 2810 2101 2873 materiae
2183 2809 2426 2875 febrilis

211 2934 362 2996 pars
403 2912 638 2997 aliqua,
669 2931 801 2996 quo
842 2910 1106 2975 liberius
1137 2910 1380 2973 Cortex
1421 2931 1538 2974 suo
1565 2910 1881 2993 fungatur
1917 2932 2227 2975 munere:
2275 2934 2424 2976 cum

213 3014 388 3078 enim
441 3012 522 3077 ab
569 3019 849 3098 utraque
894 3011 1318 3075 labefactetur
1365 3012 1819 3097 quadantenus
1860 3013 2239 3077 oeconomia
2287 3036 2423 3079 cor-

214 3117 409 3201 poris,
463 3138 548 3193 ¹eo
622 3116 981 3199 promptius
1057 3116 1426 3201 certiusque
1503 3106 1960 3181 recrudescent
2035 3118 2421 3203 paroxysmi,

211 3226 636 3285 evanescente
677 3218 875 3283 semel
913 3218 1194 3302 pulveris
1222 3218 1304 3282 vi.
1396 3218 1571 3283 Mihi
1618 3218 1815 3283 etiam
1853 3220 2059 3303 magis
2104 3242 2140 3285 e
2176 3242 2248 3285 re
2287 3221 2423 3285 fore

212 3323 472 3388 videtur
505 3330 582 3385 ut
627 3312 1011 3404 sanguinem
1050 3320 1225 3384 dicto
1265 3321 1694 3387 medicamine
1733 3323 1973 3387 sensim
2002 3324 2422 3411 longioreque

213 3448 253 3490 a
307 3425 710 3510 paroxysmis
780 3422 1117 3488 intervallo
1174 3423 1400 3487 leviter
1453 3424 1837 3505 inficiamus,
1898 3448 2097 3512 quam
2153 3436 2230 3493 ut
2289 3450 2421 3492 uno

214 3527 484 3594 omnino
541 3528 680 3591 ictu
739 3546 1194 3611 paroxysmum
1247 3526 1384 3611 jam
1441 3528 1797 3592 instantem
1860 3536 2188 3593 tentemus
2262 3552 2413 3595 con·

213 3631 471 3696 fodere:
541 3630 664 3695 hoc
724 3628 898 3693 enim
957 3635 1147 3712 pacto
1207 3635 1273 3692 et
1329 3629 1476 3712 plus
1519 3630 1825 3714 temporis
1866 3632 2150 3696 remedio
2197 3654 2419 3698 conce-

213 3733 394 3798 ditur
435 3754 565 3818 quo
607 3753 796 3795 suum
835 3753 1000 3815 opus
1042 3731 1296 3814 plenius
1336 3731 1642 3811 absolvat,
1676 3740 1742 3797 et
1782 3734 2062 3799 evitatur
2108 3736 2420 3822 quicquid

213 3835 284 3899 id
318 3842 420 3899 est
454 3834 724 3918 periculi
762 3834 938 3920 quod
979 3854 1171 3916 aegro
1209 3834 1448 3917 poterit
1488 3836 1641 3899 oriri
1682 3856 1761 3899 ex
1801 3837 2017 3902 subito
2054 3838 2179 3902 isto
2224 3845 2422 3924 atque

213 3937 667 4021 intempestivo
725 3937 920 4000 nimis
980 3936 1356 4016 sufflamine,
1417 3959 1548 4023 quo
1610 3960 2067 4024 paroxysmum
2124 3940 2262 4023 jam
2319 3940 2419 4003 in-

215 4041 644 4104 valescentem
683 4047 882 4125 atque
933 4039 1111 4103 omni
1157 4060 1226 4103 se
1272 4060 1392 4123 ope
1441 4048 1810 4105 exerentem
1858 4062 2168 4106 conamur
2210 4041 2419 4125 oppri-

215 4164 412 4207 mere.
487 4137 875 4220 Postremo,
929 4141 1224 4207 brevibus
1275 4142 1414 4207 istis
1473 4145 1781 4228 temporis
1831 4144 2181 4209 intervallis
2238 4165 2419 4228 repe-

213 4246 456 4311 tendus
503 4253 600 4310 est
660 4246 889 4329 pulviS,
937 4254 1013 4311 ut
1072 4268 1206 4311 non
1265 4246 1559 4330 protinus
1607 4256 1941 4311 evanescat
1976 4247 2204 4330 prioris
2249 4247 2418 4312 dosis

214 4349 420 4412 virtus
451 4357 801 4435 antequam
844 4348 1048 4413 altera
1089 4349 1504 4415 exhibeatur:
1553 4350 1779 4414 crebra
1822 4350 1995 4413 enim
2035 4345 2417 4434 repetitione

551 4484 571 4514 *ἲ
606 4476 731 4539 eam]
761 4477 840 4525 Sic
865 4478 914 4525 in
945 4480 1126 4526 observ.
1155 4479 1297 4536 Med„
1319 4478 1398 4526 hic
1422 4485 1586 4526 autem
1612 4494 1704 4527 om.
1732 4478 1838 4525 edd.
1861 4480 1957 4536 ⁹80,
1983 4480 2077 4525 ⁹85.
