3138 5006
697 290 825 355 562
1324 294 1716 359 THOMAE
1765 296 2286 361 SYDENHAM

417 464 502 512 Dz
528 464 683 513 Mon·
816 454 937 539 [4.]
996 452 1068 519 Si
1095 463 1239 540 post
1270 454 1724 522 Morbillorum
1755 458 2106 523 discessum
2131 458 2350 539 febris,
2377 458 2744 544 respirandi
2771 459 2948 525 diffi-

456 543 650 649 ·⁸¹¹‘¹‘¹·⁸‘
718 559 945 639 cultas,
970 565 1037 624 et
1066 561 1193 624 alia
1220 566 1654 645 symptomata
1673 561 2280 645 peripneumoniam
2301 562 2690 626 mentientia
2709 582 2950 645 super-

415 636 677 764 {ffgssssg'
718 662 1032 741 venerint,
1062 664 1323 746 sanguis
1350 662 1703 728 liberaliter
1731 662 2161 727 extrahendus
2192 684 2228 726 e
2256 662 2541 742 brachie,
2565 666 2788 742 semel,
2811 665 2948 742 bis,

413 766 693 843 &maper-
716 764 819 829 vel
846 771 963 849 ter,
992 772 1189 851 prout
1216 788 1379 849 opus
1406 766 1623 845 fuerit,
1653 765 2066 831 convenienti
2103 767 2310 851 spatio
2345 766 2732 850 interposito
2761 768 2952 832 inter

410 839 693 959 {ffiffim
718 865 1003 950 singulas
1030 866 1612 946 venae-sectiones,
1643 873 1839 951 atque
1869 867 2066 931 etiam
2095 867 2560 932 continuentur
2589 869 2950 935 decoctum

413 960 545 1011 dum.
715 970 1035 1052 pectorale
1080 992 1275 1053 supra
1320 970 1731 1053 descriptum,
1777 975 1855 1033 ut
1897 975 1966 1033 et
2006 967 2262 1046 lohoeh,
2299 970 2404 1033 vel
2445 969 2662 1035 oleum
2705 992 2950 1055 amyg-

716 1072 1007 1137 dalarum
1050 1072 1337 1137 dulcium
1372 1094 1489 1159 per
1522 1094 1612 1136 se.
1703 1072 1890 1137 Circa
1927 1072 2100 1137 diem
2137 1072 2592 1137 duodecimum
2629 1074 2712 1139 ab
2751 1074 2948 1139 inva-

714 1176 894 1239 sione
924 1176 1275 1241 cathartico
1300 1176 1573 1241 lenienti
1600 1184 1935 1260 purgetur.

811 1277 933 1361 [5.]
988 1277 1359 1357 Dias-rhoea,
1434 1299 1601 1361 quae
1673 1279 2014 1343 Morbillos
2087 1279 2343 1364 excipit,
2413 1282 2950 1346 venae-sectione

662 1404 665 1407 ⁴
714 1388 1001 1446 sanatur.

1599 1598 1794 1663 CAP.
1842 1596 2020 1663 XV?

1595 1762 1696 1825 De
1735 1762 2025 1825 Variolis.

402 1904 623 1954 variola·
796 1898 1219 1963 D1sr1NcrAn·
1230 1892 1450 1979 “sunt,
1469 1899 1569 1964 vel
1589 1900 2034 1964 Confluentes:
2067 1898 2223 1962 etin
2241 1897 2586 1962 Distinctis
2605 1898 2938 1965 invadunt

404 1971 667 2083 ξζῗῐὲἇζ,
706 2001 883 2085 rigor
924 2010 991 2067 et
1028 2002 1274 2082 horror,
1320 2004 1492 2068 calor
1532 2004 1848 2083 intensus,
1893 2000 2121 2087 capitis
2171 2009 2238 2066 et
2275 2001 2450 2065 dorsi
2499 2002 2684 2066 dolor
2733 2004 2936 2067 vehe-

405 2108 623 2163 ⁸Y¹²¹Pt⁰·
706 2126 912 2184 mens,
954 2106 1372 2185 vomituritio,
1416 2106 1489 2170 in
1534 2106 1774 2171 adultis
1831 2105 2067 2190 ingens
2117 2106 2188 2169 in
2239 2104 2506 2169 sudores
2555 2108 2932 2189 propensio,

400 2171 612 2279 ἕξει-ἕ,
714 2206 805 2289 (et
847 2206 1003 2271 hinc
1046 2208 1314 2273 minime
1348 2208 1754 2272 confluxuras
1791 2229 1931 2272 esse
1973 2208 2125 2273 licet
2160 2208 2522 2292 conjicere,)
2571 2208 2758 2273 dolor
2801 2210 2932 2274 snb

708 2306 1062 2373 scrobiculo
1106 2309 1333 2388 cordis,
1372 2310 1427 2373 si
1464 2332 1668 2373 manu
1708 2316 2060 2393 prematur,
2093 2318 2320 2394 stupor
2357 2317 2426 2374 et
2467 2312 2928 2392 somnolentia,

706 2432 1179 2496 nonnunquam
1216 2419 1282 2477 et
1318 2412 1600 2477 insultus
1635 2413 1974 2497 epileptici,
2004 2413 2077 2477 in
2105 2413 2464 2477 infantibus
2500 2414 2926 2497 praesertim3

706 2516 938 2600 quibus
978 2518 1052 2596 si,
1090 2517 1451 2583 dentitione
1489 2526 1768 2602 peracta,
1805 2519 2255 2603 corripiantur,
2285 2519 2358 2582 in
2395 2518 2738 2602 procinctu
2779 2541 2926 2584 esse

705 2621 997 2686 Variolas
1044 2622 1245 2706 possis
1291 2621 1678 2706 praedicere,
1723 2623 1819 2687 ita
1863 2629 1959 2702 ut,
2007 2624 2062 2687 si
2099 2624 2269 2687 forte
2313 2622 2634 2687 insultum
2679 2623 2926 2707 epilep-

702 2725 909 2790 ticum
937 2725 1057 2790 sub
1087 2747 1415 2810 vesperam
1442 2727 1793 2809 patiantur,
1819 2728 2114 2812 sequenti
2142 2749 2374 2792 aurora
2399 2727 2470 2790 in
2499 2735 2922 2810 conspectum

704 2849 773 2892 se
792 2828 1059 2894 daturae
1088 2829 1219 2893 sint
1234 2829 1554 2909 Variolae,
1585 2830 1776 2894 mites
1805 2837 1881 2894 ut
1903 2830 2257 2915 plurimum
2285 2837 2354 2893 et
2381 2829 2707 2892 rarissime
2735 2827 2918 2893 Con-

702 2929 998 2995 fluentes.
1099 2931 1220 3015 [2.]
1278 2931 1529 2997 Quarto
1566 2930 1877 2996 inclusive
1925 2931 2006 2996 ab
2053 2932 2386 2995 invasione
2429 2930 2532 2995 die
2581 2932 2916 3012 (nonnun-

701 3056 899 3117 quam
930 3035 1150 3114 serius,
1170 3057 1317 3100 raro
1346 3043 1568 3100 tamen
1597 3043 1752 3100 ante
1779 3035 2010 3119 illum,)
2037 3043 2426 3119 erumpunt;
2461 3027 2592 3118 quo
2619 3041 2918 3118 tempore

698 3140 801 3203 vel
822 3140 1211 3204 minuuntur
1230 3147 1680 3225 symptomata,
1709 3141 1811 3205 vel
1838 3162 2096 3225 prorsus
2125 3147 2538 3204 evanescunt.
2613 3139 2702 3202 In
2723 3159 2916 3222 erup-

696 3241 877 3306 tione
908 3251 1127 3307 autem
1156 3243 1509 3308 subrubrae
1546 3243 1755 3329 primo
1789 3244 2109 3327 pustulae,
2137 3242 2668 3306 tenuissimarum
2699 3241 2914 3305 acicu-

694 3345 909 3408 larum
946 3351 1193 3430 puncta
1226 3352 1597 3430 aequanteS,
1629 3346 1899 3430 sparsim
1934 3366 2002 3410 se
2028 3345 2316 3431 produnt
2345 3365 2462 3430 per
2499 3343 2749 3422 faeiem,
2781 3345 2914 3408 col-

695 3445 855 3525 lum,
883 3454 1129 3530 pectus,
1154 3454 1221 3513 et
1250 3469 1479 3532 corpus
1508 3447 1919 3526 universum,
1963 3455 2126 3512 tunc
2155 3448 2228 3512 in
2254 3447 2549 3512 faucibus
2573 3447 2774 3525 dolor,
2801 3449 2916 3531 qui

694 3570 845 3613 cum
882 3553 1160 3635 pustulis
1204 3552 1620 3635 surgentibus
1664 3559 1959 3637 augetur.
2061 3551 2184 3636 [3.]
2241 3551 2513 3616 Circiter
2541 3558 2844 3615 octavum
2873 3572 2914 3616 a

691 3653 901 3738 primo
928 3656 1181 3720 insultu
1210 3655 1379 3719 diem
1416 3655 1756 3720 intervalla
1793 3657 2223 3740 pustularum,
2252 3656 2433 3740 prius
2477 3655 2641 3734 alba,
2673 3655 2912 3722 rubere

684 3756 823 3839 jam
852 3756 1192 3841 incipiunt,
1223 3757 1296 3821 in
1324 3765 1648 3823 tumorem
1679 3758 1906 3836 attolli,
1939 3765 2006 3822 et
2037 3757 2258 3822 dolore
2274 3756 2526 3822 tensivo
2547 3758 2752 3836 affici3
2799 3779 2910 3822 ex-

690 3858 1057 3923 tenduntur
1096 3859 1459 3943 palpebrae,
1512 3866 1600 3940 et,
1645 3867 1722 3924 ut
1765 3859 1974 3924 vesica
2015 3859 2262 3938 inflata,
2305 3859 2522 3923 oculos
2569 3859 2908 3926 claudunt.

694 3961 1032 4026 Proximae
1061 3985 1102 4027 a
1126 3962 1289 4027 facie
1316 3963 1763 4027 intumescunt
1792 3985 2043 4041 manus,
2068 3962 2383 4047 digitique
2405 3962 2904 4040 distenduntur;

691 4065 991 4144 pustulae
1018 4065 1223 4143 faciei,
1254 4071 1448 4129 antea
1474 4066 1684 4129 laeves
1729 4072 1796 4128 et
1837 4065 2090 4144 rubrae,
2114 4067 2254 4149 jam
2298 4086 2558 4150 asperae
2595 4067 2908 4152 (primum

691 4168 1143 4232 maturationis
1180 4167 1537 4251 indicium,)
1575 4174 1642 4232 et
1681 4168 2056 4233 subalbidae
2093 4176 2405 4252 apparent
2425 4193 2446 4246 3
2493 4189 2762 4232 succum
2807 4170 2906 4234 in-

694 4291 888 4354 super
913 4270 1183 4350 luteum,
1207 4272 1416 4336 colore
1445 4292 1486 4335 a
1511 4270 1656 4336 favo
1683 4293 1820 4336 non
1849 4271 2287 4350 abludentem,
2311 4279 2639 4336 evomunt.
2689 4273 2909 4337 Faeiei

758 4427 788 4464 b
824 4431 903 4478 Cf.
948 4433 1131 4480 omero.
1165 4434 1291 4481 Med.
1327 4433 1393 4482 iii.
1440 4436 1499 4488 2;
1552 4435 1751 4482 Dissert.
1907 4439 1930 4468 θ
1964 4435 2225 4482 Dittinctae
2240 4432 2346 4497 ξω]
2369 4431 2446 4480 Cf.
2467 4433 2655 4482 observ.
2681 4435 2812 4484 Med.
2837 4434 2904 4484 iii.

693 4495 845 4555 Epist.
873 4499 897 4556 ξ
924 4497 953 4543 3
977 4511 1081 4557 sq.;
1118 4499 1279 4546 Sched.
1302 4499 1471 4545 Μοηὶἐ.
1495 4499 1562 4545 11.
1841 4499 1885 4546 2.
1911 4499 1941 4546 2
1965 4513 2035 4560 sq.
