3138 5006
705 243 1149 309 EPISTOLA
1193 244 1289 309 ΙΙ.
1337 245 1996 312 RESPONSORIA.
2322 252 2452 316 319

237 385 521 486 possumx
537 403 692 486 quid
721 403 842 466 sibi
869 404 1069 468 velint
1099 404 1324 469 crebra
1351 405 1478 469 ista
1503 407 1772 484 monita,
1806 405 2037 489 quibus
2074 406 2154 471 de
2184 427 2449 492 corpore
2508 428 2592 478 Da
2617 431 2732 482 Lm:

235 505 540 569 remediis
580 506 946 570 catharticis
983 513 1050 570 et
1091 505 1530 588 digerentibus
1565 507 1819 590 (balneo
1856 515 2037 591 puta,
2069 515 2135 572 et
2179 510 2445 573 caeteris
2471 493 2749 596 Vns—nani.

235 606 311 670 id
357 609 604 690 genus,)
646 609 772 673 rite
808 608 1265 691 praeparando,
1295 607 1390 670 ita
1433 607 1599 670 serio
1638 615 1935 685 cavetur,
1980 613 2057 672 ut
2094 608 2175 673 de
2212 630 2441 674 venae·
2467 581 2715 698 {ssffffne

235 710 525 773 sectione
561 710 698 792 jam
735 715 1004 786 taceam,
1045 708 1152 772 cui
1192 708 1494 772 nonnulli
1529 707 1635 771 hic
1677 709 1803 772 loci
1838 709 2077 792 primas
2117 708 2438 774 deferunt.
2464 714 2677 774 eorporis

237 809 469 874 Quum
520 810 710 888 enim,
761 810 815 872 si
862 809 1116 873 veritati
1163 808 1247 873 sit
1295 809 1639 888 litandum,
1688 830 1765 873 eo
1820 831 1923 874 res
1973 811 2307 893 redigatur
2362 819 2438 878 ut
2462 789 2747 903 Ξιῖἶίξῖἒξῖἶ

231 931 486 975 veneno
515 912 800 976 salivatio
827 911 1231 994 procuranda
1257 911 1360 990 sit,
1395 912 1627 993 (neque
1650 911 1823 974 enim
1852 912 2063 976 adhuc
2091 913 2439 977 innotescit
2461 904 2741 1018 {affigur-

230 1012 492 1075 salubre
549 1013 806 1096 aliquod
864 1011 1408 1076 medicamentum
1460 1033 1588 1094 quo
1643 1012 1845 1096 possit
1896 1013 2176 1092 excitari,
2225 1036 2437 1098 neque
2730 1003 2742 1016 ⁸

232 1135 430 1198 aeger
457 1116 594 1178 sine
623 1117 760 1198 ejus
790 1136 910 1199 ope
948 1115 1020 1178 in
1045 1121 1194 1178 tuto
1223 1113 1518 1177 collocari
1547 1115 1804 1197 potest,)
1842 1115 2173 1196 quaeritur
2210 1123 2435 1180 utrum

229 1214 502 1298 corpori,
534 1215 982 1279 constantibus
1019 1215 1229 1278 adhuc
1255 1214 1498 1278 viribus
1525 1223 1755 1298 vegeto
1794 1223 1859 1280 et
1887 1217 2145 1296 valenti,
2178 1239 2253 1283 ac
2287 1241 2433 1303 pro-

227 1314 385 1378 inde
441 1316 814 1398 frangendis
871 1316 1116 1379 inimici
1173 1316 1512 1380 conatibus
1561 1317 1739 1381 haud
1788 1319 2038 1403 impari,
2088 1343 2172 1384 an
2224 1321 2433 1387 eidem

225 1417 534 1481 missione
563 1417 894 1500 sanguinis
923 1425 989 1480 et
1011 1417 1196 1481 tenui
1225 1417 1436 1482 diaeta
1457 1419 1595 1500 jam
1618 1419 1967 1499 debilitato,
1990 1423 2229 1486 rectius
2258 1444 2431 1487 com-

225 1519 530 1583 mittatur
557 1541 898 1583 venenum.
994 1517 1193 1582 Haud
1236 1518 1430 1583 dubie
1471 1520 1671 1582 satius
1711 1541 1847 1585 esse
1892 1520 2146 1587 duxerit
2189 1545 2431 1606 aequus

223 1642 450 1685 rerum
479 1623 852 1686 aestimator
878 1620 1040 1684 nihil
1076 1642 1284 1703 agere,
1315 1642 1511 1703 quam
1538 1621 1635 1684 ita
1673 1621 2043 1705 importune
2078 1626 2429 1707 satagendo

223 1747 480 1789 nocere.
573 1726 750 1790 Quid
791 1724 963 1808 quod
997 1723 1390 1807 experientia
1427 1728 1725 1802 testa-tur,
1763 1724 1959 1788 nullis
2004 1726 2425 1790 evacuationi-

222 1826 351 1890 bus
411 1835 525 1891 aut
576 1828 700 1892 alio
745 1828 938 1891 modo
988 1825 1346 1889 infirmatos
1405 1823 1791 1888 salivationis
1842 1825 2158 1908 impetum
2216 1825 2427 1892 multo

219 1929 454 1992 melius
485 1931 821 2008 sustinere,
846 1950 1042 2012 quam
1070 1948 1178 1992 eos
1209 1946 1484 2010 quorum
1515 1925 1699 2008 quasi
1720 1932 1872 1990 ante
1900 1927 2213 2010 praelium
2240 1927 2423 1992 incisi

223 2039 380 2096 sunt
408 2033 587 2095 nervi
601 2033 631 2095 ⁴?

323 2134 486 2217 [26.]
542 2134 749 2198 Misso
800 2134 1018 2214 itaque
1063 2130 1372 2194 damnoso
1423 2127 1603 2192 omni
1644 2125 2019 2211 hujusmodi
2066 2129 2416 2210 praeludio,

222 2236 446 2299 statim
505 2241 698 2318 atque
750 2253 1038 2298 accersor
1087 2235 1500 2313 unguentum
1555 2227 1923 2312 praescribo
1972 2249 2051 2294 ex
2101 2232 2417 2314 anmgiae

217 2335 522 2417 porcinae
549 2335 756 2398 unciis
787 2332 1057 2411 duabus,
1081 2338 1148 2395 et
1175 2330 1478 2394 mercurii
1507 2328 1692 2394 crudi
1720 2329 1915 2393 uncia
1940 2353 2091 2396 una.
2178 2331 2415 2416 Neque

214 2438 435 2501 oleum
457 2437 716 2522 aliquod
744 2458 781 2500 e
809 2427 1236 2513 calidioribus,
1262 2453 1474 2516 neque
1503 2430 1680 2495 aliud
1703 2431 1876 2516 quid,
1901 2433 2238 2516 admisceO,
2263 2455 2414 2499 cum

211 2540 500 2604 'deterius
543 2541 656 2604 fiat
700 2544 1113 2622 unguentum
1155 2537 1211 2599 si
1255 2535 1426 2619 quod
1469 2534 1723 2619 adjecta
1762 2534 1890 2597 ista
1925 2536 2223 2600 fiaenum
2264 2537 2413 2621 inji-

209 2639 414 2719 ciant,
457 2646 523 2703 et
560 2639 767 2703 nihilo
809 2638 1126 2702 efficacius
1165 2637 1219 2699 si
1257 2636 1425 2699 nihil
1463 2657 1723 2719 prorsus
1763 2643 1995 2718 agant:
2042 2646 2109 2701 et
2142 2639 2415 2703 fortasse

209 2740 658 2804 additamenta
711 2738 1028 2823 ejusmodi
1078 2735 1197 2801 sub
1247 2738 1512 2801 nomine
1562 2740 2033 2803 effectivorum
2083 2740 2257 2805 idem
2305 2742 2413 2807 hio
2437 2767 2494 2807 ut
2514 2767 2563 2807 et
2584 2778 2687 2811 cor-

209 2850 544 2926 praestant
601 2843 679 2925 (si
736 2841 894 2925 quid
948 2848 1172 2904 tamen
1227 2840 1604 2923 praestant,)
1663 2838 1834 2921 quod
1884 2840 2250 2905 catharticis
2301 2842 2411 2905 ad-
2433 2825 2697 2939 {Taza

202 2944 454 3026 juncta,
485 2942 702 3025 judice
745 2941 1158 3025 experientia,
1195 2941 1404 3003 solent
1446 2946 1809 3024 praestare3
1855 2942 2139 3005 tormina
2180 2963 2411 3027 nempe
2436 2959 2484 3027 qt
2503 2905 2696 3027 {athai-

208 3046 514 3124 excitant,
549 3053 617 3110 et
655 3044 981 3109 catharsin
1025 3041 1306 3107 reddunt
1342 3041 1840 3122 laboriosiorem,
1878 3062 1919 3104 a
1954 3042 2131 3105 lucta
2172 3042 2413 3109 scilicet
2435 3022 2559 3067 ‘¹⁰¹⁸’

208 3146 384 3210 inter
422 3146 790 3210 antidotum
829 3152 895 3209 et
929 3143 1376 3222 catharticum,
1412 3143 1600 3227 cujus
1637 3143 1731 3206 vis
1766 3144 1976 3207 omnis
2014 3165 2304 3228 purgans
2338 3147 2410 3212 in

207 3268 290 3311 eo
324 3248 534 3330 posita
575 3255 674 3311 est
714 3246 886 3332 quod
929 3253 1200 3310 naturae
1237 3244 1522 3309 hominis
1559 3244 1951 3311 inimicetur.
2040 3246 2287 3311 Verum
2330 3256 2407 3313 ut

207 3352 407 3416 tertia
445 3359 629 3437 parte
677 3350 834 3415 dicti
875 3348 1198 3432 unguenti
1235 3346 1516 3425 brachia,
1556 3367 1765 3424 crura,
1807 3354 1873 3411 et
1910 3346 2101 3410 tibias
2148 3348 2231 3411 ad
2272 3356 2403 3414 tres
2429 3368 2592 3432 Aeger
2612 3378 2685 3421 ter

208 3460 431 3517 noctes
473 3454 814 3518 continuas
863 3452 1158 3535 (primam
1209 3470 1338 3532 qua
1381 3469 1669 3513 accersor
1709 3442 2141 3533 includend0,)
2196 3453 2404 3517 mani·
2426 3432 2666 3548 {ffiffssen‘

208 3552 330 3616 bus
361 3553 491 3617 suis
522 3574 711 3637 aeger
738 3556 1079 3637 perungat,
1108 3552 1420 3634 injungo,
1465 3552 1561 3615 ita
1587 3559 1811 3615 tamen
1836 3558 1915 3616 ut
1942 3574 2153 3637 neque
2182 3556 2404 3621 axillas

207 3676 419 3738 neque
467 3656 742 3737 inguina
791 3656 1074 3737 attingat
1122 3653 1394 3737 uspiam,
1440 3660 1507 3717 et
1557 3652 1897 3733 abdomen,
1949 3676 2167 3739 panno
2215 3658 2403 3724 laneo

207 3756 500 3820 tenuiore
537 3756 987 3839 circumposito
1025 3762 1092 3818 et
1130 3756 1447 3838 posterius
1487 3763 1777 3835 consuto,
1813 3779 1854 3820 a
1888 3758 2214 3824 linimenti
2250 3783 2401 3826 con·

209 3860 390 3917 tactu
437 3855 782 3939 diligenter
819 3856 1126 3920 muniat⁸.
1213 3856 1372 3921 Post
1421 3858 1683 3921 tertiam
1724 3858 2171 3926 inunctionem
2188 3872 2217 3902 ⁸
2258 3865 2401 3947 gin-

209 3956 388 4038 givae
445 3964 522 4021 ut
578 3957 934 4040 plurimum
989 3956 1454 4036 intumescunt,
1499 3963 1566 4021 et
1623 3958 2002 4042 ptyalismus
2048 3961 2395 4026 suboritur.
2423 4001 2618 4053 Quibus

203 4056 280 4121 Si
295 4056 324 4095 ¹²
368 4079 520 4123 vero
568 4058 744 4121 intra
789 4065 926 4122 tres
984 4058 1120 4121 dies
1175 4065 1320 4141 post
1371 4058 1677 4123 ultimam
1732 4060 2181 4127 inunctionem
2224 4062 2399 4128 idem
2420 4069 2649 4119 remediis

266 4214 286 4238 ²
317 4209 519 4272 muniat]
545 4208 654 4256 add.
679 4209 752 4257 ed.
777 4210 858 4257 ’80
884 4223 1010 4271 quae
1037 4222 1253 4269 sequun-
1343 4224 1548 4257 rosarum
1569 4212 1829 4259 rubramm.

207 4280 284 4321 tur
300 4276 568 4321 z—Aurora
601 4276 687 4321 illa
725 4290 841 4335 quae
871 4280 1145 4333 postremam
1177 4276 1252 4319 in·
1407 4278 1430 4302 ⁸
1494 4273 1697 4337 inance-J
1722 4278 1795 4323 vel
1814 4277 1975 4323 saltem
1990 4284 2097 4335 poet
2118 4285 2397 4339 amptum

207 4341 454 4385 unctionem
499 4341 706 4399 proxime
755 4340 1026 4399 insequitur,
1069 4339 1254 4385 exhibeo
1335 4340 1524 4385 turbith
1547 4342 1783 4387 minoratis
1805 4338 1913 4386 add.
1939 4340 2011 4386 ed.
2038 4342 2133 4389 ¹80.

205 4418 352 4464 gram
374 4410 472 4451 octo
503 4404 680 4450 turbida
705 4404 942 4451 minoratis
968 4404 1016 4449 in
1039 4417 1252 4451 moena
1409 4400 1430 4431 ¹³
1465 4401 1757 4464 Si—incep.]
1784 4417 1877 4450 om.
1900 4404 1973 4452 ed.
2000 4406 2095 4452 ¹80.
