3138 5006
1208 272 1469 331 INDEX
1511 271 1819 329 RERUM.

299 428 379 477 rel
407 429 671 477 recidivam
705 429 983 493 producere,
1009 430 1131 477 314:
1169 429 1222 476 in
1249 428 1464 491 podagra

301 500 349 541 et
371 494 613 542 chronicis
635 494 877 558 plerisque
897 493 1370 557 praestantissimum
1391 500 1466 539 est

299 559 726 635 medicamentum,
749 562 862 616 431,
887 561 980 606 441
1004 578 1015 614 3
1051 559 1102 605 in
1126 558 1338 634 podagra
1348 564 1462 633 „³¹2¹”

299 629 1460 750 immutas}‘aiffxgffisspssz‘ssffiffz

300 753 426 807 444,
461 753 545 799 sed
573 754 708 814 justo
741 752 1077 800 vehementius
1107 766 1208 799 non
1229 751 1306 808 sit,
1331 752 1459 806 440,

303 817 610 878 quandonam
633 825 836 874 vetetur,
861 824 910 865 et
931 816 1141 864 lectulus
1170 817 1276 878 ejus
1299 815 1462 863 defec-

299 888 404 927 tum
435 881 662 943 supplere
682 882 866 939 debeat,
904 884 1013 937 444,
1038 883 1132 927 445
1152 898 1163 935 3
1199 882 1306 941 ejus
1328 895 1462 927 com-

191 1002 200 1013 ·
301 945 462 1003 moda,
495 948 607 1003 440,
642 949 766 1001 441,
813 946 864 993 in
899 946 1140 1008 podagrae
1171 946 1464 992 inveteratae

300 1024 607 1072 paroxysmo,
643 1011 704 1057 ad
737 1010 996 1058 ventriculi
1027 1010 1312 1070 languorem
1345 1023 1459 1056 con-

301 1074 408 1130 fert,
431 1076 556 1129 446,
591 1075 644 1121 in
667 1075 790 1122 tussi
811 1075 1020 1138 epidem.
1040 1073 1155 1121 anni
1177 1074 1273 1130 ’75,
1297 1075 1409 1121 228.

366 1138 800 1187 Exhorrescentiae
814 1139 1001 1187 febrilis
1023 1146 1238 1201 tempore
1258 1144 1464 1200 pereunt

301 1202 386 1263 qui
440 1216 502 1250 ex
557 1203 688 1251 febre
734 1203 986 1251 intermitt.
1027 1204 1321 1260 moriuntur,
1366 1204 1461 1257 693

302 1268 408 1329 ejus
428 1267 480 1313 in
503 1268 720 1315 febribus
740 1268 990 1315 intermitt.
1015 1268 1152 1325 ratio,
1175 1269 1256 1314 68.

367 1331 704 1394 Exomphalos
723 1332 775 1379 in
798 1333 1074 1396 hydropicis
1097 1332 1243 1387 uude,
1268 1333 1380 1378 455.

367 1394 634 1444 Exostoses
671 1397 910 1445 Venereae
944 1397 1130 1460 quales,
1157 1397 1282 1451 3113
1339 1409 1461 1458 quo-

303 1460 447 1507 modo
470 1462 763 1519 tractandae,
789 1464 899 1509 324.

369 1524 716 1587 Expectoratio
726 1526 778 1573 in
791 1526 1050 1589 pleuritide
1071 1523 1332 1581 essentiali,
1351 1526 1463 1581 245,

367 1654 688 1716 Experieutia
722 1654 1026 1702 medicorum
1066 1653 1315 1717 magistra,
1351 1654 1464 1710 282,

302 1719 414 1775 312,
439 1720 550 1774 364,
573 1720 688 1769 476.

368 1783 602 1830 Externa.
629 1781 702 1845 [v.
729 1781 940 1845 Topica]

369 1846 574 1895 Fabi-ica
612 1849 824 1909 corporis
868 1862 955 1895 cur
995 1846 1090 1895 sibi
1132 1862 1230 1895 non
1273 1861 1466 1911 semper

303 1918 504 1969 constet,
529 1912 614 1959 sed
635 1912 1019 1974 aegritudinibus
1041 1912 1263 1970 obnoxia,
1287 1913 1335 1961 9.

368 1975 532 2023 Faciei
554 1977 822 2024 flacciditas
841 1976 893 2023 in
915 1976 1112 2023 variolis
1142 1976 1299 2038 regul.
1321 1976 1465 2023 discr.

304 2054 364 2087 ex
391 2039 800 2098 calefacientibus,
827 2043 946 2096 144,
982 2041 1131 2088 facies
1161 2041 1466 2088 cicatricibus

302 2119 364 2152 ne
387 2104 683 2168 deturpetur,
712 2108 818 2153 143.
845 2104 919 2167 [v.
945 2106 1111 2154 Tumor
1131 2104 1334 2168 Faciei.]

370 2168 648 2217 Facultates
666 2170 910 2217 humanae
933 2176 1158 2232 quantae,
1181 2172 1294 2218 282.

369 2233 610 2281 Faucium
630 2234 684 2282 in
707 2234 900 2281 variolis
923 2234 1143 2281 discretis
1165 2234 1313 2291 dolor,
1334 2235 1443 2281 121.

368 2296 553 2345 Febris.
589 2297 658 2361 [v.
682 2302 821 2355 Alba,
859 2302 1100 2356 Continuo,
1135 2300 1462 2359 Depuratoria,

303 2364 622 2424 Dysenterica,
648 2366 930 2425 Epidemica,
952 2365 1315 2426 Eryeipelatoea,
1339 2365 1462 2411 Hec-

303 2430 414 2483 tica,
459 2429 716 2489 Hymalr‘s,
762 2430 1094 2486 luterem-rens,
1133 2429 1466 2486 Intermittem,

303 2492 452 2548 Nova,
515 2494 768 2550 Quartana,
826 2494 1106 2552 Scau-latina,
1163 2494 1464 2550 Secundaria,

305 2557 606 2613 stationaria,
634 2557 896 2620 Tertiana]

372 2619 549 2669 Febres
588 2628 703 2668 sunt
735 2622 860 2668 duae
893 2621 990 2668 fere
1024 2621 1194 2668 tertiae
1226 2621 1465 2678 omnium,

305 2699 430 2746 quae
487 2690 617 2742 sunt,
673 2687 964 2742 morborum,
1020 2686 1132 2743 269,
1177 2686 1288 2742 296,
1335 2687 1464 2740 864,

303 2749 452 2796 febris
487 2751 730 2812 quomodo
762 2751 860 2808 fiat,
897 2750 988 2805 27,
1034 2751 1190 2797 febres
1225 2749 1466 2811 quomodo

304 2814 663 2875 aggrediantur,
687 2817 792 2872 100,
811 2815 928 2870 167,
966 2813 1084 2877 quid
1106 2829 1193 2876 pro
1216 2828 1362 2861 causa
1383 2829 1464 2862 ex-

305 2884 442 2925 terna
480 2879 898 2941 quamplurimum
937 2879 1164 2935 habeant,
1205 2880 1326 2933 240,
1382 2893 1467 2942 pro

305 2943 648 2990 constitutione
671 2944 800 3000 anni,
824 2943 904 2991 vel
925 2943 1189 2991 humorum
1207 2943 1466 3005 dyscrasia,

304 3007 464 3054 variae
499 3009 797 3065 exoriuntur,
824 3009 937 3066 240,
971 3009 1095 3063 241,
1137 3021 1290 3054 novae
1324 3014 1466 3068 quot-

303 3071 446 3118 annis
466 3072 556 3119 sub
578 3072 746 3120 eadem
769 3073 1112 3120 constitutione
1133 3079 1302 3119 enatae
1317 3071 1468 3134 vulgo

303 3151 447 3198 saepe
485 3137 724 3194 videntur,
749 3152 874 3198 quae
907 3145 1071 3184 tamen
1105 3137 1302 3184 eaedem
1337 3143 1464 3194 sunt,

309 3202 430 3256 180,
479 3201 812 3250 constitutioni
853 3201 1070 3264 generali
1105 3201 1343 3263 propriae,
1383 3216 1464 3248 ae-

304 3272 426 3312 state
455 3265 710 3323 invadunt,
731 3266 815 3313 sed
844 3273 1096 3324 autumno,
1118 3265 1330 3328 principi
1362 3266 1464 3328 epi-

305 3330 430 3378 dem.
454 3331 648 3387 cedunt,
678 3333 797 3386 180,
835 3331 990 3378 febres
1011 3337 1061 3378 et
1081 3331 1238 3378 morbi
1259 3330 1465 3392 epidem.

305 3395 452 3443 simul
473 3403 746 3458 grassantes
767 3395 944 3443 miram
965 3395 1148 3443 habent
1163 3395 1463 3452 affinitatem,

305 3461 431 3515 2353
475 3461 524 3506 in
554 3461 762 3508 febrium
795 3460 1046 3508 curatione
1079 3460 1194 3507 anni
1228 3460 1464 3508 constitu-

306 3523 390 3581 tio,
415 3531 655 3587 quatenus
677 3524 794 3573 huic
825 3525 1023 3573 alterive
1054 3525 1258 3587 epidem.
1283 3525 1464 3586 produ-

306 3589 457 3636 cendo
479 3589 622 3646 favet,
646 3590 707 3637 ob
731 3589 896 3638 oculos
917 3605 1112 3653 semper
1133 3597 1207 3637 est
1227 3589 1464 3646 habenda,

307 3654 402 3700 230
423 3671 434 3709 ,
487 3652 634 3700 febris
683 3654 861 3703 contin.
904 3655 1088 3717 species
1124 3654 1365 3716 quomodo
1404 3654 1464 3701 ab

308 3716 417 3764 aliis
450 3717 656 3779 epidem.
689 3725 796 3766 tum
829 3719 1164 3780 grassantibus
1207 3718 1463 3780 dignosca-

305 3788 400 3838 tur,
424 3783 538 3838 235,
559 3783 673 3838 2363
698 3782 936 3844 quaedam
953 3791 1082 3840 sunt,
1099 3797 1222 3844 quae
1244 3783 1467 3844 singulae

306 3861 446 3894 suam
469 3846 560 3893 sibi
580 3847 865 3894 methodum
883 3847 1107 3894 medendi
1126 3862 1156 3894 a
1171 3846 1372 3909 reliquis
1391 3848 1464 3894 di-

305 3925 496 3958 versam
523 3911 785 3972 postulant,
811 3913 935 3966 296,
969 3912 1209 3974 quaedam
1241 3925 1329 3972 per
1359 3911 1462 3958 dia-

306 3975 548 4036 phoresin,
587 3975 708 4023 aliae
743 3989 830 4038 per
868 3976 1110 4023 catharsin
1143 3975 1467 4024 eliminandae

305 4040 524 4097 veniunt,
551 4041 660 4097 211,
685 4041 809 4094 510,
845 4040 1118 4102 diaphoresi
1150 4039 1266 4087 licet
1297 4055 1326 4087 a
1359 4039 1462 4088 Na-

307 4110 418 4151 tura
461 4111 708 4162 curentur,
740 4105 794 4151 id
825 4096 917 4152 sibi
959 4104 1204 4168 privilegii
1244 4119 1466 4167 arrogare

306 4169 406 4215 Ars
427 4169 598 4230 nequit
629 4169 732 4216 sine
765 4169 1062 4229 discrimine,
1085 4171 1180 4217 506
1211 4185 1307 4232 sq.3
1343 4185 1467 4232 quae

306 4234 493 4294 species
520 4233 572 4281 in
593 4236 816 4310 παρακμῇ
835 4235 1060 4282 sudorem
1094 4234 1318 4282 criticum
1351 4249 1464 4298 pos-

305 4299 479 4356 tulent,
505 4300 599 4346 212
619 4317 630 4354 ,
667 4305 801 4346 tenui
837 4299 996 4347 diaeta
1020 4300 1202 4360 absque
1224 4298 1328 4347 ulla
1349 4315 1460 4347 eva-

305 4362 529 4411 ouatione
545 4363 806 4426 aliquando
828 4364 1098 4421 solvuntur,
1111 4366 1222 4422 211,
1232 4366 1328 4412 212
1347 4384 1358 4420 ,
1381 4379 1468 4426 per

306 4429 748 4477 venae-sectionem
767 4437 814 4476 et
827 4443 922 4492 pur
955 4429 1166 4477 ationem
1183 4429 1364 4492 optime
1378 4443 1463 4476 cu-

306 4499 490 4551 rantur,
509 4493 633 4550 5073
658 4494 743 4543 ubi
760 4509 912 4542 curan
973 4509 1016 4551 e,
1031 4509 1129 4543 non
1150 4495 1295 4542 modo
1317 4494 1462 4542 sudo-

2594 278 2711 336 629

1546 427 1705 475 riseris
1736 428 1963 504 materies
1984 430 2207 477 morbosa
2239 430 2479 488 evacuari,
2502 436 2709 494 tumque

1546 495 2629 622 {z'ssfflstztzffiffissssssssfflss
2650 512 2711 610 ἶῖἑ

1546 628 1775 669 noscatur
1798 623 1941 683 cujus
1962 623 2141 684 speciei
2162 623 2239 681 sit,
2267 632 2375 671 tum
2398 639 2459 671 an
2493 625 2707 687 phaeno-

1544 700 1689 733 mena
1722 702 1783 733 ex
1816 686 1921 749 ipso
1952 688 2137 745 morbo,
2173 703 2234 735 an
2272 702 2333 735 ex
2366 690 2570 737 curandi
2602 704 2708 738 me-

1544 749 1692 799 thodo
1720 758 1996 809 nascantur,
2021 752 2132 810 296,
2168 754 2291 808 2973
2327 759 2468 810 errat,
2493 754 2579 815 qui
2610 770 2711 804 non

1545 814 1849 862 continenter
1917 816 2135 863 attendat
2186 818 2249 865 ad
2312 819 2710 867 constitutionem

1546 878 1677 936 anni,
1716 879 1865 927 alicui
1902 882 2071 928 morbo
2112 881 2370 940 faventem,
2407 886 2530 938 280,
2586 884 2709 933 scire

1545 950 1735 1005 oportet
1777 959 1989 1007 quanam
2030 946 2358 994 evacuationis
2392 948 2474 995 via
2504 949 2713 997 materia

1545 1007 1731 1055 febrilis
1764 1008 1827 1055 sit
1857 1009 2174 1069 excludenda,
2204 1013 2315 1069 242,
2342 1013 2452 1070 243,
2476 1011 2599 1068 507,
2635 1012 2708 1060 fe-

1548 1071 1687 1119 brilis
1706 1074 1933 1121 materies
1954 1081 2009 1121 ut
2030 1076 2202 1122 sudore
2223 1076 2513 1137 expellatur,
2534 1076 2708 1125 calefa-

1549 1136 1790 1184 cientibus
1810 1137 2078 1186 forinsecus
2101 1138 2273 1187 adlatis
2294 1155 2392 1187 non
2412 1140 2707 1203 indigemus,

1549 1202 1643 1248 213
1662 1219 1673 1257 3
1710 1202 1817 1263 ejus
1840 1203 2085 1251 concoctio
2100 1203 2218 1266 quid
2239 1204 2317 1262 sit,
2336 1206 2416 1262 49,
2433 1207 2497 1253 50
2516 1224 2529 1259 ,
2560 1205 2709 1253 febris

1547 1264 1929 1313 instrumentum
1948 1266 2181 1324 Naturae,
2202 1283 2300 1330 qua
2312 1276 2471 1331 partes
2490 1269 2711 1332 impuras

1547 1344 1579 1375 a
1600 1328 1735 1391 puris
1758 1331 1979 1388 secernit,
2002 1339 2051 1378 et
2070 1346 2157 1395 per
2178 1333 2478 1381 emunctoria
2498 1334 2711 1397 corporis

1549 1393 1763 1456 expellit,
1777 1395 2055 1453 27,49,101,
2072 1397 2181 1454 154,
2198 1398 2311 1456 341,
2326 1399 2445 1454 428,
2471 1412 2586 1445 cum
2600 1413 2715 1460 apo-

1549 1465 1751 1507 stemate
1778 1475 2043 1521 quamnam
2074 1461 2251 1509 habeat
2282 1462 2572 1525 analogiam,
2600 1465 2709 1521 154,

1549 1523 1651 1569 386
1661 1541 1672 1577 3
1728 1524 1779 1570 in
1814 1525 1997 1572 morbis
2027 1525 2259 1588 malignis
2297 1541 2385 1573 cur
2425 1527 2593 1574 mitior
2630 1527 2709 1575 in-

1547 1587 1743 1634 terdum
1765 1596 1993 1651 appareat
2014 1605 2163 1651 qua-m
2184 1605 2271 1652 pro
2293 1591 2449 1639 morbi
2464 1591 2710 1649 violentia,

1552 1653 1662 1709 288,
1698 1654 1821 1707 508,
1867 1654 1917 1700 in
1951 1654 2350 1716 peripneumonia
2380 1656 2531 1703 notha
2562 1671 2712 1718 quare

1551 1715 1633 1762 vix
1655 1718 1933 1778 reperiatur,
1953 1720 2073 1773 2533
2112 1719 2325 1780 itemque
2344 1720 2394 1767 in
2414 1727 2565 1782 peste,
2585 1722 2707 1777 2333

1550 1780 1696 1827 febris
1711 1781 1943 1843 primaria
1956 1783 2174 1831 Naturae
2192 1799 2315 1846 quae
2328 1784 2565 1841 videatur,
2583 1788 2709 1841 284,

1549 1844 1697 1892 febris
1718 1847 1997 1894 morborum
2016 1847 2269 1896 intercurr.
2288 1850 2549 1911 primarius
2576 1865 2708 1897 mor-

1548 1908 1643 1955 bus
1690 1917 1776 1967 est,
1821 1917 1870 1958 et
1912 1911 2089 1973 reliqui
2134 1913 2336 1961 affectus
2386 1921 2711 1976 symptomata

1549 1974 1712 2031 modo,
1726 1976 1837 2031 239,
1853 1976 1913 2025 cf.
1930 1978 2054 2031 248,
2090 1977 2236 2025 febris
2256 1978 2404 2024 unius
2422 1978 2537 2026 anni
2556 1993 2712 2040 quan·

1550 2043 1656 2085 tum
1677 2039 1737 2086 ab
1760 2039 1913 2088 altera
1933 2040 2133 2097 differat,
2151 2043 2242 2097 29,
2277 2042 2473 2105 propria
2486 2058 2543 2090 ac
2560 2058 2707 2105 pecu-

1547 2100 1683 2149 liaris
1717 2104 1919 2152 cuilibet
1950 2105 2281 2153 constitutioni
2310 2106 2543 2169 peculiari
2574 2122 2707 2155 com-

1548 2167 1684 2229 petit,
1714 2168 1833 2224 119,
1868 2168 1920 2216 in
1946 2169 2215 2218 infantibus
2234 2186 2333 2219 non
2356 2170 2501 2219 facile
2522 2187 2715 2235 semper

1548 2230 1879 2293 distinguitur,
1904 2248 1965 2280 an
2000 2250 2030 2282 a
2063 2234 2339 2293 dentitione,
2364 2252 2426 2283 an
2446 2250 2559 2294 non,
2584 2238 2710 2293 5043

1548 2294 1733 2344 febrilis
1746 2298 1997 2359 sauguinis
2010 2300 2272 2352 commotio
2287 2299 2365 2347 vel
2381 2301 2443 2348 ad
2456 2302 2711 2349 materiam

1549 2359 1797 2409 inimicam
1830 2364 2197 2422 excernendam‚
2219 2364 2302 2411 vel
2330 2365 2581 2428 sanguinis
2604 2366 2709 2413 dia-

1549 2424 1709 2472 thesin
1765 2426 2125 2475 immutandam
2179 2427 2417 2491 dirigitur,
2482 2430 2562 2487 40,
2611 2431 2670 2478 41
2696 2449 2711 2486 3

1549 2489 1697 2538 febris
1749 2507 1850 2539 una
1906 2492 2185 2556 eademque,
2238 2492 2427 2542 diversa
2486 2510 2577 2543 sua
2623 2511 2710 2559 pe-

1549 2554 1699 2613 riodo,
1718 2555 2038 2605 diversimode
2059 2558 2312 2606 tractanda
2332 2574 2474 2622 saepe
2496 2567 2583 2617 est,
2600 2561 2713 2619 296,

1549 2617 1676 2674 297,
1714 2620 1870 2668 febres
1903 2623 2156 2683 quaedam,
2188 2629 2295 2670 tum
2327 2623 2576 2672 intermitt.
2604 2633 2713 2673 tum

1551 2684 1747 2740 contin„
1765 2685 1939 2733 incerti
1958 2687 2089 2748 genii
2112 2693 2241 2744 sunt,
2264 2703 2353 2735 nec
2377 2688 2438 2735 ad
2460 2689 2715 2751 periodum

1551 2747 1841 2796 destinatam
1877 2751 2176 2812 pertingunt,
2220 2751 2310 2807 78,
2360 2752 2495 2800 hisce
2527 2753 2712 2802 morbis

1551 2813 1762 2874 correpti
1801 2814 1961 2861 subito
2004 2815 2361 2873 convalescunt,
2407 2817 2434 2868 7
2440 2819 2499 2872 8,
2556 2818 2713 2865 febres

1551 2879 1783 2940 malignae
1806 2893 2045 2940 quaenam
2061 2887 2309 2936 vocentur,
2325 2882 2448 2936 509,
2484 2882 2630 2929 febris
2653 2897 2715 2930 ex

1551 2938 1822 2988 lochiorum
1855 2943 2209 3006 suppressione,
2246 2945 2370 3000 397,
2416 2945 2565 2993 febris
2594 2946 2715 2996 mali

1553 3005 1703 3052 moris
1726 3006 1786 3053 ob
1809 3006 2051 3055 choleram
2080 3008 2419 3071 intempestive
2450 3009 2712 3058 cohibitam

1553 3070 1795 3130 quomodo
1809 3079 2017 3130 curatur,
2028 3073 2090 3120 45
2105 3091 2115 3128 ,
2140 3073 2287 3120 febris
2298 3088 2411 3121 vere
2424 3074 2642 3136 maligna
2653 3076 2716 3122 ab

1552 3133 1662 3180 aliis
1683 3135 1935 3197 speciebus
1956 3137 2173 3196 dissidet,
2196 3144 2244 3185 et
2265 3153 2377 3185 cum
2400 3147 2535 3200 peste
2554 3140 2716 3201 specie

1552 3199 1792 3255 convenit,
1812 3201 1904 3256 963
1939 3201 2087 3250 febris
2113 3201 2165 3248 in
2193 3202 2425 3265 malignis
2450 3204 2714 3252 admodum

1551 3262 1732 3310 morbis
1754 3264 2013 3326 aliquando
2044 3281 2190 3329 parca
2210 3275 2422 3330 apparet,
2447 3271 2569 3323 238,
2605 3284 2712 3316 ma-

1549 3325 1749 3388 lignitas
1772 3329 2031 3391 aliquando
2050 3330 2207 3393 magis
2229 3347 2259 3379 a
2273 3331 2521 3395 therapeia
2539 3348 2710 3399 perpe-

1549 3401 1658 3439 ram
1699 3393 2035 3443 administrata
2075 3411 2225 3458 quam
2276 3412 2305 3444 a
2351 3397 2509 3445 morbi
2550 3397 2713 3447 indole

1549 3456 1886 3518 proficiscitur,
1910 3460 2002 3515 963
2036 3460 2184 3508 febris
2203 3461 2485 3509 morbillosa
2502 3463 2617 3510 anni
2632 3463 2713 3514 ’74

1549 3521 1603 3567 in
1625 3522 1802 3582 quibus
1826 3540 1855 3570 a
1874 3523 2113 3572 morbillis
2132 3524 2396 3583 differebat,
2414 3529 2537 3581 2183
2574 3542 2715 3574 cura-

1551 3585 1692 3633 batur
1724 3595 1779 3634 ut
1810 3589 2038 3647 morbilli,
2072 3592 2198 3647 218,
2230 3591 2378 3639 febris
2398 3591 2451 3638 in
2472 3591 2715 3639 morbillis
2744 3631 2750 3638 .

1550 3650 1628 3698 die
1652 3647 1725 3698 2⁶⁰
1742 3660 2079 3702 consummata
2098 3655 2251 3711 adest,
2273 3657 2392 3712 188,
2429 3655 2507 3703 die
2528 3657 2601 3704 8¹³⁰
2620 3671 2707 3704 au-

1548 3723 1705 3777 getur,
1733 3719 1853 3772 1853
1888 3719 2046 3766 febres
2062 3719 2515 3782 peripneumonicae
2536 3721 2713 3784 hyeme

1550 3795 1693 3842 saepe
1714 3781 2013 3840 oboriuntur,
2036 3785 2147 3839 332,
2170 3785 2280 3833 488.

1619 3843 1889 3893 Fasaxsus
1916 3846 2048 3908 (Du)
2084 3862 2117 3894 Α
2151 3847 2501 3896 Dani-ivone
2536 3861 2709 3908 oarrs,

1549 3907 1644 3958 597
1662 3928 1674 3964 3
1700 3910 1763 3956 cf.
1785 3913 1894 3958 504.

1618 3973 1800 4021 Femur
1819 3975 1871 4022 in
1892 3976 2107 4038 podagra
2125 3975 2321 4039 irregul.
2344 3977 2586 4038 quomodo
2608 3979 2715 4028 affi-

1550 4038 1720 4094 ciatu„
1744 4041 1854 4088 413.

1618 4103 1945 4154 Fermentatio
1966 4103 2265 4166 liquidorum
2294 4105 2346 4152 iu
2367 4105 2544 4170 quibus
2574 4105 2710 4153 diffe-

1549 4179 1627 4218 rat
1668 4187 1699 4218 a
1740 4168 2061 4218 commotione
2105 4169 2357 4232 sanguinis
2400 4169 2571 4226 febrili,
2617 4173 2711 4228 40,

1553 4236 1936 4284 Fermentatiom‘s
1956 4234 2193 4281 vocabulo
2214 4235 2265 4282 in
2288 4234 2498 4282 febrium
2520 4235 2713 4296 negotio

1551 4315 1639 4347 cur
1678 4315 1777 4347 non
1818 4305 1984 4346 utatur
2018 4298 2179 4362 potius
2214 4313 2363 4361 quam
2400 4302 2714 4348 commotionis

1551 4366 1755 4422 Auctor,
1801 4365 1893 4419 40,
1948 4363 2373 4412 fermentationum
2408 4378 2585 4426 genera
2624 4379 2709 4411 va-

1548 4431 1624 4477 ria
1645 4431 1850 4478 classem
1872 4442 2022 4475 unam
2044 4443 2302 4476 causarum
2318 4429 2509 4478 morbos
2529 4429 2711 4492 produ·

1549 4495 1767 4543 centium
1788 4493 2105 4551 constituunt,
2128 4495 2207 4544 26.
