3138 5006
516 301 1309 368 OBSERVATIONUM
1355 304 1926 369 MEDICARUM
1972 276 2088 364 111.
2125 314 2176 362 2.
2327 303 2452 367 125

264 516 269 523 .
351 462 547 547 [12.]·
576 463 661 527 In
704 464 1187 529 confluentium
1231 484 1466 549 genere
1506 465 1749 551 ubique
1795 464 2122 529 observavi
2166 462 2458 547 pustulas
2482 478 2763 526 vinoun

249 587 567 629 manuum
596 573 792 650 atque
818 566 1059 650 pedum
1105 568 1379 650 majores
1418 566 1616 631 fuisse
1644 586 1839 650 quam
1875 565 2106 649 reliqui
2134 565 2456 648 corporis3
2484 542 2762 655 ἓξὲἶζῖῗ

250 675 319 732 et
347 690 479 752 quo
507 669 699 733 altius
744 669 825 733 ab
870 676 1131 734 artuum
1174 669 1582 733 extremitate
1623 675 1930 733 truncum
1972 689 2192 731 versus
2236 687 2458 731 ascen-
2515 672 2716 724 {67:69.

252 771 449 850 ditur,
490 793 567 835 eo
616 771 856 836 sensim
904 772 1185 836 minores
1236 778 1303 835 et
1349 771 1806 836 contractiores
1853 790 2104 854 semper
2148 769 2454 834 extitisse.

250 874 475 959 Atque
503 875 661 939 haec
692 874 773 939 de
798 874 1076 959 pustulis
1106 874 1327 938 censui
1358 872 1648 937 dicenda.

351 977 518 1061 [13.]
578 977 748 1041 Sunt
797 998 947 1041 vero
991 982 1058 1040 et
1116 976 1243 1040 alia
1291 981 1725 1060 symptomata
1768 974 1917 1055 duo,
1969 994 2133 1058 quae
2175 972 2458 1038 Variolis
2483 989 2713 1039 Salivatio

252 1076 748 1142 confluentibus
806 1077 1127 1156 accidunt,
1178 1076 1356 1155 haud
1411 1078 1682 1141 minoris
1731 1078 2045 1141 momenti
2103 1098 2298 1160 quam
2355 1076 2456 1140 vel
2477 1055 2530 1165 ἐξ
2553 1055 2762 1168 ssffig’-

250 1178 550 1263 pustulae
590 1178 787 1262 ipsae,
830 1178 933 1242 vel
972 1184 1209 1257 tumor,
1254 1178 1357 1243 vel
1398 1179 1574 1243 aliud
1619 1179 1946 1261 quodlibet
1989 1200 2028 1243 e
2069 1178 2451 1262 praedictis5
2478 1183 2570 1232 bus
2590 1183 2718 1231 diar-

252 1280 540 1345 salivatio
597 1301 831 1364 nempe
880 1280 953 1343 in
1003 1280 1258 1360 adultis,
1312 1286 1505 1363 atque
1562 1282 1661 1344 in
1689 1281 2047 1346 infantibus
2099 1281 2454 1347 diarrhoea.
2477 1248 2765 1361 ᾗιζζῗέξον

252 1378 513 1446 Horum
540 1381 719 1464 prius
745 1382 842 1445 ita
867 1389 1249 1464 perpetuum
1288 1402 1357 1445 se
1391 1384 1698 1447 comitem
1737 1384 2054 1468 adjungit,
2081 1391 2158 1448 ut
2185 1385 2454 1449 unicum
2478 1376 2578 1489 fei?
2589 1392 2746 1489 {ffi-

247 1490 514 1547 tantum
570 1483 837 1548 viderim
893 1482 1171 1547 Variolis
1230 1484 1724 1549 confluentibus
1789 1486 2209 1566 laborantem,
2276 1488 2458 1551 nulla
2477 1457 2621 1554 faena.

250 1587 743 1670 superveniente
766 1586 1175 1665 salivatione;
1202 1587 1574 1670 posteriusm
1597 1595 1834 1667 autem,
1847 1609 2080 1673 nempe
2099 1588 2454 1670 diarrhoea,

248 1690 534 1754 infantes
556 1690 678 1753 hac
700 1690 907 1773 specie
934 1688 1299 1753 laborantes
1322 1712 1457 1755 non
1483 1691 1580 1754 ita
1607 1697 1784 1757 certo
1805 1692 2166 1755 discruciat.
2213 1693 2460 1757 Utrum

248 1792 591 1875 providens
625 1792 884 1857 Natura
914 1791 1029 1855 has
1061 1793 1505 1857 evacuationes
1547 1793 1786 1861 idcirco
1830 1794 2252 1874 substituerit,
2286 1796 2462 1879 quod

248 1894 327 1958 in
354 1894 585 1977 pusillo
614 1896 735 1959 hoc
770 1916 845 1959 ac
884 1894 1116 1959 humili
1145 1914 1378 1977 genere
1419 1894 1692 1959 materia
1717 1894 2050 1959 morbifica
2076 1896 2172 1959 ita
2197 1897 2464 1978 penitus

248 2005 532 2082 nequeat
567 1999 998 2078 exterminari,
1030 2020 1103 2063 ac
1141 2000 1213 2063 in
1254 1998 1530 2082 pustulis
1568 1999 1709 2063 istis
1747 2000 2099 2085 majoribus
2134 2022 2208 2066 ac
2247 2002 2464 2085 magis

243 2103 596 2186 fastigiatis
664 2104 919 2187 generis
978 2104 1276 2182 Discreti,
1322 2104 1539 2167 nullus
1598 2104 1853 2184 definio,
1913 2126 2064 2168 cum
2117 2094 2476 2179 historiam*

244 2213 513 2271 tantum
557 2207 848 2285 scribam,
892 2228 1029 2271 non
1072 2205 1329 2270 solvam·
1353 2206 1769 2289 problemata.
1892 2208 2037 2272 Hoc
2085 2216 2260 2273 certo
2303 2210 2462 2289 sci0,

246 2308 427 2392 quod
453 2330 589 2373 non
618 2309 825 2373 solum
842 2308 1135 2373 Variolas
1159 2308 1571 2373 Confluentes
1599 2309 2018 2392 plenmquen
2040 2312 2460 2391 comitantur,

245 2411 369 2474 sed
403 2412 597 2475 etiam
649 2410 818 2495 quod
864 2431 1027 2493 quae
1070 2431 1185 2493 per
1229 2410 1370 2473 illas
1411 2410 1487 2474 fit
1531 2411 1861 2475 evacuatio
1905 2419 2044 2475 tam
2095 2420 2194 2478 est
2235 2435 2453 2478 neces-

246 2514 440 2593 saria,
472 2535 666 2597 quam
705 2519 857 2578 sunt
886 2513 987 2577 vel
1013 2513 1330 2596 pustulae,
1360 2513 1459 2576 vel
1492 2513 1679 2577 faciei
1723 2521 1788 2578 et
1831 2536 2146 2579 manuum
2174 2517 2460 2581 intume-¹

220 2617 519 2681 scentia.

353 2718 518 2803 [14.]
576 2718 769 2782 Dicta
797 2718 1083 2782 salivatio
1120 2739 1592 2802 nonnunquam
1633 2719 1752 2783 sub
1791 2720 2073 2802 primum
2103 2722 2463 2803 eruptionis

244 2829 510 2905 tempus
554 2843 623 2886 se
663 2821 897 2906 prodit,
943 2839 1414 2903 nonnunquam
1468 2843 1605 2885 non
1647 2822 1778 2885 nisi.
1815 2823 2140 2905 postridie,
2183 2823 2460 2887 biduove

244 2924 705 3008 praeterlapsO.
795 2925 1079 2988 Materia
1113 2924 1324 3007 primo
1364 2925 1582 2987 tenuis
1627 2924 2011 3002 excernitur,
2043 2946 2118 2988 ac
2160 2924 2346 2988 facile
2377 2925 2465 2988 ad

244 3034 510 3110 tempus
556 3026 814 3109 aliquod
854 3027 1161 3111 rejicitur,
1200 3047 1392 3110 aegro
1434 3026 1696 3090 interim
1739 3026 1948 3089 multa
1988 3027 2192 3091 lintea
2233 3027 2458 3092 eadem

246 3139 447 3194 nocte
489 3137 993 3213 conspurcante3
1066 3151 1277 3213 neque
1329 3150 1483 3205 sane
1531 3131 1815 3194 multum
1865 3131 2035 3195 cedit
2078 3132 2460 3216 ptyalismus

246 3233 361 3298 hic
405 3234 592 3298 alteri
632 3235 727 3297 illi
773 3235 884 3317 qui
928 3254 1047 3316 ope
1090 3232 1392 3296 mercurii
1436 3235 1774 3312 excitatur,
1805 3235 1934 3297 nisi·
1976 3234 2147 3317 quod
2189 3256 2324 3298 non
2365 3235 2461 3298 ita

248 3336 423 3400 male
466 3335 655 3399 oleat.
745 3334 870 3400 Die
914 3341 1132 3398 autem
1174 3335 1306 3398 fere
1356 3334 1700 3398 undecimo
1747 3336 1942 3400 saliva
1981 3336 2277 3401 viscidior
2319 3337 2460 3420 jam

246 3437 425 3502 facta
464 3439 814 3521 aegerrime
853 3443 1224 3515 excreatur3
1287 3437 1649 3501 siticulosus
1693 3445 1788 3501 est
1829 3459 2036 3524 aeger,
2077 3440 2268 3502 tussit
2309 3439 2460 3502 sub-

247 3540 409 3605 inde
452 3539 624 3604 inter
664 3540 1040 3618 bibendum,
1086 3546 1151 3603 et
1192 3546 1393 3623 potus
1444 3560 1561 3621 per
1616 3561 1805 3622 nares
1861 3541 2218 3619 revertitur,
2264 3549 2459 3628 atque

250 3643 337 3708 ab
354 3691 367 3701 .
395 3643 521 3708 hoc
578 3643 681 3706 die
738 3649 943 3706 cessat
992 3649 1069 3706 ut
1119 3641 1471 3725 plurimum
1531 3642 1818 3706 salivatio
1835 3668 1862 3721 3
1899 3643 2053 3706 licet.
2095 3643 2466 3728 aliquandO,

256 3745 493 3830 (rarius
550 3752 771 3809 tamen
828 3744 900 3807 id
956 3743 1233 3825 accidit,)
1289 3742 1405 3806 ubi
1454 3763 1569 3826 per
1621 3744 1792 3808 diem
1843 3766 2051 3808 unum
2109 3745 2468 3810 alterumve-

249 3849 524 3914 omnino
566 3848 925 3926 cessaverit,
967 3847 1234 3910 tandem
1274 3845 1668 3930 postliminio
1709 3847 2132 3912 recrudescat.
2224 3849 2418 3913 Dicto
2431 3858 2458 3886 ⁰

250 3957 476 4015 autem
521 3950 625 4013 die
674 3949 1037 4032 (undecimo
1068 3949 1351 4032 scilicet‚)
1392 3954 1611 4013 tumor
1637 3949 1824 4013 faciei
1864 3971 2002 4013 una
2041 3972 2192 4014 cum
2237 3952 2457 4015 saliva-

245 4055 433 4118 tione
488 4053 791 4117 imminui
846 4052 1097 4135 incipit,
1147 4073 1223 4116 ac
1278 4059 1438 4115 tunc
1493 4052 1776 4134 primum
1834 4054 1971 4137 ejus
2027 4053 2169 4118 loco
2225 4044 2458 4118 manus

246 4158 685 4222 intumescere
714 4156 939 4234 solent,
972 4161 1086 4220 aut
1116 4155 1373 4219 debent.
2481 4207 2651 4257 Febris
2671 4212 2734 4259 ab

350 4259 519 4344 [15.]
574 4259 933 4324 Diarrhoea
974 4280 1113 4322 non
1157 4259 1253 4322 ita
1304 4266 1552 4324 mature
1602 4258 1884 4323 infantes
1929 4259 2089 4323 solet
2131 4259 2451 4340 invadere,
2477 4273 2666 4322 insultu

316 4421 353 4444 '¹¹
382 4411 844 4476 poster-„discrucff
870 4427 963 4462 om.
989 4413 1061 4461 ed.
1087 4413 1183 4464 ⁹76.
1458 4419 1481 4442 ⁰
1516 4411 1908 4476 Dicto—debent]
1937 4427 2030 4461 om.
2056 4413 2129 4460 ed.
2156 4412 2252 4463 ’'le.

314 4486 339 4510 ¹·
369 4477 667 4540 plerumque]
694 4481 860 4540 ubique
882 4479 954 4526 ed.
982 4478 1078 4529 ’76.
