3138 5006
668 262 801 326 422
1280 259 1674 325 THOMAE
1731 259 2253 328 SYDENHAM

378 431 465 484 Da
488 429 625 480 Po»-
668 419 965 503 Podagra
1009 419 1113 486 vel
1160 417 1548 486 levissimam
1597 418 1950 503 quamlibet
1997 419 2481 486 evacuationem
2528 418 2664 484 fere
2713 419 2870 484 sub-

422 509 581 593 *f'u‘
667 529 1013 606 sequatur,
1088 521 1397 586 dissoluto
1454 522 1632 586 enim
1699 522 1977 605 corporis
2033 529 2210 602 tono,
2271 543 2466 606 quem
2523 522 2868 606 spirituum

666 625 957 706 firmitas,
992 625 1150 689 dum
1176 623 1249 690 in
1276 623 1494 708 vigore
1524 645 1642 688 suo
1681 624 2058 709 persistimt,
2086 624 2214 691 rite
2241 631 2650 709 compactum
2676 646 2870 708 vege-

663 733 935 810 tumque
964 732 1192 805 servat,
1222 726 1495 790 materia
1520 747 1794 809 peccans
1825 725 2008 809 quasi
2037 727 2344 810 disruptis
2371 727 2693 811 repagulis
2723 729 2870 811 jam

664 829 765 894 sui
796 829 961 913 juris
990 835 1108 909 est,
1141 837 1337 912 atque
1374 827 1457 893 ab
1494 829 1620 893 hac
1655 828 1850 912 plaga
1877 829 2128 914 corpori
2163 829 2410 893 inflicta
2447 850 2868 914 paroxysmus

664 933 885 1004 statim
914 933 1217 997 exoritur.

760 1034 927 1120 [25]
980 1036 1074 1099 At
1102 1055 1250 1099 vero
1288 1032 1449 1098 haec
1482 1033 1623 1117 ipsa
1659 1034 2018 1114 methodus,
2048 1040 2202 1098 utut
2235 1032 2594 1117 perniciosa
2631 1054 2708 1098 ac
2745 1055 2868 1098 no·-

665 1157 835 1216 eens,
865 1137 1285 1201 nihilominus
1324 1136 1644 1220 empiricis
1684 1137 2088 1219 quibusdam,
2121 1137 2232 1220 qui
2269 1136 2696 1203 catharticum
2735 1158 2868 1220 quo

664 1239 1019 1304 utebantur
1045 1238 1588 1303 medicamentum
1620 1245 1834 1304 astute
1863 1259 2087 1304 omnes
2117 1239 2432 1317 celarunt,
2455 1238 2632 1302 haud
2659 1238 2866 1302 medi-

362 1351 477 1402 Quo
502 1359 643 1416 pacto
665 1362 879 1418 ocrem
929 1341 1467 1406 existimationem
1516 1341 1898 1406 conciliavit.
1987 1340 2480 1406 Observandum
2521 1347 2620 1412 est
2661 1341 2866 1418 enim,

358 1417 447 1542 ἐξ
468 1425 629 1530 ffinffffi
668 1444 859 1526 quod,
886 1443 1273 1528 purgatione
1299 1450 1620 1520 currente,
1655 1464 1848 1526 aeger
1871 1443 1971 1507 vel
2001 1464 2137 1507 non
2171 1443 2438 1508 omnino
2466 1443 2568 1507 vel
2593 1443 2868 1507 remisse

354 1545 519 1594 restim
528 1563 642 1595 ⁰⁰¹²·
666 1544 1015 1610 admodum
1044 1543 1237 1623 dolet,
1268 1551 1353 1624 et,
1386 1545 1442 1608 si
1472 1545 1782 1609 catharsis
1822 1544 1904 1608 ad
1941 1545 2156 1628 plures
2185 1543 2322 1608 dies
2349 1544 2618 1628 produci
2645 1551 2866 1628 queat,

355 1609 641 1738 ἔζέθῖἓζὲα
665 1648 845 1712 nullo
895 1647 1382 1731 superveniente
1424 1666 1805 1732 paroxysmo
1847 1649 2110 1726 recenti,
2157 1666 2348 1730 aeger
2389 1647 2730 1711 confestim
2777 1647 2867 1712 ab·

356 1738 590 1851 ⁵¹¹¹P⁰⁸²sJ
665 1771 761 1830 e0,
807 1772 935 1834 quo
970 1751 1108 1835 jam
1157 1757 1438 1830 tenetur,
1484 1749 1917 1814 convalescet:
1977 1769 2200 1813 verum
2254 1749 2574 1814 enimvero
2622 1769 2866 1833 poenas

357 1817 641 1946 ffitgpen-
664 1853 1082 1938 imposterum
1102 1853 1342 1937 pendet
1364 1853 1712 1918 dirissimas
1743 1852 1822 1916 ab
1854 1850 2088 1948 ἀταξίᾳ
2112 1853 2185 1916 in
2215 1873 2408 1936 quam
2431 1853 2606 1917 dicta
2630 1851 2871 1916 humo-

357 1932 603 2048 fffssffssm‘
661 1977 809 2034 rum
840 1957 1182 2041 exagitatio
1212 1957 1535 2020 Naturam
1564 1955 1982 2039 praecipitem
2011 1955 2167 2037 egit.

361 2081 559 2132 Quibus
760 2060 927 2144 [26.]
980 2058 1299 2142 Denique,
1329 2059 1639 2122 materiae
1673 2056 2000 2141 peccantis
2048 2077 2166 2140 per
2209 2055 2471 2120 sudores
2511 2057 2864 2136 evacuatio,

356 2149 637 2261 :²332sz
660 2161 812 2226 licet
853 2162 1195 2246 praedictis
1238 2160 1762 2226 evacuationibus
1805 2160 2023 2223 minus
2067 2161 2323 2239 officiat,
2351 2159 2596 2242 liquido
2637 2167 2866 2224 tamen

356 2277 595 2328 officiunt.
662 2262 912 2326 officere
942 2261 1267 2338 cernitur;
1329 2261 1617 2344 quamvis
1648 2260 1824 2325 enim
1851 2259 2062 2325 morbi
2087 2261 2382 2326 fomitem
2410 2282 2546 2325 non
2571 2263 2868 2326 retrahat

660 2367 735 2431 in
760 2367 1019 2444 viscera,
1050 2364 1164 2429 sed
1206 2385 1243 2428 e
1286 2371 1513 2428 contra
1554 2365 1628 2428 in
1671 2365 1949 2448 corporis
1991 2364 2292 2429 habitum
2333 2365 2664 2449 propellat,
2695 2372 2866 2429 atta-

662 2489 815 2535 men
840 2468 943 2533 his
972 2467 1200 2532 saltem
1240 2466 1614 2532 nominibus
1658 2465 1877 2533 obest:
1924 2467 2144 2533 Primo
2174 2467 2451 2551 quidem,
2483 2468 2656 2552 quod
2687 2474 2872 2535 extra

660 2591 1114 2656 paroxysmum
1144 2570 1445 2634 humores
1485 2570 1698 2633 adhuc
1737 2569 1990 2648 crudos,
2019 2576 2086 2633 et
2124 2571 2418 2634 nondum
2445 2571 2539 2634 ita
2566 2571 2870 2635 subactos

661 2680 739 2738 ut
766 2673 890 2737 rite
920 2672 1197 2757 separari
1237 2671 1534 2751 debeant,
1566 2672 1751 2755 quasi
1783 2672 1846 2735 vi
1877 2672 2157 2755 quadam
2192 2672 2517 2757 protrudit
2557 2673 2630 2736 in
2663 2682 2868 2753 artus,

663 2784 859 2860 atque
902 2796 979 2841 eo
1023 2782 1212 2859 pacto
1258 2781 1676 2839 cunctantem
1721 2795 2179 2859 paroxysmum
2221 2781 2376 2838 ante
2419 2774 2613 2855 diem,
2653 2783 2720 2839 et
2759 2778 2872 2841 vel

660 2879 866 2945 invita
901 2879 1177 2958 Natura,
1208 2878 1544 2955 sollicitat3
1589 2876 1864 2955 Deinde,
1898 2877 2071 2961 quod
2113 2876 2364 2942 sudoris
2401 2878 2764 2961 provocatio
2793 2879 2872 2942 in

660 2985 803 3068 ipso
829 3003 1208 3068 paroxysmo
1237 2981 1576 3045 materiam
1603 2979 2001 3043 morbificam
2021 2979 2216 3043 nimis
2238 2980 2547 3045 violenter
2575 2980 2647 3044 in
2676 2982 2870 3045 affec-

661 3093 805 3153 tum
834 3084 1199 3149 membrum
1236 3083 1553 3166 impingat
1592 3082 1956 3165 adigatque,
1987 3082 2274 3148 dolorem
2319 3083 2512 3147 simul
2539 3085 2868 3149 adducens

660 3190 837 3254 haud
878 3188 1320 3266 tolerandum3
1374 3194 1459 3265 et,
1492 3188 1549 3251 si
1592 3188 1799 3271 major
1841 3187 1926 3251 sit
1968 3189 2276 3252 materiae
2317 3189 2642 3273 peccantis
2683 3191 2870 3273 copia

662 3314 856 3375 quam
883 3298 962 3354 ut
988 3312 1135 3374 pars
1164 3289 1396 3354 affecta
1424 3311 1567 3353 eam
1593 3296 1786 3373 queat
1815 3290 2176 3371 admittere,
2205 3291 2384 3355 illam
2411 3314 2564 3357 mox
2591 3293 2664 3355 in
2685 3300 2868 3357 artus

660 3393 816 3457 alios
846 3392 1167 3469 deturbat,
1197 3390 1373 3455 unde
1403 3412 1737 3473 orgasmus
1776 3392 2026 3455 interea
2064 3399 2258 3475 atque
2290 3394 2524 3477 ingens
2549 3402 2689 3461 tam
2717 3416 2868 3459 san-

663 3495 877 3578 guinis
908 3516 1101 3577 quam
1130 3500 1528 3557 caeterorum
1555 3493 1905 3558 humorum
1951 3494 2242 3560 ebullitio
2271 3496 2401 3560 sive
2431 3498 2864 3576 exaestuati03

667 3598 723 3661 si
749 3615 899 3661 vero
938 3616 1166 3679 corpus
1206 3595 1473 3659 colluvie
1512 3616 1724 3663 serosa
1762 3595 2092 3678 Podagrae
2122 3598 2526 3680 generandae
2569 3605 2721 3682 apta
2751 3600 2866 3662 ad-

666 3698 933 3763 modum
961 3704 1219 3776 scateat,
1250 3695 1676 3760 metuendum
1703 3698 1802 3759 es't
1829 3718 1914 3760 ne
1950 3698 2278 3781 apoplexia
2303 3698 2586 3782 ingruat.
2687 3700 2856 3784 [27]

667 3799 1104 3867 Quamobrem
1132 3798 1203 3861 in
1228 3798 1351 3861 hoc
1382 3798 1620 3861 affectu
1647 3798 1935 3881 (perinde
1965 3820 2039 3862 ac
2065 3800 2138 3862 in
2169 3801 2435 3865 caeteris
2465 3802 2764 3866 omnibus
2793 3802 2872 3865 in

664 3905 898 3989 quibus
928 3902 1189 3967 sudores
1232 3900 1389 3965 artis
1429 3922 1550 3983 ope
1597 3900 2024 3965 sollicitantur
2062 3902 2144 3965 ad
2173 3903 2632 3968 eliminandam
2659 3912 2874 3969 mate-

662 4008 827 4073 riam
854 4006 1269 4083 morbificam,
1300 4024 1436 4066 non
1472 4023 1621 4067 vero
1650 4004 1946 4069 Naturae
1976 4003 2180 4068 ductu
2204 4006 2580 4089 profluunt,)
2615 4006 2874 4089 pericu-

662 4113 1052 4189 losissimum
1110 4116 1207 4173 est
1264 4107 1522 4172 eosdem
1591 4107 1784 4171 nimis
1843 4108 2172 4188 violenter,
2232 4116 2427 4193 atque
2483 4111 2656 4175 ultra
2711 4134 2874 4177 eum

668 4216 974 4283 coctionis
1026 4212 1297 4297 gradum
1352 4210 1437 4275 ad
1488 4232 1680 4293 quem
1732 4211 2032 4275 humores
2077 4213 2427 4277 evacuandi
2469 4234 2588 4277 sua
2635 4222 2877 4297 sponte

666 4318 1093 4405 pervenerint,
1123 4315 1385 4392 elicer03
1434 4320 1500 4377 et
1543 4314 1994 4395 celeberrimus
2030 4314 2154 4381 iste
2195 4316 2608 4400 Hippocratis
2641 4318 2878 4401 Apho-

666 4421 917 4499 rismuS‚
950 4416 1254 4503 [Πέπονα
1280 4416 1706 4503 φαρμακεύειν
1735 4414 1842 4479 καὶ
1869 4414 2110 4497 κινέειν,
2136 4418 2231 4499 μὴ
2261 4416 2421 4501 ὠμά,
2451 4419 2494 4483 i.
2517 4419 2602 4503 e.]
2649 4422 2876 4501 Cocta,
