3138 5006
381 414 463 460 Dr:
485 414 636 462 Mon-

389 491 471 524 ms
497 479 622 525 Err-

389 555 621 591 nzulcm.

368 1647 546 1695 Febres

365 1710 594 1758 stationa-

365 1775 464 1822 riae
485 1776 546 1822 ab
562 1791 643 1822 oc-

366 1839 502 1886 culta
523 1840 644 1886 alte-

365 1903 550 1950 ratione
571 1903 622 1950 in

369 1975 522 2014 terrae
544 1967 644 2014 vis-

367 2031 557 2078 ceribus

366 2096 526 2142 aerem
535 2109 649 2142 con-

367 2159 633 2206 taminante

368 2223 575 2283 pendere

367 2286 606 2334 videntur.

371 2459 574 2507 Station-

370 2527 500 2570 em'ae
521 2524 594 2570 di-

249 2624 258 2634 ,
373 2595 551 2635 cuntur

373 2666 498 2711 quae
517 2666 601 2713 ge-

370 2714 584 2763 neralem

372 2779 486 2825 anni
511 2794 627 2826 con-

373 2842 585 2890 stitutio-

371 2919 483 2952 nem
507 2923 584 2953 se-

371 2978 600 3030 quuntur,

371 3049 528 3095 neque
541 3051 626 3083 ex-

373 3103 446 3144 tra
466 3098 600 3146 illam

372 3176 566 3225 compa-

369 3233 502 3281 rent3

373 3382 610 3429 Interem-

370 3453 534 3502 rentes,

371 3524 492 3569 quae
515 3524 620 3556 om-

370 3572 514 3619 nibus
529 3588 614 3619 an—

369 3636 446 3682 nis
463 3650 595 3683 com-

369 3707 554 3761 petunt.

372 3892 634 3940 Sensibiles

369 3957 493 4003 aistis
513 3973 636 4018 qua-

370 4019 531 4067 litates
550 4022 612 4068 ad

371 4084 458 4131 has
480 4100 590 4146 pro-

369 4148 613 4196 ducendas

369 4213 524 4259 facere
539 4228 648 4275 pos-

370 4282 498 4332 sunt,
522 4292 617 4324 non

370 4340 428 4386 ad
446 4340 578 4387 illas:

673 245 760 305 30
1278 240 1665 304 ΤΗΟΜΑΕ
1722 239 2237 304 SYDENHAM

674 426 758 468 ne
809 404 912 467 vix
965 403 1224 486 quidem
1275 423 1538 486 possum
1598 403 1847 466 efficere
1905 423 1991 465 ne
2050 423 2220 465 unus
2268 408 2381 465 aut
2434 402 2597 465 alter
2644 422 2871 464 eorum

674 507 784 591 qui
841 528 909 570 se
966 506 1157 590 primi
1214 526 1397 569 meae
1454 525 1646 568 curae
1704 505 2164 581 commiserint,
2224 505 2359 567 vita
2422 505 2871 588 periclitetur3

671 609 893 686 donec,
922 608 1307 690 investigato
1327 607 1576 690 jugiter
1604 605 1999 688 tandemque
2037 613 2369 689 perspecto
2410 605 2619 669 morbi
2653 606 2867 689 geni0‚

671 710 753 774 ad
803 709 1082 774 eundem
1128 708 1642 792 perdomandum
1688 715 1865 772 recto
1914 707 2077 792 pede
2128 715 2195 772 et
2249 707 2609 790 intrepidus
2653 707 2869 770 denuo

669 812 1027 895 procedam.

767 915 888 1000 [4.]
931 913 1240 980 Quamvis
1271 919 1491 976 autem
1519 912 1801 976 diversas
1832 908 2229 976 diversorum
2259 932 2581 976 annorum
2601 910 2863 975 habitu-

670 1015 871 1094 dines,
903 1016 1113 1099 quoad
1157 1014 1530 1078 manifestas
1575 1014 1740 1078 aeris
1786 1014 2149 1096 qualitates,
2186 1013 2471 1077 maxima
2513 1034 2642 1096 qua
2683 1012 2871 1095 potui

669 1117 1003 1201 diligentia
1029 1117 1406 1196 notaverim,
1451 1123 1528 1180 ut
1572 1117 1673 1181 vel
1724 1115 1957 1180 exinde
2000 1137 2225 1180 causas
2268 1123 2493 1180 tantae
2538 1117 2866 1201 Epidemi-

667 1241 890 1285 corum
917 1220 1372 1284 vicissitudinis
1407 1221 1789 1303 expiscaret,
1820 1239 1925 1283 me
1970 1227 2192 1282 tamen
2232 1241 2319 1282 ne
2358 1219 2565 1283 hilum
2606 1221 2867 1303 quidem

670 1322 982 1387 hactenus
1029 1323 1386 1407 promoveri
1431 1323 1677 1400 senti03
1741 1323 1977 1405 quippe
2025 1323 2136 1405 qui
2176 1321 2618 1386 animadverto
2662 1345 2868 1387 annos

669 1426 880 1507 quoad
907 1425 1315 1489 manifestam
1355 1425 1520 1489 acris
1557 1425 1940 1507 temperiem
1970 1423 2093 1487 sibi
2135 1423 2329 1507 plane
2368 1425 2868 1504 consentientes,

669 1528 904 1610 dispari
944 1527 1292 1592 admodum
1331 1526 1704 1592 morborum
1745 1527 2005 1608 agmine
2046 1526 2361 1605 infestari,
2393 1533 2459 1590 et
2498 1527 2635 1591 vice
2664 1548 2867 1591 versa.

681 1629 803 1714 [5.]
859 1631 966 1694 Ita
1007 1631 1182 1693 enim
1221 1651 1290 1693 se
1331 1651 1434 1693 res
1475 1628 1694 1692 habet.
1786 1629 2023 1692 Variae
2066 1636 2220 1692 sunt
2264 1650 2499 1712 nempe
2546 1651 2870 1693 annorum

671 1732 1182 1809 constitutiones,
1225 1752 1389 1814 quae
1438 1751 1651 1814 neque
1695 1729 1910 1807 calori,
1959 1749 2173 1812 neque
2224 1730 2466 1812 frigori,
2514 1752 2649 1794 non
2700 1732 2871 1795 sicco

670 1834 1032 1912 humidove,
1064 1841 1280 1897 ortum
1309 1854 1501 1896 suum
1529 1832 1791 1910 debent,
1824 1831 1937 1895 sed
1980 1832 2061 1895 ab
2106 1832 2362 1896 occulta
2403 1833 2620 1915 potius
2664 1839 2727 1896 et
2767 1833 2869 1896 in-

673 1936 1029 2020 explicabili
1061 1935 1337 2018 quadam
1368 1934 1748 1998 alteratione
1776 1934 1849 1998 in
1876 1934 2032 2016 ipsis
2059 1941 2271 1998 terrae
2292 1933 2681 1998 visceribus‘¹
2708 1956 2869 2018 pen·

674 2038 849 2115 dent,
872 2038 1048 2101 unde
1091 2042 1200 2100 abir
1238 2037 1554 2120 ejusmodi
1584 2036 1849 2099 effluviis
1880 2037 2359 2100 contaminatur
2390 2057 2553 2118 quae
2580 2037 2875 2099 humana

674 2160 937 2223 corpora
964 2139 1117 2202 huic
1145 2145 1259 2202 aut
1287 2139 1382 2201 illi
1410 2139 1636 2202 morbo
1665 2138 1976 2203 addicunt
2006 2139 2605 2222 determinantque3
2651 2147 2872 2203 stante

675 2243 914 2306 scilicet
972 2240 1293 2324 praefatae
1351 2241 1831 2304 constitutionis
1889 2240 2349 2322 praedominio‚
2406 2262 2588 2324 quae,
2640 2249 2873 2305 exacto

674 2344 936 2408 demum
979 2343 1223 2426 aliquot
1267 2363 1585 2406 annorum
1629 2343 1967 2420 curricu10‚
2002 2343 2261 2406 facessit
2304 2349 2499 2426 atque
2545 2344 2729 2407 alteri
2775 2345 2871 2408 lo-

677 2467 824 2513 cum
854 2445 1042 2510 cedit.
1137 2445 1580 2527 Unaquaeque
1620 2444 1854 2509 harum
1894 2445 2436 2510 constitutionum
2468 2446 2873 2528 generalium

675 2548 930 2631 propria
969 2568 1043 2611 ac
1079 2548 1386 2630 peculiari
1425 2548 1548 2611 sibi
1586 2546 1781 2611 febris
1824 2548 2031 2630 specie
2070 2548 2457 2625 funestatur,
2492 2569 2656 2631 quae
2686 2556 2876 2611 extra

677 2650 851 2713 illam
892 2670 1212 2731 nusquam
1247 2656 1614 2733 comparet3
1656 2649 2016 2733 cujusmodi
2060 2649 2271 2714 febres
2312 2650 2551 2714 idcirco
2592 2652 2871 2713 Station-

679 2754 854 2815 ariae
884 2751 1068 2815 nobis
1097 2751 1390 2815 audiunt.

775 2854 896 2937 [6.]
952 2854 1055 2918 Ad
1096 2854 1254 2917 haec
1295 2859 1448 2916 sunt
1487 2860 1554 2916 et
1594 2854 2011 2935 particulares
2042 2854 2357 2937 quaedam
2386 2854 2677 2937 ejusdem
2712 2857 2875 2918 anni

684 2958 781 3038 (ut
821 2958 916 3020 ita
959 2957 1213 3037 dicam,)
1249 2976 1472 3034 cra-ses,
1502 2956 1577 3017 in
1620 2956 1872 3037 quibus,
1903 2956 2055 3019 licet
2100 2957 2453 3019 secundum
2495 2957 2876 3020 manifestas

678 3058 840 3121 abrit
900 3058 1260 3141 qualitates,
1321 3057 1636 3140 ejusmodi
1694 3058 1903 3121 febres
1965 3079 2129 3140 quae
2189 3058 2652 3141 generaliorem
2710 3059 2877 3121 anni

676 3161 1206 3224 constitutionem
1257 3168 1637 3242 sequuntur,
1678 3161 1884 3241 magis
1929 3160 2222 3224 minusve
2266 3161 2641 3244 Epidemice
2690 3182 2873 3243 gras-

676 3270 920 3340 sentur,
971 3263 1071 3326 vel
1129 3263 1332 3325 serius
1383 3284 1655 3345 ocyusve
1677 3264 2031 3353 ingruant.
2111 3265 2277 3328 Prae
2328 3266 2595 3329 caeteris
2646 3272 2877 3329 tamen

677 3364 990 3449 ejusmodi
1048 3362 1258 3427 febres
1317 3385 1480 3446 quae
1537 3363 1839 3427 omnibus
1889 3364 1961 3429 in
2012 3365 2387 3430 universum
2440 3367 2627 3429 annis
2686 3387 2867 3429 com-

675 3472 930 3551 petunt,
957 3466 1138 3549 (quas
1159 3464 1305 3529 ideo
1326 3467 1815 3531 Incero-terrentes
1830 3469 2030 3549 voc0,)
2061 3466 2142 3531 ab
2165 3468 2288 3531 hoc
2308 3468 2498 3532 illove
2520 3468 2875 3533 manifesto

677 3568 840 3633 acris
889 3574 1398 3650 temperamento
1449 3574 1666 3632 ortum
1713 3569 1999 3646 ducunt3
2058 3569 2236 3633 verbi
2283 3570 2510 3653 gratia,
2555 3570 2875 3653 pleuritis,

679 3671 936 3753 angina,
983 3677 1050 3733 et
1098 3671 1382 3753 reliquae
1433 3670 1723 3754 ejusdem
1772 3672 2039 3750 farinae,
2087 3693 2251 3755 quae
2304 3694 2345 3735 a
2402 3672 2617 3736 subito
2662 3673 2879 3737 calore

675 3774 993 3836 intensius
1039 3793 1112 3835 ac
1156 3771 1538 3836 diuturnum
1578 3773 1781 3857 frigus
1822 3775 2045 3838 statim
2084 3774 2443 3857 excipiente
2488 3774 2877 3858 plerumque

675 3874 1008 3939 invadunt.
1099 3876 1323 3938 Potest
1367 3875 1587 3960 itaque
1629 3875 1770 3940 fieri
1811 3884 1889 3939 ut
1934 3876 2266 3941 sensibiles
2313 3878 2474 3941 aeris
2528 3877 2879 3959 qualitates

677 3976 758 4039 ad
786 3977 928 4040 illas
959 3972 1230 4058 quidem'
1255 3976 1465 4041 febres
1504 3978 1948 4061 producendas
1988 3979 2228 4042 faciant
2269 4000 2431 4062 quae
2469 3979 2542 4042 in
2582 3980 2879 4061 qualibet

673 4079 1136 4143 constitutione
1167 4101 1233 4142 se
1261 4086 1550 4159 exerunt,
1583 4102 1715 4144 non
1752 4102 1903 4145 vero
1944 4081 2027 4145 ad
2064 4082 2220 4146 istas
2261 4082 2417 4145 alias
2458 4102 2621 4164 quae
2658 4090 2878 4146 certae

678 4182 868 4245 alicui
911 4182 1364 4246 constitutioni
1423 4183 1603 4265 quasi
1659 4185 1953 4267 propriae
2012 4204 2086 4247 ac
2142 4184 2497 4267 peculiares
2549 4185 2873 4248 existunt:

678 4282 1016 4347 fatendum
1075 4291 1296 4347 tamen
1365 4292 1460 4347 cst
1533 4286 1893 4367 praedictas
1962 4286 2125 4349 aeris
2195 4288 2537 4369 qualitates
2604 4308 2879 4369 corpora

805 4408 826 4439 ‘¹
861 4412 994 4458 alter.
1021 4414 1066 4457 in
1091 4414 1202 4471 ipsis
1225 4409 1330 4473 εἰπε]
1359 4412 1431 4459 Cf.
1451 4410 1535 4458 inf.
1559 4428 1603 4459 v.
1628 4414 1670 4459 4.
1699 4413 1797 4468 16.;
1844 4416 1994 4460 Tmel.
2014 4415 2052 4459 1.
2080 4416 2226 4473 §35.;
2269 4416 2426 4463 Sched.
2454 4415 2617 4461 Mom't.
2644 4416 2667 4473 5
2696 4417 2740 4461 3.
