3138 5006
1024 286 1324 352 OPERA
1371 287 1703 352 OMNIA.
1774 255 1777 260 ’
2361 291 2475 355 xffi

273 453 462 510 aucta
489 453 608 524 est,
639 451 716 510 ut
746 454 1156 529 aegrotorum
1183 449 1348 514 vires
1389 449 1600 516 eidem
1628 450 2045 536 perferendae
2071 453 2249 518 haud
2287 474 2473 537 pares
2562 465 2717 536 Vni.
2768 531 2771 534 ἦ

275 557 506 613 essent.
555 549 1030 633 Sydenhamius
1053 572 1219 629 vero,
1245 551 1354 635 qui
1384 560 1767 635 cognoverat
1796 553 1968 619 illius
1988 554 2185 620 febris
2209 556 2475 638 genium

275 673 410 717 esse
425 652 1018 732 inflammatorium,
1037 661 1211 716 recte
1232 655 1675 738 perspiciebat,
1688 657 2005 740 ejusmodi
2022 659 2248 724 morbo
2268 681 2474 724 reme-

277 755 380 818 dia
405 755 683 819 maxime
711 756 1152 821 calefacientia
1189 778 1528 841 opponere,
1559 758 1735 823 idem
1765 765 1917 824 esse'
1932 782 2007 824 ac
2036 761 2092 825 si
2121 763 2264 845 quis
2292 763 2473 828 flam-

275 879 447 921 mam
469 859 610 924 oleo
631 860 1010 942 extinguere
1037 861 1244 925 vellet.
1293 860 1511 925 Quam
1533 861 1615 926 ob
1638 884 1797 941 rem,
1822 863 1949 926 nisi
1970 864 2109 948 jam
2130 865 2473 948 parotides,

275 960 584 1041 bubones,
616 961 956 1027 anthraces
985 971 1052 1027 et
1082 963 1459 1028 carbunculi
1479 985 1847 1049 comparere
1872 967 2251 1050 coepissent,
2273 969 2473 1052 larga,

276 1085 475 1148 eaque
523 1065 602 1149 (si
644 1067 991 1131 necessitas
1034 1069 1340 1161 urgeret,)
1392 1067 1728 1152 aliquoties
1771 1071 2066 1154 repetita,
2111 1093 2474 1138 venae-sec-

275 1168 452 1232 tione
502 1169 780 1234 nimium
825 1171 1159 1252 sanguinis
1207 1171 1526 1255 impetum
1571 1180 1723 1238 ante
1775 1175 1995 1238 omnia
2050 1196 2472 1258 compescere,

277 1271 426 1336 dein
456 1279 523 1336 et
551 1273 706 1338 lecti
735 1273 944 1338 calore
973 1279 1039 1338 et
1055 1274 1356 1338 remediis
1387 1275 1757 1340 sudoriferis
1788 1277 2088 1341 sudorem
2108 1299 2471 1361 provocare,

275 1376 570 1458 sequenti
619 1383 839 1441 autem
887 1376 990 1441 die
1035 1377 1252 1442 alvum
1297 1398 1575 1456 movere,
1621 1379 1891 1446 studuit.
1981 1380 2167 1446 Quae
2212 1381 2475 1464 quidem

275 1478 578 1542 medendi
619 1480 981 1561 methodus,
1013 1503 1094 1546 ex
1135 1487 1432 1546 accurata
1467 1481 1665 1547 febris
1707 1503 1871 1566 quae
1914 1503 2065 1548 cum
2106 1483 2229 1547 hac
2264 1485 2474 1549 Pestis

277 1580 590 1663 epidemia
633 1583 982 1666 conjuncta
1021 1590 1160 1648 erat
1210 1584 1721 1650 consideratione
1768 1585 2064 1664 deducta,
2112 1607 2357 1664 omnes,
2402 1586 2475 1651 in

279 1683 512 1766 quibus
541 1705 618 1748 ea
643 1692 896 1749 mature
925 1693 993 1751 et
1021 1686 1340 1770 intrepide
1375 1689 1552 1770 (nam
1593 1711 1633 1751 a
1658 1689 1935 1772 repetita
1963 1689 2491 1754 venae-sectione,

279 1787 489 1866 multi,
526 1788 1108 1871 praejudicatarum
1151 1790 1531 1873 opinionum
1574 1790 1845 1854 vinculis
1886 1791 2142 1870 irretiti,
2174 1791 2473 1855 abhorre-

277 1888 482 1970 bant,)
515 1889 962 1971 adhibebatur,
992 1893 1218 1957 mortis
1260 1893 1556 1957 faucibus
1594 1892 1959 1958 felicissime
1997 1893 2253 1976 eripuit.
2341 1893 2477 1958 Ne-

281 2014 403 2075 que
431 1993 744 2058 infelicior
777 1995 849 2058 in
876 1995 999 2059 hoc
1035 1995 1260 2061 morbo
1295 1997 1581 2060 curando
1612 2003 1764 2060 ante
1798 1996 2311 2080 Sydenhamium
2341 1997 2477 2060 vul-

279 2096 448 2178 garis
499 2097 762 2181 quidam
814 2099 1171 2183 Chirurgus
1221 2100 1366 2178 fuit,
1413 2101 1524 2184 qui
1572 2121 1649 2164 ex
1694 2099 1933 2163 dissitis
1982 2099 2357 2182 regionibus
2405 2101 2477 2163 in

280 2200 684 2266 Britanniam
711 2203 917 2266 redux
946 2225 1096 2268 cum
1125 2204 1264 2267 aliis
1292 2205 1360 2266 in
1391 2201 1706 2286 praesidio
1738 2201 2001 2266 Castelli
2032 2203 2323 2266 Dunstar
2351 2203 2479 2267 col-

279 2303 524 2368 locatus
553 2304 750 2370 eratk.
814 2307 1040 2384 Pestis,
1072 2329 1236 2390 quae
1263 2313 1408 2370 tum
1438 2306 1510 2369 in
1537 2305 1771 2369 vicinia
1798 2305 2229 2387 grassabatur,
2258 2306 2329 2368 in
2359 2305 2481 2369 hoc

280 2429 532 2491 quoque
562 2409 866 2474 Castrum
893 2411 1144 2476 invecta
1170 2409 1518 2475 nonnullos
1547 2407 1785 2472 milites
1815 2408 2257 2491 praesidiarios
2278 2410 2475 2472 truci-

279 2510 559 2591 daverat,
592 2520 658 2577 et
687 2513 864 2577 haud
891 2514 1028 2577 leve
1055 2513 1413 2598 periculum
1450 2511 1832 2576 imminebat
1871 2532 1955 2575 ne
1993 2517 2209 2575 totum
2238 2512 2475 2595 praesi-

279 2614 461 2679 dium
487 2616 714 2682 morbo
743 2616 1208 2682 succumberet.
1276 2616 1633 2699 Chirurgus
1656 2622 1875 2680 autem
1904 2615 2011 2678 ille
2042 2614 2252 2679 Castri
2282 2616 2477 2679 Prae—

277 2716 523 2781 fectum
549 2720 796 2802 rogavit
838 2730 916 2785 ut
953 2720 1076 2804 ipsi
1109 2721 1330 2784 liceret
1365 2740 1630 2783 suorum
1664 2718 2177 2781 commilitonum
2216 2717 2479 2781 sanitati

280 2827 346 2884 et
375 2820 543 2885 vitae
586 2823 745 2887 adeo
775 2846 892 2887 suo
935 2823 1126 2888 modo
1159 2823 1538 2907 prospicere.
1632 2820 1828 2887 Quod
1856 2842 2006 2885 cum
2044 2821 2169 2903 ipsi
2210 2820 2477 2903 permis-

279 2946 426 2989 sum
457 2932 643 3005 esset,
674 2928 976 2992 omnibus
1015 2927 1358 3005 stantibus,
1390 2926 1595 2990 donec
1634 2924 1902 3008 pedibus
1934 2924 2203 2987 deficere
2235 2923 2477 3007 incipe-

277 3036 447 3106 rent,
480 3029 865 3112 sanguinem
893 3030 1204 3095 detraxit:
1253 3050 1381 3113 quo
1409 3030 1583 3093 facto
1624 3028 1696 3091 in
1739 3026 2068 3109 tuguriola
2107 3025 2191 3089 ad
2219 3026 2477 3089 decum-

277 3130 568 3195 bendum
600 3131 860 3196 dimisit.
940 3130 1351 3215 Quamquam
1375 3136 1596 3195 autem
1624 3135 1881 3214 praeter
1898 3130 2479 3193 venae-sectionem

277 3233 462 3297 nuHo
494 3233 619 3298 alio
645 3235 928 3300 remedio
956 3236 1284 3314 utebatur,
1306 3242 1530 3298 tamen
1559 3254 1802 3311 omnes,
1826 3232 1948 3297 hoc
1977 3232 2169 3297 modo
2197 3232 2477 3312 tractati,

276 3336 722 3401 servabantur.
809 3337 996 3401 Idem
1053 3335 1510 3402 recentissimis
1566 3333 1965 3417 temporibus
2024 3340 2325 3417 expertus
2382 3340 2481 3397 est

277 3440 430 3503 ΒΜ*
493 3440 732 3519 Salina,
793 3440 907 3523 qui
961 3440 1298 3524 Aleppone
1364 3437 1765 3501 Medicinam
1838 3434 2231 3500 adhucdum¹
2288 3436 2478 3500 facit:
2561 3518 2565 3525 Ι

278 3564 506 3607 omnes
540 3542 736 3620 enim,
769 3542 881 3626 qui
907 3542 980 3606 in
1027 3542 1214 3627 Syria
1246 3542 1459 3619 Peste,
1491 3560 1657 3623 quae
1698 3559 1885 3621 saepe
1925 3538 2203 3602 maxime
2230 3537 2483 3601 inflam-

277 3645 592 3710 matoriae
625 3645 859 3710 indolis
905 3666 1042 3709 esse
1087 3645 1307 3722 soleat,
1339 3642 1785 3726 corripiantur,
1814 3641 1979 3705 mori
2017 3647 2316 3720 testatur,
2356 3638 2484 3703 nisi

277 3748 498 3832 largae
525 3749 1072 3814 venae-sectiones
1099 3747 1550 3811 instituantur.

357 3851 524 3936 [14.]
564 3852 723 3919 Non
741 3853 948 3916 solum
971 3858 1188 3915 autem
1210 3850 1488 3913 feliciore
1508 3849 1743 3912 horum
1765 3845 2137 3910 morborum
2156 3844 2486 3909 curatione
2511 3851 2763 3928 constitu-

277 3976 477 4037 quam
521 3962 674 4020 ante
711 3954 926 4038 ipsum
964 3954 1280 4019 habuerat
1315 3952 1552 4030 locum,
1586 3948 1699 4013 sed
1743 3948 1941 4012 etiam
1984 3954 2285 4012 accurata
2314 3947 2483 4011 Con·
2508 3922 2789 4044 ξζὲἷῖῗΫ

275 4057 698 4122 stitutionum
732 4056 1218 4142 Epidemiarum
1256 4053 1697 4119 observatione
1740 4050 2213 4135 Sydenhamius
2244 4050 2484 4134 optime
2510 4046 2786 4157 ggffttssoffi

274 4162 364 4227 de
415 4163 749 4229 Medicina
793 4162 1058 4231 meruit.
1148 4159 1428 4225 Assidua
1474 4158 1651 4223 enim
1700 4178 1924 4221 earum
1974 4156 2484 4220 consideratione
2509 4174 2730 4223 servavit.

267 4268 599 4332 invenisse
629 4267 752 4331 sibi
781 4267 1136 4343 videbatur,
1169 4269 1382 4329 aerem
1421 4261 2004 4346 atmosphaericum
2032 4261 2208 4324 intra
2235 4266 2485 4323 certum

269 4392 602 4434 annorum
649 4370 930 4454 spatium
975 4370 1072 4433 ita
1120 4366 1472 4447 immutari,
1519 4373 1596 4431 ut
1655 4364 2006 4449 peculiares
2064 4362 2215 4426 inde
2266 4362 2486 4426 Morbi

414 4502 440 4535 k
477 4500 552 4547 cf.
577 4502 692 4547 ibid.
709 4498 759 4545 ii.
785 4500 828 4547 2.
857 4500 936 4546 29.
1906 4490 1917 4522 ¹
1956 4492 2031 4538 Sc.
2059 4505 2185 4538 anno
2214 4490 2353 4540 1827.
