3138 5006
682 270 817 334 494
1312 259 1704 328 'I'HOMAE
1753 259 2274 326 SYDENHAM

382 449 663 501 Danova
682 436 841 496 nata
878 427 983 506 sit,
1012 447 1135 492 nec
1164 425 1303 492 sine
1338 425 1598 509 ingenti
1629 429 1776 490 tum
1811 423 2162 502 molimine,
2191 429 2340 487 tum
2379 421 2558 504 aegri
2585 419 2893 505 periculo,

426 515 625 566 Fssm

382 581 653 630 Inest-un

384 673 575 723 Cunn·
542 686 635 721 rxo

683 533 838 598 inde
884 537 1079 616 queat
1130 527 1498 607 deturbari3
1562 547 1788 610 aegros
1847 545 2025 590 meos
2083 523 2354 588 sollicite
2403 543 2642 587 moneo
2683 543 2776 585 ne
2827 542 2896 584 se

684 639 895 704 nudos
922 638 1179 716 lectulo,
1209 635 1335 700 nisi
1362 640 1567 700 noctu
1594 639 1876 711 tantum,
1900 632 2352 698 committant·
2399 631 2573 714 quod
2603 629 2660 694 si
2685 651 2898 713 usque

684 743 845 808 adeo
894 740 1213 806 debilitati
1262 760 1304 803 a
1358 737 1588 803 morbo
1634 737 1880 801 fuerint
1938 742 2015 800 ιιι
2073 743 2288 800 erecto
2343 755 2614 819 corpore
2672 735 2900 799 sedere

680 851 1031 931 nequeant,
1078 842 1382 928 permitto
1438 848 1517 905 ut
1566 840 1667 904 vel
1727 860 1920 922 super
1975 839 2220 904 lectum
2268 839 2503 923 ipsum,
2547 841 2655 904 vel
2703 863 2902 926 super

684 948 1045 1032 grabatum,
1074 945 1293 1010 vestiti
1330 946 1610 1029 jaceant,
1641 942 1852 1027 capite
1894 943 2232 1026 paululum
2261 942 2550 1022 elevat03
2596 964 2726 1007 nec
2757 944 2902 1008 sino

682 1058 760 1116 ιιι
787 1051 969 1114 focus
998 1049 1083 1114 sit
1109 1047 1503 1113 luculentior
1530 1047 1604 1111 in
1633 1044 1930 1112 cubiculo
1961 1067 2156 1130 quam
2185 1045 2292 1112 cui
2329 1067 2524 1129 aeger
2549 1052 2720 1111 tunc
2749 1067 2902 1111 cum

684 1173 879 1220 sanus
910 1158 1067 1228 erat,
1100 1157 1485 1214 assueverat.

780 1255 945 1340 [16.]
1000 1253 1219 1336 Atque
1264 1259 1341 1316 ut
1398 1252 1521 1316 hoc
1579 1250 1871 1334 regimen
1929 1251 2197 1318 omnino
2241 1252 2600 1317 tenendum
2657 1259 2770 1318 est
2823 1253 2900 1316 ab

680 1357 871 1422 initio
912 1357 983 1421 in
1026 1355 1297 1438 singulis
1336 1354 1458 1419 hac
1500 1352 1709 1419 Febre
1747 1355 2076 1439 correptis,
2113 1355 2193 1439 (si
2219 1355 2582 1420 foeminas
2561 1376 2636 1418 ιιι
2663 1356 2900 1470 primis

679 1458 1003 1546 puerperii
1048 1457 1275 1522 diebus
1334 1456 1796 1521 decumbentes
1853 1457 2174 1542 excipias,)
2224 1457 2320 1521 ita
2373 1459 2745 1522 necessario
2803 1465 2902 1522 est

678 1560 1149 1645 imperandum,
1178 1558 1296 1624 ubi
1322 1557 1407 1622 ad
1434 1579 1724 1643 aegrum,
1754 1579 1950 1643 quem
1977 1559 2062 1624 ob
2089 1559 2382 1643 regimen
2410 1560 2590 1644 justo
2621 1561 2900 1625 calidius

678 1663 1031 1749 phrenesis,
1060 1661 1412 1746 petechiae,
1442 1669 1559 1726 aut
1596 1682 1958 1746 purpureae
1995 1662 2287 1727 maculae
2325 1661 2750 1743 obsederunt,
2789 1669 2902 1729 aut

682 1765 811 1832 alis
839 1766 1095 1851 quaevis
1124 1765 1424 1830 efferatae
1452 1764 1981 1830 inflammationis
2011 1765 2271 1845 indicia,
2302 1765 2652 1830 accersitur
2677 1767 2900 1831 Medi·

684 1889 833 1934 cus:
878 1867 1005 1934 hoc
1046 1867 1227 1933 enim
1264 1867 1337 1931 in
1376 1873 1574 1946 statu,
1605 1866 2086 1952 quantumlibet
2129 1867 2464 1951 sanguinis
2493 1867 2900 1948 detrahatur,

682 1971 1093 2056 quantumvis
1120 1970 1347 2036 leviter
1372 1976 1635 2052 tegatur
1663 1991 1911 2053 corpus,
1933 1969 2298 2053 quicunque
2319 1969 2582 2034 demum
2605 1971 2900 2055 liquores

682 2075 1135 2158 refrigerantes
1184 2073 1585 2156 ingerantur,
1629 2093 1766 2137 non
1811 2073 1990 2156 prius
2034 2071 2364 2136 sedabitur
2406 2072 2653 2152 Febris,
2701 2097 2900 2158 quam

686 2197 878 2260 aeger
920 2197 988 2242 se
1031 2177 1267 2242 lectulo
1308 2174 1593 2240 interdiu
1637 2174 2066 2253 abstinuerit3
2111 2195 2262 2240 cum
2304 2176 2477 2240 calor
2514 2176 2902 2242 circumam-

684 2279 923 2343 bientis
982 2279 1149 2344 aeris
1204 2279 1379 2342 inter
1434 2277 1722 2361 stragula
1777 2277 2062 2342 conclusi
2111 2278 2494 2361 sanguinem
2542 2279 2691 2363 plus
2747 2280 2903 2344 satis

690 2382 987 2466 exagitet,
1020 2389 1087 2446 et
1113 2381 1596 2466 procumbentis
1634 2381 1914 2465 corporis
1955 2381 2118 2446 situs
2155 2382 2621 2447 vehementiori
2647 2383 2904 2468 impetu

690 2485 971 2551 eundem
996 2485 1070 2549 in
1108 2491 1302 2569 caput
1340 2484 1682 2569 impingat.
1769 2485 1866 2549 At
1893 2483 2002 2549 hic
2028 2482 2144 2549 ubi
2171 2483 2502 2569 phrenesis
2533 2485 2615 2552 ob
2644 2488 2902 2552 metho-

692 2587 849 2653 dum
894 2588 1355 2672 imperitiorem
1406 2588 1606 2652 semel
1648 2587 1940 2667 invaluit,
1987 2608 2112 2653 nec
2157 2586 2372 2652 subito
2419 2588 2618 2653 deleri
2659 2596 2900 2672 potest,

690 2712 814 2757 nec
840 2698 1063 2756 tutum
1100 2698 1201 2756 cst
1234 2690 1511 2775 repetita
1550 2690 1730 2754 ultra
1765 2689 2006 2753 limites
2043 2687 2466 2779 praescriptos
2505 2690 2606 2754 vel
2633 2690 2904 2774 phlebo-

690 2793 893 2861 tomia
934 2794 1032 2859 vel
1077 2793 1461 2878 purgatione
1505 2792 1798 2875 ejusdem
1839 2792 2240 2858 curationem
2283 2792 2585 2876 aggredi3
2631 2795 2904 2860 tandem

693 2918 843 2963 vero
872 2918 989 2963 suo
1024 2902 1312 2980 tempore
1352 2915 1594 2978 suaque
1637 2902 1868 2978 sponte
1909 2915 2028 2978 ope
2063 2893 2222 2958 dicti
2257 2895 2590 2977 regiminis
2617 2896 2903 2961 recedet.

694 2998 803 3063 Ad
860 3020 1053 3084 quam
1108 3006 1329 3064 tamen
1390 2997 1812 3062 amovendam
1861 2996 2028 3061 nihil
2075 2995 2346 3081 perinde
2401 2998 2654 3063 confert
2705 3006 2906 3083 atque

695 3102 873 3183 aegri
929 3106 1122 3185 caput
1178 3100 1357 3179 radi;
1432 3100 1606 3184 quod
1661 3100 1884 3183 itaque
1941 3119 2192 3183 semper
2245 3100 2583 3183 praecipio,
2641 3102 2904 3165 nullum

694 3207 1113 3290 emplastrum
1159 3206 1520 3284 admovens,
1571 3204 1684 3269 sed
1732 3203 2038 3289 pileolum
2087 3210 2350 3268 tantum
2395 3205 2566 3288 quod
2609 3204 2902 3271 ablat-um

694 3330 920 3373 rasura
968 3308 1347 3392 capillitium
1395 3306 1808 3391 spissitudine
1856 3304 2308 3389 quadantenus
2353 3314 2745 3390 compenset,
2785 3316 2904 3372 aut

694 3409 925 3473 saltem
953 3415 1148 3493 caput
1191 3430 1232 3473 a
1267 3408 1503 3492 frigore
1544 3412 1812 3473 externo
1853 3408 2126 3471 muniat.
2221 3407 2368 3472 Hac
2395 3409 2702 3474 methodo
2730 3432 2902 3475 cere-

694 3511 887 3574 brum
914 3511 1330 3594 refrigeratur
1368 3510 1718 3575 admodum
1761 3516 1828 3575 et
1865 3515 2208 3589 recreatur,
2239 3510 2336 3574 ita
2363 3518 2440 3575 ut
2481 3510 2722 3575 sensim
2751 3512 2902 3577 cali-

697 3614 811 3681 das
838 3614 1281 3698 impressiones
1310 3613 1660 3699 phrenesin
1689 3612 2040 3677 excitantes
2071 3620 2262 3695 queat
2289 3614 2566 3679 vincere.

795 3715 961 3799 [17.]
980 3715 1002 3759 t
1044 3716 1133 3780 Et
1155 3736 1319 3799 quae
1348 3716 1429 3779 de
1455 3715 1826 3800 phrenitide
1853 3713 1960 3779 hic
1983 3715 2306 3795 dicuntur,
2331 3716 2412 3782 de
2433 3724 2683 3783 comate
2706 3718 2906 3782 etiam

696 3817 851 3883 huic
892 3817 1086 3883 Febri
1134 3817 1610 3902 supervenienti
1660 3817 1833 3882 dicta
1889 3825 2104 3898 sunto,
2152 3819 2225 3882 in
2275 3840 2403 3903 quo
2461 3828 2540 3885 ut
2597 3822 2672 3883 in
2731 3820 2908 3885 dicta

696 3922 1060 4008 phrenitide
1087 3922 1358 3986 materia
1385 3921 1656 3986 Febrilis
1683 3922 1756 3985 in
1785 3929 1978 4005 caput
2006 3942 2262 3987 sursum
2281 3922 2506 4001 fertur,
2531 3944 2605 3988 ac
2634 3924 2908 4008 proinde

702 4027 782 4108 (si
808 4026 1069 4109 linguae
1099 4023 1463 4089 albedinem
1492 4024 1812 4107 excipias,)
1846 4024 2028 4088 nulla
2069 4025 2306 4090 adsunt
2344 4025 2568 4090 Febris
2597 4027 2810 4111 signa,
2841 4036 2910 4092 at

698 4150 889 4212 aeger
931 4127 1234 4213 apyrexia
1272 4147 1531 4211 prorsus
1573 4126 1704 4189 frui
1745 4126 2019 4190 videtur.
2108 4128 2195 4191 In
2237 4128 2360 4191 hoc
2385 4128 2629 4212 pariter
2665 4130 2913 4194 affectu

699 4252 773 4295 ac
818 4232 891 4295 in
933 4231 1077 4310 alio,
1124 4229 1495 4308 cathartica,
1528 4228 1897 4307 sudorifera,
1927 4228 2318 4309 vesicatoria‚
2349 4238 2546 4314 atque
2587 4229 2658 4295 id
2697 4252 2912 4314 genus

698 4333 841 4411 alia,
895 4354 1029 4398 non
1086 4340 1349 4399 tantum
1404 4332 1588 4397 nullo
1645 4352 1796 4397 cum
1851 4332 2090 4412 fructu,
2144 4333 2258 4398 sed
2307 4354 2392 4398 ne
2443 4333 2704 4418 quidem
2769 4336 2910 4400 sine

1482 4460 1499 4495 t
1536 4460 1688 4509 Deest
1712 4462 1735 4521 5
1765 4460 1824 4510 17
1845 4460 1898 4508 in
1923 4460 1994 4509 ed.
2023 4461 2116 4509 ³86.
