3138 5006
801 286 950 350 DIS
959 286 1398 350 SERTATIO
1443 286 2055 352 EPISTOLARIS.
2400 289 2529 352 369

323 449 518 511 flatus
575 448 954 532 quandoque
1011 447 1342 512 nidorosos
1393 469 1428 511 e
1485 449 1840 512 ventriculo
1898 447 2219 526 emittant,
2283 448 2527 530 quoties
2590 467 2673 517 nu
2700 469 2803 517 Ar-

319 549 569 633 aliquid
613 549 1026 629 comederint,
1079 551 1229 614 licet
1289 550 1618 615 moderate
1675 557 1936 615 tantum
1988 559 2055 614 et
2113 571 2229 633 pro
2274 551 2525 614 ratione
2554 533 2833 646 ’ξτέζέἷ

321 652 668 734 appetitus,
719 658 864 716 tum
925 652 1120 715 etiam
1181 651 1522 735 aliquando
1569 652 1823 716 acidum
1882 658 2197 732 eructent,
2267 659 2522 716 acetum
2551 666 2721 728 fiam,
2744 682 2819 728 ni-

319 775 550 836 sapore
593 755 892 832 referens,
935 755 1181 838 quoties
1209 755 1282 818 in
1311 776 1381 819 os
1419 754 1775 820 ascenderit
1797 780 1817 832 ς
1861 755 2035 819 laesa
2069 776 2305 838 nempe
2343 761 2520 818 utro-
2549 745 2723 856 ‘¹⁰¹‘t’d’
2746 753 2795 793 Εἴ

319 856 514 939 bique
565 857 992 936 concoctione,
1030 865 1094 920 et
1135 858 1338 921 succis
1377 857 1645 941 proinde
1692 879 1731 922 a
1772 858 2055 922 naturali
2099 865 2278 922 statu
2320 858 2519 921 inter·
2546 825 2719 922 alifien?

318 981 537 1023 versls.

417 1061 490 1148 [7
492 1063 583 1146 5.]
639 1064 872 1147 Neque
910 1065 1032 1128 hoc
1075 1071 1336 1128 tantum
1372 1065 1635 1129 nomine
1661 1065 1949 1130 infelices
1978 1073 2151 1143 sunt,
2184 1065 2357 1148 quod
2385 1087 2519 1130 cor-

319 1187 442 1248 pus
481 1167 572 1229 ita
609 1168 776 1230 male
818 1167 1138 1245 affectum,
1173 1175 1243 1230 et
1280 1168 1460 1250 quasi
1497 1173 1989 1249 conquassatum,
2028 1168 2133 1250 (ad
2170 1169 2375 1230 instar
2418 1189 2520 1231 ae-

317 1267 502 1330 dium
523 1269 741 1332 ruinas
763 1269 1176 1353 undiquaque
1205 1270 1693 1356 minitantium,)
1718 1275 1979 1333 tantum
2008 1291 2141 1333 non
2171 1278 2425 1333 corruat
2456 1277 2522 1333 et

319 1370 596 1448 fatiscat,
639 1391 788 1436 cum
835 1372 1044 1454 magis
1091 1372 1300 1436 adhuc
1347 1371 1564 1435 animo
1610 1380 1946 1454 aegrotent
1997 1393 2192 1455 quam
2236 1393 2517 1454 corpore.

319 1473 494 1536 Cum
544 1473 720 1536 enim
770 1474 1128 1556 desperatio
1177 1475 1366 1558 plane
1417 1474 1792 1538 insanabilis
1852 1474 1933 1538 de
1983 1475 2251 1557 hujusce
2310 1475 2521 1538 morbi

317 1583 552 1639 natura
603 1577 704 1654 sit,
751 1576 1176 1658 indignantur
1227 1577 1573 1640 admodum
1623 1575 1871 1658 quoties
1910 1575 2139 1660 aliquis
2182 1577 2285 1639 vel
2328 1576 2517 1639 mini-

315 1699 494 1740 mam
538 1678 618 1742 de
658 1679 931 1742 sanitate
969 1679 1405 1762 recuperanda
1443 1699 1623 1762 spem
1664 1679 1995 1762 injecerit3
2042 1679 2227 1742 facile
2256 1679 2519 1742 interim

317 1780 671 1858 credenteS,
707 1783 924 1845 omnia
952 1803 1039 1860 se,
1072 1803 1490 1864 quaecunque
1529 1782 1600 1844 in
1643 1781 1936 1845 homines
1982 1781 2207 1845 cadere
2249 1791 2519 1864 possunt

317 1883 742 1962 incommoda,
796 1905 1086 1967 quaeque
1133 1885 1290 1948 adeo
1337 1884 1460 1948 fert
1511 1905 1729 1947 rerum
1775 1891 2027 1962 natura,
2072 1905 2515 1967 perpessuros;

315 1986 684 2049 tristissima
712 2009 1000 2072 quaeque
1031 1987 1150 2050 sibi
1173 1987 1554 2064 ominanteS,
1580 1993 1771 2069 atque
1800 1986 2121 2064 timorem,
2144 1987 2325 2064 iram,
2352 1986 2516 2050 zelo·
2544 2017 2807 2068 Atmcissi-

315 2087 585 2170 typiam,
605 2089 1014 2171 suspicioneS,
1040 2097 1106 2152 et
1129 2089 1363 2172 siquae
1387 2089 1699 2153 atrociora
1727 2095 1879 2152 sunt
1903 2088 2101 2151 animi
2122 2088 2515 2170 pathemata,
2544 2099 2627 2132 ¹¹¹⁸
2648 2087 2803 2133 animi

321 2191 524 2253 velex
551 2190 872 2255 levissima
891 2191 992 2254 vel
1021 2192 1216 2255 etiam
1237 2192 1420 2254 nulla
1443 2213 1706 2274 prorsus
1737 2190 1889 2254 data
1910 2212 2085 2269 ansa,
2118 2191 2513 2274 arripientes,
2544 2150 2805 2262 &22⁸2ss

319 2299 385 2354 et
415 2293 562 2356 sinu
577 2293 863 2357 foventes
879 2294 1222 2376 irrequieto
1245 2294 1560 2376 anxioque
1584 2319 1603 2372 ς
1651 2293 1731 2356 ab
1762 2277 1941 2357 omni
1969 2293 2235 2356 interim
2259 2292 2514 2376 gaudiO,
2542 2282 2721 2328 fovent.

318 2414 450 2477 spe,
481 2393 744 2473 laetitia,
777 2395 1212 2474 abhorrentes,
1247 2417 1406 2480 quae
1438 2396 1492 2459 si
1519 2396 1685 2461 forte
1716 2403 2073 2473 occurrant,
2107 2395 2365 2478 quando
2392 2395 2515 2458 hae

315 2518 496 2561 rarae
543 2508 721 2562 avesss
759 2505 931 2577 sunt,
965 2498 1352 2563 velocissime
1398 2499 1673 2577 avolant,
1712 2498 1999 2563 animum
2037 2497 2300 2563 interim
2344 2497 2521 2561 haud

314 2600 532 2664 minus
581 2602 994 2665 vehementer
1045 2602 1453 2685 exagitantia,
1504 2624 1699 2684 quam
1756 2602 1967 2665 solent
2017 2602 2360 2665 moestiora
2410 2602 2521 2664 illa

315 2701 514 2782 πάθη,
546 2704 638 2767 ita
679 2712 756 2768 ut
798 2704 1054 2767 nullubi
1096 2704 1607 2768 mediocritatem
1652 2710 1925 2783 servent,
1968 2704 2041 2765 in
2084 2725 2220 2767 una
2261 2704 2519 2767 levitate

317 2814 724 2885 constantes,
768 2828 946 2871 nunc
991 2815 1211 2871 amant
1255 2814 1508 2891 praeter
1549 2806 1833 2885 modum,
1875 2827 2023 2869 mox
2070 2805 2216 2869 odio
2260 2805 2519 2870 eosdem

316 2908 455 2971 sine
483 2929 674 2972 causa
699 2915 1179 2992 prosequuntur
1199 2936 1219 2987 3
1265 2931 1441 2973 nunc
1468 2908 1592 2972 hoc
1622 2908 1857 2971 illudve
1880 2907 2004 2971 sibi
2026 2907 2351 2991 agendum
2372 2928 2517 2989 pro-

316 3019 584 3093 ponunt,
636 3032 786 3075 mox
833 3034 873 3075 a
919 3012 1244 3096 proposito
1281 3012 1578 3075 resiliunt
1630 3018 1697 3073 et
1737 3009 2099 3093 quodcum
2146 3031 2223 3073 eo
2265 3016 2517 3093 pugnat

314 3115 798 3197 aggrediuntur,
838 3116 950 3179 sed
995 3136 1204 3199 neque
1246 3115 1369 3180 hoc
1410 3123 1752 3199 peragunt,
1782 3114 1878 3181 ita
1921 3115 2120 3178 animi
2159 3115 2516 3199 pendentes

313 3223 390 3279 ut
437 3239 772 3301 nunquam
822 3219 1014 3283 liceat
1061 3219 1278 3302 quieta
1327 3227 1549 3284 mente
1600 3219 1969 3283 consistere.
2061 3218 2382 3301 Quodque
2436 3219 2515 3281 de

314 3322 772 3403 superstitiosis
821 3322 1046 3385 asserit
1099 3322 1336 3385 Orator
1385 3322 1739 3400 Romanus,
1800 3322 1933 3407 [De
1983 3322 2193 3386 Divin.
2244 3324 2311 3387 ii.
2368 3324 2503 3407 72]

313 3422 552 3485 nostris
603 3422 781 3487 hisce
831 3422 1320 3488 Melancholicis
1367 3425 1637 3507 pulchre
1695 3423 2003 3507 quadrat:
2070 3430 2111 3461 “
2134 3426 2514 3509 Perfugium

311 3525 566 3589 videtur
614 3526 906 3590 omnium
944 3526 1240 3591 laborum
1285 3533 1350 3589 et
1395 3524 1901 3591 sollicitudinum
1948 3548 2085 3592 esse
2128 3550 2411 3608 somnuS,
2446 3538 2513 3593 at

313 3648 393 3690 ex
421 3648 498 3690 eo
525 3628 665 3710 ipso
692 3629 1006 3712 plurimae
1037 3648 1227 3692 curae
1257 3634 1599 3711 metusque
1618 3635 1979 3692 nascuntur
1994 3630 2060 3707 ;’'
2107 3631 2261 3694 dum
2284 3632 2515 3695 funera

309 3736 572 3793 tantum
599 3731 672 3794 in
707 3730 993 3809 somniis,
1025 3737 1090 3794 et
1123 3730 1508 3794 denatorum
1552 3730 1905 3795 amicorum
1940 3732 2229 3810 umbrae,
2261 3755 2512 3816 reprae-

312 3838 668 3896 sentantur.
759 3834 868 3897 Ita
909 3839 1048 3897 tam
1107 3832 1323 3896 animo
1382 3853 1581 3917 quam
1640 3854 1901 3916 corpore
1956 3836 2509 3913 excarnificantur,

312 3938 494 4020 quasi
519 3936 680 4001 haec
719 3937 852 4000 vita
896 3936 1106 4000 omnis
1134 3936 1305 4019 ignis
1351 3943 1518 4000 esset
1563 3938 2071 4019 expurgatoriuS,
2102 3938 2170 4000 in
2219 3960 2347 4020 quo
2378 3960 2509 4000 sce-

310 4039 462 4117 lera,
509 4039 634 4103 alio
680 4039 751 4101 in
799 4044 977 4101 statu
1021 4044 1408 4122 perpetrata,
1447 4040 1587 4122 jam
1632 4038 1887 4103 luerent
1934 4047 2127 4122 atque
2158 4040 2507 4123 expiarent.

309 4141 540 4225 Neque
567 4141 691 4206 hoc
719 4148 980 4205 tantum
1008 4142 1312 4204 maniacis
1339 4140 1569 4205 accidit
1601 4148 1669 4205 et
1694 4141 1983 4225 suffosis,
2018 4163 2177 4224 quos
2219 4141 2509 4219 dicimus,

306 4242 422 4307 sed
450 4245 648 4308 etiam
685 4244 833 4323 illis,
865 4242 996 4327 qui,
1029 4243 1084 4307 si
1121 4242 1240 4307 hos
1285 4242 1484 4307 animi
1513 4244 1795 4327 impetus
1840 4244 2134 4327 excipias,
2165 4242 2513 4325 prudentia

375 4426 400 4458 Ι
434 4424 464 4445 “
479 4422 605 4469 Ram
622 4426 720 4470 aris
743 4421 990 4483 proverbio
1012 4421 1259 4469 dicebatur
1281 4436 1356 4469 res
1379 4422 1578 4483 quaevis
1594 4437 1717 4471 nova
1741 4429 1790 4469 et
1810 4422 2011 4469 inventu
2032 4424 2269 4485 pei-rard·
2292 4420 2515 4482 (Erasini

309 4486 470 4545 Δάας.
497 4484 544 4532 ii.
575 4487 610 4534 l.
639 4487 743 4547 21.)

1357 4568 1398 4628 3
1435 4587 1472 4628 n
