3138 5006
692 298 825 363 344
1317 290 1708 365 THOMAE
1757 298 2276 364 SYDENHAM

388 478 475 526 Da
500 476 583 525 vi
590 488 672 523 111-
696 460 897 524 vitam
924 461 1063 544 ipso
1089 461 1259 525 facto
1289 461 1717 545 extinguant,)
1755 482 1951 545 quam
1980 461 2187 545 magis
2217 459 2430 525 dubiis
2461 474 2535 525 ac
2562 458 2910 524 fallacibus

390 554 518 654 θ’·ζῗ,
524 540 673 654 gru-⁸·
700 563 997 627 Medicae
1026 564 1208 627 Artis
1242 564 1503 647 regulis.
1594 563 1892 647 Exempli
1921 564 2170 646 gratia:
2214 562 2395 627 febre
2425 561 2692 626 ardente
2721 562 2908 625 labo·

696 688 849 731 rans
877 667 1190 731 tenuioris
1228 673 1421 751 potus
1448 666 1856 749 refrigerium
1889 664 2236 729 liberaliori
2273 686 2478 728 manu
2521 682 2906 727 concessum

696 765 779 830 iri
814 766 1231 830 vehementer
1275 766 1624 849 efflagitat3
1691 766 1872 831 Artis
1912 766 2052 850 jam
2093 766 2516 845 theoremata,
2557 762 2908 849 hypothesi

694 866 891 930 alicui
916 866 1158 944 innixa,
1192 889 1355 950 quae
1386 868 1508 931 sibi
1538 868 1736 931 alium
1775 890 2038 953 scopum
2067 869 2389 952 proponit,
2423 888 2702 952 quocum
2737 888 2906 951 pug-

696 976 814 1034 nat
856 969 1123 1054 liquoris
1166 970 1463 1053 frigentis
1504 970 1935 1055 indulgentia,
1989 970 2306 1055 appetitui
2350 970 2788 1047 adversantur,
2837 977 2907 1034 et

698 1070 893 1156 hujus
920 1071 1063 1135 1000
1091 1071 1638 1137 medicamentum
1667 1073 2032 1137 cardiacum
2061 1073 2402 1156 imperant.
2491 1071 2681 1135 Idem
2711 1091 2909 1153 aeger

700 1173 993 1238 alimenti
1036 1194 1229 1238 omne
1274 1196 1501 1257 genus,
1543 1175 1807 1259 dempto
1851 1181 2015 1258 potu
2055 1174 2261 1253 tenui,
2301 1174 2734 1257 maximopere
2775 1174 2906 1236 fas-

700 1276 889 1353 tidit3
948 1276 1057 1340 hic
1104 1276 1252 1356 Ars,
1294 1277 1574 1341 maxime
1615 1276 1730 1340 illa
1776 1298 1970 1359 quam
2013 1277 2400 1361 profitentur
2445 1276 2800 1340 curatrices
2840 1282 2910 1338 et

700 1378 893 1443 amici
928 1378 1275 1458 adstantes,
1307 1379 1573 1444 omnino
1611 1378 2080 1444 comedendum
2109 1400 2248 1443 esse
2283 1378 2516 1443 acriter
2543 1377 2906 1442 contendit.

702 1480 910 1561 Alter,
950 1488 1097 1566 post
1144 1481 1528 1546 diuturnum
1568 1481 1650 1546 ab
1692 1481 1916 1546 eadem
1962 1503 2156 1546 causa
2198 1482 2596 1565 languorem,
2640 1480 2911 1545 absurdi

700 1585 967 1669 aliquid,
991 1592 1057 1650 et
1088 1584 1261 1669 quod
1280 1585 1447 1649 forte
1475 1606 1708 1650 nocere
1735 1606 1921 1669 posse
1949 1586 2261 1667 videatur,
2285 1586 2520 1650 obnixe
2539 1586 2747 1669 petit3
2777 1586 2909 1648 Ars

702 1686 943 1751 iterum
986 1688 1260 1752 molesta
1300 1708 1368 1751 se
1407 1688 1696 1771 opponit,
1729 1694 1796 1752 et
1839 1696 2116 1752 mortem
2155 1689 2440 1753 intentat
2483 1708 2734 1752 morem
2769 1708 2908 1752 non

702 1788 979 1871 gerenti,
1023 1788 1150 1852 nisi
1182 1788 1349 1854 forte
1392 1789 1569 1873 ipsus
1616 1790 1873 1854 Artifex
1913 1812 2146 1854 sanum
2185 1790 2372 1854 illum
2421 1789 2910 1875 prudentissimi

708 1892 1120 1975 Hippocratis
1147 1892 1583 1973 Aphovismum
1626 1891 1718 1976 [ii.
1751 1896 1859 1956 38.
1888 1899 1938 1956 t.
1971 1893 2060 1957 iii.
2091 1916 2156 1977 p.
2185 1894 2362 1977 712]
2401 1894 2599 1977 probe
2635 1914 2910 1957 concox-

705 1992 850 2071 erit,
908 1992 1029 2075 [Tb
1073 1996 1324 2080 σμικρῷ
1363 1996 1580 2080 χεῖρον
1622 1992 1731 2058 καὶ
1779 1993 1961 2073 πόμα
2002 1993 2112 2059 καὶ
2155 1996 2379 2074 σιτίον,
2431 1992 2607 2077 ἥδιον
2648 1992 2737 2070 δὲ,
2777 1996 2913 2059 τῶν

702 2092 1057 2169 βελτιόνων
1088 2093 1224 2175 μὲν,
1255 2092 1650 2182 ἀηδεστέρων
1691 2093 1776 2176 δὲ,
1816 2098 2074 2177 μᾶλλον
2099 2094 2394 2183 αἱρετέον,
2433 2098 2476 2160 ι.
2497 2096 2587 2179 0.]
2633 2097 2822 2160 Cibus
2850 2103 2914 2159 et

696 2200 889 2274 potus
911 2196 1111 2276 paulo
1142 2196 1429 2275 deterior,
1458 2200 1712 2262 suavior
1741 2204 1964 2277 tamen,
1994 2200 2346 2263 melioribus
2383 2200 2644 2282 quidem,
2673 2200 2839 2262 sed'
2813 2220 2912 2262 m-

406 2315 487 2363 Na
468 2322 651 2438 nmmrti’,
702 2297 1092 2361 :navim-ibus
1118 2298 1263 2379 (hoc
1290 2305 1408 2377 est,
1440 2301 1644 2363 minus
1667 2302 1920 2384 φαίη)
1947 2308 2039 2365 est
2068 2302 2539 2383 anteponendus.
2615 2302 2782 2385 [27²]
2825 2302 2916 2366 In

404 2395 501 2491 mn
488 2379 651 2492 εἷ’
710 2399 811 2462 his
840 2400 1141 2464 omnibus
1170 2399 1465 2465 Naturae
1500 2402 1600 2484 (ut
1630 2402 1926 2487 videtur,)
1976 2404 2487 2470 aberrationibus
2530 2404 2862 2488 quilibet
2841 2426 2916 2467 10

400 2509 657 2570 serendus
709 2501 893 2586 praxi
936 2501 1187 2568 medica
1228 2503 1329 2568 vel
1377 2505 1786 2570 mediocriter
1829 2513 2137 2586 versatus,
2182 2507 2376 2572 modo
2427 2509 2719 2572 animum
2764 2507 2915 2571 dili-

708 2613 939 2688 genter
962 2605 1324 2687 adverterit,
1345 2607 1531 2672 facile
1554 2609 1883 2688 concedet,
1907 2632 2131 2726 aegros
2152 2610 2328 2674 haud
2356 2631 2612 2693 paucos,
2635 2610 2751 2673 ubi
2779 2611 2916 2694 pri-

705 2727 891 2772 mum
919 2710 1157 2791 (spreto
1179 2709 1423 2774 Medici
1448 2710 1840 2794 dictamine,)
1866 2713 2057 2795 genio
2079 2733 2198 2778 suo
2220 2711 2819 2790 obsecundaverint,
2845 2733 2918 2775 se

704 2811 940 2874 melius
980 2811 1301 2877 habuisse.
1392 2815 1626 2898 Neque
1664 2814 1788 2879 hoc
1817 2835 1972 2879 sane
2009 2815 2371 2895 mirabitur,
2404 2816 2516 2899 qui
2559 2837 2782 2879 secum
2811 2837 2916 2880 re-

702 2913 1051 2997 putaverit,
1076 2915 1637 3000 Sapientissimum
1653 2939 1871 2982 rerum
1887 2919 2179 2982 omnium
2191 2918 2642 2984 Conon-oanni
2665 2918 2919 2984 Suro-

712 3036 985 3131 nanque
1028 3019 1325 3083 universa
1366 3026 1503 3084 tam
1548 3019 1867 3103 exquisito
1911 3020 2136 3084 ordine
2181 3021 2543 3099 absolvisse,
2581 3028 2676 3099 111,
2719 3021 2920 3085 3101111

712 3118 931 3182 omnia
956 3119 1250 3184 Naturae
1294 3122 1465 3184 mala
1494 3120 1577 3185 ad
1615 3123 2132 3187 concinnandam
2175 3124 2378 3187 totius
2418 3123 2626 3207 operis
2653 3122 2919 3188 harmo-

711 3219 889 3284 niam
933 3221 1189 3304 egregie
1237 3224 1628 3307 conspirent,
1674 3224 1768 3288 ita
1811 3245 2036 3288 eorum
2076 3225 2334 3307 singula
2374 3225 2589 3288 divino
2631 3224 2920 3308 quodam

712 3320 998 3399 artificio,
1044 3323 1335 3406 propriae
1378 3325 1693 3389 essentiae
1738 3326 1921 3409 quasi
1972 3327 2343 3405 intertextO,
2391 3326 2735 3405 donantur,
2783 3347 2920 3409 quo

712 3420 1077 3506 subjectum
1120 3423 1345 3489 eadem
1380 3426 1551 3490 mala
1597 3449 1635 3492 a
1675 3449 1742 3491 se
1787 3429 2167 3507 amoliatur,
2216 3426 2442 3510 quod'
2423 3450 2494 3491 10
2537 3426 2920 3492 morborum

406 3539 496 3588 Mo
497 3538 609 3587 riba
609 3553 686 3586 cu·
712 3545 907 3609 quam
934 3525 1223 3608 plurium
1252 3534 1590 3593 acutorum
1620 3529 1798 3593 exitu
1827 3529 2109 3594 naturali
2139 3530 2294 3594 satis
2333 3529 2635 3609 cernitur,
2673 3528 2921 3612 (acutos

404 3604 687 3716 ἱζΕιὶἷΜω
714 3627 875 3706 11100,
896 3627 1007 3711 qui
1026 3635 1103 3692 ut
1124 3628 1477 3711 plurimum
1500 3631 1772 3695 DEUM
1794 3630 2038 3696 habent
2060 3632 2418 3712 authorem,
2443 3631 2609 3696 sicut
2627 3631 2922 3695 chronici

402 3732 563 3844 hhben
530 3741 585 3781 nt
596 3747 684 3781 au·
711 3729 881 3812 ipsos
910 3731 1074 3813 nos,)
1108 3732 1210 3795 uti
1238 3731 1434 3796 etiam
1470 3733 1543 3796 in
1579 3731 2111 3816 propensionibus
2151 3733 2292 3796 istis
2324 3753 2486 3815 quae
2513 3733 2676 3795 tales
2714 3730 2918 3794 comi-

397 3805 455 3976 {nii
442 3813 565 3911 ,ἷῖ
540 3813 628 3911 ¹¹1¹,
628 3877 672 3910 0.
712 3839 939 3898 tantur
985 3834 1265 3915 morbos,
1315 3841 1382 3900 et
1435 3836 1517 3900 ad
1577 3857 1846 3919 aegrum
1891 3835 1971 3900 ab
2019 3835 2130 3899 illa
2175 3835 2458 3920 pernicie
2502 3829 2920 3898 liberandum

483 3943 653 3992 ’ΨΜ
710 3935 881 3999 viam
910 3942 1193 4015 struunt,
1224 3958 1419 4020 quam
1439 3938 1567 4001 Ars
1599 3938 1826 4016 adfert,
1851 3938 2140 4021 quoties'
2120 3960 2189 4002 111
2219 3938 2432 4003 fatuos
2454 3936 2643 4001 cadit.
2689 3936 2920 4018 Atque

708 4040 781 4102 in
808 4038 931 4104 hoc
962 4061 1115 4104 sane
1149 4038 1317 4104 bene
1346 4060 1496 4103 cum
1523 4039 1895 4104 hominibus
1933 4039 2167 4122 agitur,
2215 4061 2491 4123 quorum
2520 4058 2721 4122 genus
2761 4037 2918 4100 uni-

708 4165 965 4207 versum
1024 4143 1212 4208 aliter
1268 4165 1337 4207 30
1394 4165 1708 4228 perquam
1765 4144 1933 4207 male
1991 4142 2324 4207 habuisset
2379 4149 2525 4206 tum
2575 4160 2724 4204 cum
2783 4137 2921 4202 Ars

708 4245 971 4310 Medica
999 4247 1177 4312 intra
1202 4248 1425 4312 breves
1450 4247 1760 4311 Hellados
1791 4246 2104 4311 cancellos
2133 4253 2275 4310 tota
2301 4250 2540 4321 staret3
2587 4261 2752 4326 quae
2771 4241 2920 4323 qni-

706 4349 859 4413 dem
888 4371 1032 4414 eam
1059 4351 1191 4415 fere
1222 4352 1303 4416 ad
1332 4359 1649 4415 terrarum
1689 4350 1910 4415 orbem
1949 4350 2428 4433 proportionem
2464 4345 2680 4424 habet,
2714 4363 2922 4427 quam

709 4452 905 4518 habet
934 4454 1237 4538 ignobilis
1277 4456 1489 4539 aliqua
1514 4456 1666 4520 villa
1695 4455 1777 4519 ad
1803 4460 2092 4518 nostram
2119 4451 2289 4516 hanc
2317 4447 2744 4514 Britanniam.
2821 4445 2923 4510 Et

400 4006 507 4041 nos.
