3138 5006
544 201 1339 267 OBSERVATIONUM
1386 200 1953 266 MEDICARUM
2000 213 2045 267 Ι.
2073 219 2124 278 3,
2148 223 2197 272 4.
2374 202 2461 263 39

297 348 448 423 fim'to
478 370 768 445 tempore
794 354 1020 447 ‘exigat
1063 364 1496 447 eliminetque.
1588 362 1695 427 Ad
1731 361 1907 441 haec,
1939 361 2460 445 quandoquidem
2504 374 2755 423 Conana

287 464 408 526 illae
435 486 756 528 annorum
786 466 1284 529 constitutiones
1315 488 1477 549 quae
1508 464 2028 530 Intermittentes
2051 464 2459 529 autumnales
2485 439 2766 551 3¹22ssss

280 575 648 647 promovent,
731 568 1186 632 communibus
1259 570 1445 632 annis
1520 570 1730 632 multo
1803 569 2054 652 saepius
2124 574 2460 631 recurrant
2526 569 2732 615 ’fil-'⁶⁴¹¹-

274 689 440 748 quam
481 669 635 734 illae
682 692 856 755 quae
901 672 982 734 ad
1031 678 1313 735 caeteros
1342 671 1744 754 Epidemicos
1787 671 2056 748 faciunt,
2102 670 2459 734 necessario
2485 681 2686 728 caeten's

267 771 533 851 sequitur
561 781 645 837 ut
694 795 859 856 quae
893 774 1041 837 illas
1071 774 1415 838 comitatur
1445 773 1668 837 Febris
1700 774 2030 838 Continua
2055 773 2457 855 frequentius
2484 744 2739 870 {flssfffiffss‘

262 881 552 938 accurset.

339 974 454 1059 [7.]
512 980 615 1041 At
670 987 926 1062 praeter
973 985 1405 1063 symptomata
1453 1001 1618 1063 quae
1672 986 1953 1043 caeteras
1985 980 2221 1044 Febres
2257 980 2458 1063 stipae·

253 1075 416 1155 bant,
478 1080 678 1144 dicta
735 1082 958 1145 Febris
1027 1083 1442 1164 sequentibus
1501 1082 1764 1165 insuper
1816 1082 2205 1165 urgebatur:
2267 1103 2457 1165 aeger

243 1177 631 1264 plerumque
667 1184 952 1246 animam
986 1191 1246 1247 tantum
1275 1206 1409 1248 non
1449 1185 1703 1267 agebat,
1735 1184 2207 1262 vomituriebat,
2232 1184 2457 1267 lingua
2484 1200 2709 1264 Sympto-

241 1280 398 1345 sicca
441 1293 515 1347 et
564 1286 784 1367 nigra,
828 1286 1061 1367 ingens
1107 1308 1180 1349 ac
1232 1286 1568 1350 subitanea
1609 1287 1841 1349 virium
1886 1288 2342 1365 consternatio,
2388 1295 2455 1351 et
2481 1267 2737 1391 ffggfiissff

237 1384 525 1464 partium
570 1396 992 1451 externarum
1034 1389 1303 1452 siccitas,
1395 1389 1608 1452 Urina
1642 1389 1881 1472 ubique
1929 1390 2029 1453 vel
2076 1411 2308 1465 crassa,
2355 1389 2455 1452 vel
2481 1393 2695 1441 euliaria.

236 1488 472 1566 tenuis,
506 1497 797 1572 utraque
835 1512 914 1553 ex
944 1511 1146 1573 aequo
1182 1490 1516 1554 cruditatis
1553 1492 1883 1555 indicium.
1975 1492 2058 1554 In
2094 1491 2301 1554 morbi
2347 1491 2455 1554 de·

239 1588 622 1670 clinatione,
649 1594 985 1656 diarrhoea
1020 1593 1165 1674 (nisi
1195 1594 1359 1657 forte
1382 1594 1679 1657 Medicus
1708 1594 2022 1678 principio
2053 1592 2449 1676 obstitisset‚)

238 1695 780 1778 super-jungebat,
843 1695 1019 1758 unde
1078 1695 1339 1759 morbus
1404 1697 1789 1779 previcacior
1855 1695 2146 1758 redditus
2211 1695 2454 1758 (liutius

239 1794 598 1877 affligebat.
693 1798 823 1860 Sed
868 1806 1095 1881 suopte
1139 1798 1400 1879 ingenio
1453 1820 1526 1862 ac
1569 1799 1827 1881 propria
1867 1798 2084 1860 indole
2130 1797 2235 1859 vix
2281 1797 2457 1861 ultra

239 1893 412 1960 diem
465 1900 798 1962 decimum
830 1909 1133 1982 quartum
1172 1901 1272 1963 vel
1312 1901 1683 1963 vicesimum
1714 1901 1989 1983 primum
2022 1898 2450 1982 perdurabat,

241 2019 365 2080 quo
412 2003 708 2084 primum
737 2009 1046 2085 tempore,
1079 2002 1306 2066 oborto
1351 2003 1582 2067 sudore
1621 2004 1720 2065 vel
1759 2004 1973 2086 potius
2004 2002 2135 2065 leni
2164 2001 2446 2081 madore,

237 2103 511 2168 morbus
561 2105 962 2169 solvebatur:
1015 2125 1224 2188 neque
1271 2106 1444 2188 prius
1483 2104 1709 2168 urinae
1744 2104 2050 2168 coctionis
2092 2104 2278 2185 signa
2307 2125 2450 2186 pro-

239 2201 512 2284 debant,
549 2207 721 2289 quod
745 2209 881 2290 jam
911 2215 985 2271 ut
1015 2208 1368 2290 plurimum
1391 2207 1743 2271 eveniebat.
1844 2208 1964 2291 [8.]
2021 2207 2201 2272 Quin
2231 2214 2297 2270 et
2325 2208 2453 2271 alia

237 2308 788 2390 superveniebant
820 2318 1252 2394 symptomata
1282 2310 1531 2392 quoties
1559 2310 1667 2372 hic
1701 2309 1962 2373 morbus
1997 2310 2214 2372 minus
2243 2310 2449 2393 perite

237 2411 673 2475 tractabatur.
794 2414 885 2477 At
940 2434 1090 2475 vero
1140 2419 1284 2476 tum
1332 2412 1508 2490 haec,
1557 2419 1702 2475 tum
1746 2412 1943 2475 etiam
1988 2412 2196 2475 omnis
2239 2411 2449 2475 morbi

239 2515 498 2593 genius,
553 2515 788 2578 clarius
833 2516 1194 2579 elucescent
1238 2536 1315 2578 ex
1359 2515 1666 2598 peculiari
1707 2514 2011 2578 methodo
2058 2536 2250 2598 quam
2295 2515 2452 2580 olim

240 2612 395 2680 huic
444 2616 643 2679 Febri
684 2618 1327 2694 accommodaveram,
1376 2637 1569 2699 quam
1615 2617 1830 2699 itaque
1874 2617 2002 2679 huc
2046 2617 2446 2695 transferam,

244 2716 502 2797 (saltem
551 2717 726 2800 quod
765 2719 845 2780 ad
880 2740 1017 2781 rem
1052 2725 1341 2782 nostram
1372 2718 1658 2801 apprime
1702 2718 1939 2799 faciat)
1976 2725 2166 2801 prout
2188 2718 2447 2800 jamdu-

242 2817 400 2883 dum
433 2821 609 2904 typis
642 2821 1118 2903 evulgaveram;
1175 2843 1300 2904 quo
1338 2821 1598 2903 quidem
1640 2829 1928 2904 tempore
1964 2819 2256 2882 nondum
2287 2818 2450 2882 mihi

237 2922 623 2989 innotuerat
673 2924 859 2986 aliam
908 2924 1186 3007 aliquam
1232 2924 1452 2988 Febris
1505 2926 1781 3008 speciem
1833 2925 1905 2987 in
1949 2944 2166 2987 rerum
2211 2930 2450 2986 natura

238 3026 539 3091 inveniri.

1053 3279 1056 3282 ’
1162 3268 1355 3333 CAP.
1404 3268 1547 3335 IV.¹

443 3421 668 3485 Febris
701 3421 998 3484 Continuo
1028 3444 1328 3486 annorum
1361 3424 1550 3501 1661,
1588 3425 1775 3502 1662,
1812 3425 1999 3502 1663,
2035 3425 2269 3487 1664.m

322 3575 571 3637 Panno
621 3572 896 3655 quidem,
946 3575 1208 3638 adverto
1262 3574 1697 3638 inordinatam
1754 3575 1933 3638 illam
1995 3597 2239 3638 massae
2299 3597 2444 3641 san·

1514 3687 1542 3713 ¹¹
1562 3699 1676 3740 scu
1695 3699 1972 3755 causam,
1986 3698 2099 3740 seu
2121 3678 2441 3756 comitem,

1513 3801 1675 3844 enea
1719 3781 2032 3864 quaedam
2077 3782 2345 3845 materia
2374 3781 2442 3846 in

1513 3931 1647 3991 facin,
1671 3941 1723 3980 ut
1753 3937 1909 3994 palam
1928 3936 2019 3993 fiat
2052 3938 2305 3995 therapium
2337 3952 2442 3981 nos-

1522 4016 1608 4045 non
1625 4015 1719 4046 esse
1737 4015 1923 4059 prorsus
1941 4002 2152 4059 empirice
2171 4003 2442 4055 inslitutam,

1513 4062 1704 4117 immadi
1720 4079 1836 4124 quae
1857 4066 2015 4109 solidis
2036 4067 2260 4110 rationum
2270 4060 2445 4121 fitteris

1513 4134 1630 4184 atur,
1651 4135 1732 4174 aut
1753 4130 1913 4174 saltem
1935 4130 2062 4173 nobis
2087 4130 2223 4173 ιἠηἰίἰ
2245 4130 2343 4172 visa
2363 4130 2438 4173 sit.

1515 4208 1622 4238 ann.
1648 4193 1788 4247 1661,
1808 4193 1904 4248 '62‚
1921 4191 2016 4246 ’63,
2034 4190 2142 4251 ⁹64]
2166 4189 2304 4250 hujus
2325 4191 2440 4236 Con-

1513 4258 1644 4303 tionis
1666 4256 1740 4303 ed.
1765 4259 1777 4279 ⁹
1784 4256 1858 4306 76.

1513 4321 1676 4367 Febris
1697 4318 1858 4381 hujus]
1887 4320 2100 4365 Febrium
2124 4319 2313 4363 omnium
2338 4317 2442 4364 edd.
