3138 5006
704 255 837 316 454
1192 249 1399 314 THO.
1452 245 1970 312 SYDENHAM
2015 245 2323 310 TRACT.
2371 247 2428 309 I.

418 433 503 487 Dr.
530 431 665 480 Pon-
706 411 955 496 pulveri
994 409 1355 476 exhibendo
1395 408 1683 472 debitam
1723 406 2154 485 observatum,
2193 427 2458 491 scopum
2495 415 2682 472 recta
2719 407 2936 471 attin-

470 510 627 544 Aona.
710 517 941 598 gimus,
972 515 1075 577 vix
1116 513 1196 577 ab
1232 513 1345 576 illo
1374 511 1748 576 aberrantes
1787 531 2078 592 unquam
2117 509 2244 572 nisi
2273 531 2540 592 aegrum
2575 511 2750 575 lecto
2783 511 2936 574 sine

708 618 843 682 ulla
871 616 1251 680 necessitate
1282 613 1639 679 addicimus
1671 612 1828 676 dum
1855 613 1927 675 in
1957 613 2096 696 ejus
2123 635 2250 676 usu
2279 621 2411 677 est:
2473 621 2664 677 tanta
2691 621 2932 677 tamen

710 727 807 785 est
844 721 1038 804 hujus
1074 718 1346 782 remedii
1382 718 1497 796 vis,
1536 725 1632 797 ut,
1665 738 1799 780 non
1830 715 2130 781 obstante
2169 739 2245 781 eo
2285 718 2698 798 incommodi,
2738 719 2930 802 quod

708 823 948 888 scilicet
981 820 1179 886 febris
1219 841 1258 883 a
1289 820 1444 884 lecti
1480 820 1689 884 calore
1722 819 1868 902 plus
1909 841 2103 902 quam
2137 829 2277 886 erat
2313 843 2471 904 opus
2509 822 2924 900 intendatur,

708 947 975 1014 aegrum
1032 922 1451 989 nihilominus
1518 921 1604 986 ad
1661 921 2007 987 sanitatem
2067 930 2142 986 ut
2199 924 2554 1006 plurimum
2617 924 2920 989 reducat..

707 1032 971 1095 Interea
1028 1028 1231 1093 donec
1295 1026 1455 1090 haec
1511 1026 1846 1110 Podagrae
1905 1027 2153 1091 curatio
2219 1028 2514 1092 radicalis
2579 1036 2924 1112 comperta

704 1133 920 1224 fuerit,
974 1131 1170 1215 (quod
1214 1128 1506 1194 Medicos
1557 1149 1802 1208 omneS,
1848 1149 1953 1192 me
2006 1150 2160 1212 prae
2205 1130 2492 1210 caeteris,
2538 1137 2762 1214 optare
2813 1131 2920 1194 fas

707 1236 848 1318 est,)
875 1236 1045 1300 hanc
1064 1254 1277 1301 meam
1302 1232 1816 1316 qualemcunque
1845 1231 2124 1314 opellam
2151 1231 2309 1296 boni
2331 1233 2680 1298 consulite:
2727 1234 2920 1316 quod

706 1339 761 1404 si
790 1339 1006 1404 minus
1035 1337 1307 1414 eveniat,
1338 1334 1679 1399 hominum
1713 1354 1923 1397 mores
1951 1334 2047 1397 ita
2072 1333 2271 1418 probe
2304 1343 2668 1418 perspectos
2695 1335 2918 1400 11011οο

706 1448 781 1505 ut
825 1462 959 1504 non
1004 1441 1287 1505 multum
1330 1437 1535 1514 fallar,
1585 1445 1652 1500 et
1692 1437 1882 1500 officii
1919 1436 2051 1502 mei
2084 1438 2406 1502 rationem
2451 1439 2548 1502 ita
2583 1439 2785 1502 calleo
2829 1447 2916 1502 ut

706 1546 923 1610 animo
980 1545 1359 1628 neutiquam
1416 1541 1664 1606 cadam.
1753 1542 1843 1604 Et
1891 1541 1946 1604 si
1997 1540 2346 1604 saevissimi
2394 1542 2501 1606 isti
2559 1541 2914 1620 cruciatae,

704 1650 1089 1734 impotentia
1138 1647 1221 1712 ad
1270 1653 1541 1724 motum,
1584 1653 1962 1728 caeteraque
2005 1645 2288 1728 corporis
2337 1647 2524 1725 mala,
2568 1668 2732 1730 quae
2785 1668 2916 1730 ego

703 1777 819 1840 per
848 1753 1193 1820 maximam
1220 1751 1389 1814 vitae
1417 1746 1710 1834 partem¹³¹
1742 1770 1886 1812 sum
1915 1770 2272 1832 perpessus,
2303 1750 2460 1832 (una
2485 1771 2636 1813 cum
2665 1749 2914 1814 damno

705 1857 800 1922 rei
818 1856 1149 1922 familiaris
1180 1854 1355 1939 quod
1376 1853 1676 1932 sustinui,
1697 1875 1737 1916 a
1757 1851 2092 1918 Medicina
2111 1852 2408 1916 facienda
2423 1853 2616 1916 toties
2639 1853 2918 1918 adversa

704 1961 1069 2024 valetudine
1127 1960 1472 2042 avocatus,)
1530 1957 1670 2020 aliis
1731 1956 2013 2040 quietem
2073 1963 2138 2022 et
2195 1955 2597 2038 &namqu-lav
2651 1959 2912 2042 possint

706 2086 1093 2148 comparare,
1138 2064 1263 2129 erit
1312 2061 1486 2126 unde
1530 2083 1636 2125 me
1677 2061 1964 2126 fructum
2009 2061 2288 2145 aliquem
2335 2062 2736 2128 miseriarum
2783 2062 2912 2126 hu-

700 2169 809 2254 jus
838 2167 1109 2252 generis,
1144 2187 1301 2248 quas
1332 2166 1402 2228 in
1442 2165 1561 2230 hac
1593 2164 1726 2228 vita
1761 2164 2050 2244 toleravi,
2086 2165 2158 2230 in
2200 2165 2392 2228 aliam
2433 2165 2718 2248 migrans
2759 2186 2912 2249 per-

706 2271 945 2356 cepisse
976 2268 1373 2336 existimabO.

1291 2404 1315 2437 ¹¹
1350 2407 1426 2456 cf.
1454 2423 1559 2469 sup.
1587 2410 1610 2468 5
1639 2408 1660 2454 1
1687 2427 1698 2463 ς
1733 2409 1887 2468 Epist.
1913 2409 2132 2468 Respons.
2155 2409 2194 2455 1.
2222 2411 2244 2470 ς
2273 2410 2316 2455 1.
