3138 5006
655 277 742 341 62
1277 269 1675 337 'I'HOMAE
1729 271 2247 336 SYDENHAM

393 452 590 500 Fauna
657 443 724 501 et
781 434 946 501 ratio
1003 433 1134 512 illa,
1195 454 1322 516 qua
1380 431 1460 494 de
1519 430 1769 495 medela
1826 431 2129 496 Febrium
2188 431 2533 497 universim
2603 434 2861 519 loquuti

351 520 632 630 ἓξξζὲζκ
657 540 868 604 fluxus
896 538 1164 621 hujusce
1199 534 1470 599 sistendi
1507 534 1957 598 necessitatem
1988 535 2325 600 ostendere
2365 537 2581 600 conati
2612 559 2859 617 sumus,

388 649 593 695 ’61-’64-
659 641 852 707 etiam
881 641 988 704 hic
1018 639 1282 704 omnino
1321 637 1533 722 lqcum
1565 636 1841 702 obtinet.
1930 638 2130 701 Nunc
2170 645 2384 702 autem
2416 639 2579 703 illud
2616 640 2871 704 adden-

347 732 616 844 ssfflffffiss
661 745 816 810 dum
862 752 982 822 est,
1015 744 1184 826 (mea
1219 742 1475 825 quidem
1523 740 1848 804 sententia
1892 741 2443 807 animadversione
2477 763 2613 806 non
2641 743 2868 827 indig-

350 860 516 934 guinis
540 861 625 908 de-
659 848 863 929 num‚)
927 865 1162 928 nempe
1219 844 1302 908 ad
1377 844 1725 926 genuinam
1788 845 2121 927 sanguinis
2180 845 2669 928 depurationem
2721 867 2865 912 non.

351 933 586 1036 {32²²}ss-
658 957 916 1014 tantum
961 947 1386 1012 necessariam
1445 966 1585 1009 esse
1626 943 1801 1008 illam
1850 946 2251 1028 quarundam
2310 949 2593 1030 partium
2652 969 2865 1013 secre-

351 1055 466 1130 pyex
479 1069 634 1131 ⁸005?-
659 1051 898 1116 tionem
933 1071 1096 1134 quae
1125 1071 1239 1133 per
1277 1049 1484 1113 faeces
1513 1048 1609 1127 fit,
1640 1047 1753 1110 sed
1787 1049 2135 1130 requiritur
2173 1049 2367 1114 etiam
2407 1058 2485 1114 ut
2522 1072 2863 1116 secernan-

350 1127 634 1246 ζοζὲῗξζῗξ
658 1160 770 1218 tur
812 1154 992 1232 aliae,
1025 1160 1336 1235 tanquam
1372 1151 1599 1214 flores¹
1621 1176 1641 1226 3
1706 1150 1774 1215 id
1798 1149 1970 1232 quod
1996 1150 2069 1214 in
2100 1151 2241 1214 aliis
2272 1153 2467 1215 etiam
2504 1153 2863 1236 liquoribus

353 1249 635 1374 {52:³12}
659 1256 980 1340 opulentis
1029 1263 1220 1339 atque
1263 1253 1709 1336 heterogeneis
1762 1252 2049 1335 quotidie
2089 1255 2434 1318 cernimus.
2524 1257 2757 1339 Itaque
2804 1257 2865 1320 si

353 1347 442 1440 pe'r
461 1377 616 1426 fiores.
659 1360 1030 1424 diarrhoeae
1072 1358 1346 1422 nimium
1397 1356 1761 1434 indulseris,
1806 1355 2083 1418 mediam
2129 1357 2530 1421 solummodo
2588 1358 2871 1444 depura-

657 1464 922 1540 tionem,
959 1469 1296 1547 tantopere
1335 1459 1702 1542 expetitam,
1734 1458 2123 1541 procurabis,
2156 1466 2349 1541 atque
2384 1461 2581 1524 etiam
2620 1462 2869 1538 forsan,

661 1563 832 1650 quod
874 1572 1196 1649 postremo
1239 1563 1310 1628 in
1353 1563 1494 1628 loco
1536 1561 1957 1646 rejiciendum
2002 1569 2160 1639 erat,
2206 1563 2413 1642 primo
2460 1572 2865 1628 excernetur.

358 1669 492 1746 ῌῑθο
507 1685 618 1718 ⁸²¹²·
659 1670 894 1734 Fateor
929 1668 1247 1752 equidem,
1279 1665 1681 1750 separatione
1717 1664 1827 1727 illa
1865 1685 1980 1746 per
2017 1665 2206 1728 flores
2238 1665 2375 1748 jam
2419 1667 2611 1745 facta,
2650 1667 2864 1750 (quae,

354 1743 620 1862 {fsslgtplffi
657 1779 736 1835 ut
764 1771 974 1836 obiter
1010 1771 1080 1834 id
1119 1769 1458 1852 attingam,
1489 1768 1729 1830 sensim
1766 1775 1831 1830 et
1868 1767 2006 1829 sine
2052 1787 2245 1830 sensu
2284 1769 2507 1851 peragi
2548 1769 2730 1848 solet,
2764 1778 2869 1834 at-

355 1863 478 1976 22⁰¹}
499 1865 602 1976 δέ]
662 1897 786 1959 que
841 1876 1199 1959 plerunque
1256 1873 1448 1956 paulo
1491 1869 1765 1954 pleniori
1816 1867 2085 1952 διαπνοῃ
2128 1871 2345 1954 potius
2391 1894 2581 1955 quam
2628 1873 2867 1937 sudore

355 1945 616 2055 tiuzvtigam
663 1979 1046 2058 manifesto,)
1089 1975 1508 2051 diarrhoeam,
1542 1973 1595 2036 si
1648 1973 1813 2036 forte
1854 1972 2176 2051 acciderit,
2210 1974 2477 2057 periculi
2528 1996 2658 2039 non
2697 1976 2869 2039 mul-

353 2059 641 2187 ζῗῇζξξῐζζζ
663 2089 804 2145 tum
851 2077 1276 2146 interminari.
1369 2075 1714 2138 Sciendum
1748 2082 1967 2138 tamen
2015 2081 2113 2138 est
2157 2074 2333 2138 illam
2379 2083 2519 2139 tum
2565 2099 2699 2142 non
2747 2079 2869 2142 ali-

355 2188 547 2264 ragifur
567 2195 624 2235 ut
665 2183 845 2247 unde
895 2180 1201 2257 accidere,
1257 2199 1448 2262 quam
1501 2176 1673 2260 quod
1720 2177 2038 2258 purgatio,
2088 2177 2522 2243 subducendis
2574 2181 2867 2246 faecibus

351 2255 638 2398 ξὶἶᾘῗω
665 2285 895 2362 dicata,
939 2305 1075 2347 non
1117 2288 1474 2365 opportune
1515 2279 1801 2343 exhibita
1839 2279 2035 2343 fuerit
2050 2306 2071 2358 3
2118 2301 2279 2362 quae
2328 2283 2585 2364 quidem
2630 2283 2861 2364 faeces,

357 2401 486 2448 tione
507 2399 598 2447 hae
661 2408 838 2451 mora
867 2407 982 2450 sua
1000 2383 1298 2448 fermenti
1327 2383 1595 2467 alicujus
1629 2382 1893 2465 maligni
1922 2382 2201 2448 indolem
2234 2384 2523 2468 adeptae,
2547 2387 2863 2452 intestina

350 2463 623 2591 {aff-2222,
653 2492 790 2577 jam
819 2489 902 2554 ad
932 2487 1360 2553 excretionem
1383 2485 1641 2550 irritant
1661 2485 2161 2569 stimulantque,
2208 2494 2283 2550 ut
2306 2488 2601 2553 omittam
2628 2489 2862 2570 dicere,

357 2596 522 2671 quinus
539 2610 622 2656 pe·
663 2591 1146 2677 liquidissimam
1177 2590 1352 2653 illam
1391 2595 1943 2653 excrementorum
1982 2590 2464 2654 consistentiam
2506 2592 2647 2674 (tali
2686 2594 2863 2657 enim

353 2658 591 2772 ξζῖηιιξῑὶἶ.
665 2696 870 2760 forma
896 2695 1254 2779 plerunque
1284 2692 1623 2773 visuntur,)
1659 2692 1813 2754 satis
1842 2692 2126 2756 indicare
2154 2714 2229 2757 ea
2256 2713 2373 2776 pro
2402 2694 2627 2759 critica
2654 2696 2867 2760 morbi

356 2788 516 2839 '¹¹⁰²‘-
666 2798 985 2863 solutione
1017 2795 1312 2860 habenda
1339 2817 1476 2858 non
1505 2803 1699 2858 esseY.

361 2908 572 2957 Imus‘·
763 2901 928 2987 [53.]
984 2901 1228 2964 Forsan
1295 2898 1490 2963 etiam
1547 2897 1723 2961 inter
1782 2904 2244 2980 symptomata·
2270 2898 2585 2964 Febribus
2645 2923 2863 2984 super-

665 3007 991 3072 venientia
1045 3002 1364 3069 recenseri
1413 3008 1625 3085 potest
1680 3000 1880 3065 Iliaca
1936 3002 2178 3080 Passi0,
2228 3025 2304 3067 eo
2359 3004 2530 3087 quod
2587 3006 2864 3070 vomitus

666 3131 975 3187 enormes,
1009 3108 1120 3191 qui
1148 3106 1334 3170 initio
1363 3104 1666 3169 Febrium
1706 3104 1992 3168 accidere
2024 3106 2253 3183 solent,
2284 3106 2437 3170 huic
2466 3109 2863 3173 occasionem

667 3211 1050 3297 quandoque
1081 3208 1593 3272 subministrent.

755 3311 1100 3379 Horrenda
1149 3312 1307 3374 haec
1355 3310 1608 3373 affectio
1660 3318 1777 3389 est,
1832 3319 1899 3375 et
1948 3310 2077 3375 huc
2129 3332 2333 3395 usque
2384 3314 2673 3378 omnium
2728 3316 2863 3379 fere

656 3416 900 3500 judicio
939 3416 1215 3491 funesta,
1247 3435 1326 3477 ex
1354 3413 1806 3476 intestinorum
1856 3420 2037 3477 motu
2064 3414 2316 3478 inverso
2353 3436 2427 3479 ac
2456 3425 2865 3500 praepostero

663 3520 977 3601 originem
1037 3516 1297 3585 ducens.
1408 3515 1741 3579 Nimirum
1806 3515 2265 3581 intestinorum
2322 3518 2541 3596 fibrae,
2604 3541 2766 3602 quae
2824 3542 2869 3597 a

663 3621 1094 3706 superioribus
1137 3641 1354 3685 versus
1401 3618 1705 3683 inferiora
1748 3619 2041 3683 contrahi
2085 3619 2344 3699 debent,
2389 3623 2865 3687 contrahuntur

663 3726 746 3790 ad
803 3724 1147 3808 superiora,
1193 3730 1259 3785 et
1311 3740 1730 3805 quaecunque
1776 3722 1847 3785 in
1896 3722 2223 3787 intestinis
2272 3724 2692 3789 continentur
2728 3748 2868 3790 non

661 3850 880 3893 versus
909 3828 1123 3891 alvum
1153 3825 1265 3889 sed
1308 3825 1739 3888 ventriculum
1774 3825 2265 3907 protruduntur,
2298 3834 2363 3889 et
2404 3827 2654 3910 impetu
2691 3828 2865 3895 facto

663 3932 745 3996 ad
784 3952 856 3995 os
893 3928 1342 4012 regurgitant3
1388 3926 1549 3991 adeo
1584 3934 1659 3990 ut
1705 3934 2017 4005 enemata‚
2050 3936 2625 4012 quantumcunque
2672 3932 2863 4010 acria,

664 4034 937 4099 emetica
981 4015 1276 4109 evadant,
1318 4030 1418 4093 uti
1466 4030 1663 4093 etiam
1709 4030 2063 4093 cathartica
2105 4052 2219 4114 per
2261 4053 2331 4094 os
2372 4040 2703 4115 assumpta
2748 4055 2865 4117 per

663 4138 977 4205 vomitum
1023 4134 1236 4199 subito
1294 4140 1750 4197 excernuntur.
1842 4133 1949 4212 Et,
2003 4155 2149 4197 mea
2208 4134 2467 4217 quidem
2516 4137 2863 4217 sententia,

723 4339 744 4361 ⁸
782 4331 858 4378 Cf.
883 4330 968 4377 inf.
993 4345 1032 4377 c.
1059 4330 1106 4376 5.
1131 4330 1154 4387 5
1181 4328 1226 4374 3.
1800 4327 1883 4373 inf.
1918 4326 1970 4373 in
2008 4326 2134 4374 Sect.
2173 4328 2237 4375 iv.
2283 4344 2325 4376 c.
2377 4330 2422 4375 2.
2461 4328 2747 4392 plerumque
2784 4346 2859 4379 re-

725 4404 748 4434 7
785 4396 880 4442 Hic
903 4395 954 4441 in
981 4394 1054 4441 ed.
1090 4394 1168 4440 ’68
1195 4397 1468 4452 sequuntur
1499 4390 1713 4451 plurima
1802 4390 2037 4455 spondere
2068 4391 2338 4449 videantur,
2363 4392 2431 4440 ibi
2454 4393 2774 4443 invenientur.

661 4460 720 4507 de
759 4462 948 4507 cholera
983 4458 1159 4513 Morbo,
1198 4471 1337 4519 quae,
1380 4470 1534 4517 quum
1569 4454 1713 4502 dictis
1868 4452 1891 4475 ²
1930 4455 2005 4503 cf.
2032 4458 2236 4505 Prot-ess.
2262 4460 2353 4506 Int.
2381 4472 2422 4505 c.
2449 4458 2526 4507 26.
