<?xml version="1.0" encoding="UTF-8"?>
<!DOCTYPE html PUBLIC "-//W3C//DTD XHTML 1.0 Transitional//EN"
    "http://www.w3.org/TR/xhtml1/DTD/xhtml1-transitional.dtd">
<html xmlns="http://www.w3.org/1999/xhtml" xml:lang="en" lang="en">
 <head>
  <title>
</title>
<meta http-equiv="Content-Type" content="text/html;charset=utf-8" />
  <meta name='ocr-system' content='tesseract 3.04.00' />
  <meta name='ocr-capabilities' content='ocr_page ocr_carea ocr_par ocr_line ocrx_word'/>
</head>
<body>
  <div class='ocr_page' id='page_1' title='image "./operaomnia00khgoog_0410.png"; bbox 0 0 3138 5006; ppageno 0'>
   <div class='ocr_carea' id='block_1_1' title="bbox 684 0 1531 10">
    <p class='ocr_par' dir='ltr' id='par_1_1' title="bbox 684 0 1531 10">
     <span class='ocr_line' id='line_1_1' title="bbox 684 0 1531 10; baseline 0 0"><span class='ocrx_word' id='word_1_1' title='bbox 684 0 1531 10; x_wconf 95' lang='lat' dir='ltr'><strong> </strong></span> 
     </span>
    </p>
   </div>
   <div class='ocr_carea' id='block_1_2' title="bbox 779 297 2511 365">
    <p class='ocr_par' dir='ltr' id='par_1_2' title="bbox 779 297 2511 365">
     <span class='ocr_line' id='line_1_2' title="bbox 779 297 2511 365; baseline 0.002 -5"><span class='ocrx_word' id='word_1_2' title='bbox 779 297 1374 363; x_wconf 78' lang='lat' dir='ltr'><strong>DISSERTATIO</strong></span> <span class='ocrx_word' id='word_1_3' title='bbox 1419 297 2031 364; x_wconf 79' lang='lat' dir='ltr'><strong>EPISTOLARIS.</strong></span> <span class='ocrx_word' id='word_1_4' title='bbox 2382 301 2511 365; x_wconf 80' lang='lat'><strong>387</strong></span> 
     </span>
    </p>
   </div>
   <div class='ocr_carea' id='block_1_3' title="bbox 297 455 2815 1776">
    <p class='ocr_par' dir='ltr' id='par_1_3' title="bbox 297 455 2814 1667">
     <span class='ocr_line' id='line_1_3' title="bbox 312 455 2782 543; baseline 0.001 -25"><span class='ocrx_word' id='word_1_5' title='bbox 312 476 508 538; x_wconf 80' lang='lat' dir='ltr'>aeger</span> <span class='ocrx_word' id='word_1_6' title='bbox 536 455 719 540; x_wconf 87' lang='lat' dir='ltr'><strong>aquis</strong></span> <span class='ocrx_word' id='word_1_7' title='bbox 760 457 1050 537; x_wconf 86' lang='lat' dir='ltr'><strong>absistat,</strong></span> <span class='ocrx_word' id='word_1_8' title='bbox 1080 457 1284 522; x_wconf 89' lang='lat' dir='ltr'><strong>donec</strong></span> <span class='ocrx_word' id='word_1_9' title='bbox 1320 463 1683 543; x_wconf 81' lang='lat' dir='ltr'><strong>symptoma</strong></span> <span class='ocrx_word' id='word_1_10' title='bbox 1718 458 1901 538; x_wconf 86' lang='lat' dir='ltr'><strong>illud,</strong></span> <span class='ocrx_word' id='word_1_11' title='bbox 1930 458 2279 524; x_wconf 80' lang='lat' dir='ltr'><strong>transitum</strong></span> <span class='ocrx_word' id='word_1_12' title='bbox 2318 478 2511 543; x_wconf 86' lang='lat' dir='ltr'><strong>aqua-</strong></span> <span class='ocrx_word' id='word_1_13' title='bbox 2568 471 2653 521; x_wconf 66' lang='lat' dir='ltr'><strong>Da</strong></span> <span class='ocrx_word' id='word_1_14' title='bbox 2676 471 2782 521; x_wconf 70' lang='lat' dir='ltr'><strong>Ar-</strong></span> 
     </span>
     <span class='ocr_line' id='line_1_4' title="bbox 308 537 2814 650; baseline 0.002 -30"><span class='ocrx_word' id='word_1_15' title='bbox 308 579 462 620; x_wconf 90' lang='lat' dir='ltr'><strong>rum</strong></span> <span class='ocrx_word' id='word_1_16' title='bbox 491 558 648 622; x_wconf 87' lang='lat' dir='ltr'><strong>alias</strong></span> <span class='ocrx_word' id='word_1_17' title='bbox 684 559 1165 643; x_wconf 88' lang='lat' dir='ltr'><strong>impediturum,</strong></span> <span class='ocrx_word' id='word_1_18' title='bbox 1195 561 1456 644; x_wconf 87' lang='lat' dir='ltr'><strong>penitus</strong></span> <span class='ocrx_word' id='word_1_19' title='bbox 1495 561 1703 624; x_wconf 85' lang='lat' dir='ltr'><strong>abeat.</strong></span> <span class='ocrx_word' id='word_1_20' title='bbox 1793 561 2057 624; x_wconf 81' lang='lat' dir='ltr'><strong>Etenim</strong></span> <span class='ocrx_word' id='word_1_21' title='bbox 2092 560 2354 626; x_wconf 87' lang='lat' dir='ltr'><strong>tametsi</strong></span> <span class='ocrx_word' id='word_1_22' title='bbox 2388 561 2512 625; x_wconf 89' lang='lat' dir='ltr'><strong>hae</strong></span> <span class='ocrx_word' id='word_1_23' title='bbox 2535 537 2814 650; x_wconf 50' lang='grc' dir='ltr'><strong>’ξξζὲῖἒέζ</strong></span> 
     </span>
     <span class='ocr_line' id='line_1_5' title="bbox 309 661 2513 747; baseline 0.001 -21"><span class='ocrx_word' id='word_1_24' title='bbox 309 680 520 743; x_wconf 82' lang='lat' dir='ltr'><strong>aquae</strong></span> <span class='ocrx_word' id='word_1_25' title='bbox 561 661 940 726; x_wconf 77' lang='lat' dir='ltr'><strong>humoribus</strong></span> <span class='ocrx_word' id='word_1_26' title='bbox 985 663 1324 744; x_wconf 85' lang='lat' dir='ltr'><strong>agitandis,</strong></span> <span class='ocrx_word' id='word_1_27' title='bbox 1355 684 1430 726; x_wconf 87' lang='lat' dir='ltr'><strong>ac</strong></span> <span class='ocrx_word' id='word_1_28' title='bbox 1471 663 1741 746; x_wconf 87' lang='lat' dir='ltr'>proinde</span> <span class='ocrx_word' id='word_1_29' title='bbox 1785 663 2113 747; x_wconf 84' lang='lat' dir='ltr'><strong>spiritibus</strong></span> <span class='ocrx_word' id='word_1_30' title='bbox 2152 663 2513 728; x_wconf 89' lang='lat' dir='ltr'><strong>confusioni</strong></span> 
     </span>
     <span class='ocr_line' id='line_1_6' title="bbox 306 762 2513 848; baseline 0.001 -23"><span class='ocrx_word' id='word_1_31' title='bbox 306 762 737 842; x_wconf 79' lang='lat' dir='ltr'><strong>inducendae,</strong></span> <span class='ocrx_word' id='word_1_32' title='bbox 788 762 1006 830; x_wconf 90' lang='lat' dir='ltr'><strong>minus</strong></span> <span class='ocrx_word' id='word_1_33' title='bbox 1065 771 1252 848; x_wconf 81' lang='lat' dir='ltr'><strong>aptae</strong></span> <span class='ocrx_word' id='word_1_34' title='bbox 1309 771 1502 830; x_wconf 79' lang='lat' dir='ltr'><strong>natae</strong></span> <span class='ocrx_word' id='word_1_35' title='bbox 1561 765 1711 844; x_wconf 88' lang='lat' dir='ltr'><strong>sint,</strong></span> <span class='ocrx_word' id='word_1_36' title='bbox 1760 787 1952 848; x_wconf 86' lang='lat' dir='ltr'><strong>quam</strong></span> <span class='ocrx_word' id='word_1_37' title='bbox 2012 765 2363 830; x_wconf 85' lang='lat' dir='ltr'><strong>cathartica</strong></span> <span class='ocrx_word' id='word_1_38' title='bbox 2410 767 2513 830; x_wconf 86' lang='lat' dir='ltr'><strong>vel</strong></span> 
     </span>
     <span class='ocr_line' id='line_1_7' title="bbox 306 865 2511 951; baseline 0.002 -24"><span class='ocrx_word' id='word_1_39' title='bbox 306 865 640 930; x_wconf 90' lang='lat' dir='ltr'><strong>lenissima</strong></span> <span class='ocrx_word' id='word_1_40' title='bbox 681 887 760 930; x_wconf 82' lang='lat' dir='ltr'><strong>ex</strong></span> <span class='ocrx_word' id='word_1_41' title='bbox 803 867 1070 930; x_wconf 90' lang='lat' dir='ltr'><strong>officinis</strong></span> <span class='ocrx_word' id='word_1_42' title='bbox 1115 867 1512 951; x_wconf 86' lang='lat' dir='ltr'><strong>deprompta,</strong></span> <span class='ocrx_word' id='word_1_43' title='bbox 1559 867 2033 951; x_wconf 87' lang='lat' dir='ltr'><strong>aliquantulum</strong></span> <span class='ocrx_word' id='word_1_44' title='bbox 2076 874 2298 932; x_wconf 90' lang='lat' dir='ltr'><strong>tamen</strong></span> <span class='ocrx_word' id='word_1_45' title='bbox 2334 867 2511 932; x_wconf 89' lang='lat' dir='ltr'><strong>idem</strong></span> 
     </span>
     <span class='ocr_line' id='line_1_8' title="bbox 297 968 2511 1054; baseline 0.002 -25"><span class='ocrx_word' id='word_1_46' title='bbox 297 973 662 1050; x_wconf 81' lang='lat' dir='ltr'><strong>praestant,</strong></span> <span class='ocrx_word' id='word_1_47' title='bbox 695 975 1014 1051; x_wconf 88' lang='lat' dir='ltr'><strong>quatenus</strong></span> <span class='ocrx_word' id='word_1_48' title='bbox 1049 968 1288 1034; x_wconf 88' lang='lat' dir='ltr'><strong>scilicet</strong></span> <span class='ocrx_word' id='word_1_49' title='bbox 1319 969 1667 1034; x_wconf 76' lang='lat' dir='ltr'><strong>dim-eticae</strong></span> <span class='ocrx_word' id='word_1_50' title='bbox 1708 977 1898 1048; x_wconf 77' lang='lat' dir='ltr'><strong>sunt3</strong></span> <span class='ocrx_word' id='word_1_51' title='bbox 1942 976 2019 1033; x_wconf 86' lang='lat' dir='ltr'><strong>ut</strong></span> <span class='ocrx_word' id='word_1_52' title='bbox 2052 975 2303 1034; x_wconf 87' lang='lat' dir='ltr'><strong>taceam</strong></span> <span class='ocrx_word' id='word_1_53' title='bbox 2338 971 2511 1054; x_wconf 91' lang='lat' dir='ltr'><strong>quod</strong></span> 
     </span>
     <span class='ocr_line' id='line_1_9' title="bbox 307 1069 2509 1158; baseline 0.002 -26"><span class='ocrx_word' id='word_1_54' title='bbox 307 1089 504 1153; x_wconf 80' lang='lat' dir='ltr'><strong>saepe</strong></span> <span class='ocrx_word' id='word_1_55' title='bbox 531 1069 727 1134; x_wconf 86' lang='lat' dir='ltr'><strong>etiam</strong></span> <span class='ocrx_word' id='word_1_56' title='bbox 755 1077 1046 1134; x_wconf 84' lang='lat' dir='ltr'><strong>ventrem</strong></span> <span class='ocrx_word' id='word_1_57' title='bbox 1081 1078 1361 1136; x_wconf 83' lang='lat' dir='ltr'><strong>movent.</strong></span> <span class='ocrx_word' id='word_1_58' title='bbox 1455 1071 1649 1136; x_wconf 77' lang='lat' dir='ltr'><strong>Quod</strong></span> <span class='ocrx_word' id='word_1_59' title='bbox 1678 1073 1734 1135; x_wconf 87' lang='lat' dir='ltr'><strong>si</strong></span> <span class='ocrx_word' id='word_1_60' title='bbox 1767 1073 1942 1155; x_wconf 83' lang='lat' dir='ltr'><strong>ipsae</strong></span> <span class='ocrx_word' id='word_1_61' title='bbox 1974 1093 2176 1156; x_wconf 87' lang='lat' dir='ltr'><strong>aquae</strong></span> <span class='ocrx_word' id='word_1_62' title='bbox 2205 1071 2509 1158; x_wconf 88' lang='lat' dir='ltr'><strong>humores</strong></span> 
     </span>
     <span class='ocr_line' id='line_1_10' title="bbox 309 1172 2504 1258; baseline 0.001 -23"><span class='ocrx_word' id='word_1_63' title='bbox 309 1192 388 1235; x_wconf 83' lang='lat' dir='ltr'><strong>ac</strong></span> <span class='ocrx_word' id='word_1_64' title='bbox 445 1172 706 1255; x_wconf 87' lang='lat' dir='ltr'><strong>spiritus</strong></span> <span class='ocrx_word' id='word_1_65' title='bbox 765 1173 1152 1255; x_wconf 86' lang='lat' dir='ltr'><strong>exagitando</strong></span> <span class='ocrx_word' id='word_1_66' title='bbox 1209 1172 1661 1257; x_wconf 85' lang='lat' dir='ltr'><strong>turbandoque</strong></span> <span class='ocrx_word' id='word_1_67' title='bbox 1726 1173 1977 1238; x_wconf 89' lang='lat' dir='ltr'><strong>aditum</strong></span> <span class='ocrx_word' id='word_1_68' title='bbox 2036 1174 2293 1238; x_wconf 88' lang='lat' dir='ltr'><strong>sibimet</strong></span> <span class='ocrx_word' id='word_1_69' title='bbox 2350 1173 2504 1258; x_wconf 89' lang='lat' dir='ltr'><strong>ipsis</strong></span> 
     </span>
     <span class='ocr_line' id='line_1_11' title="bbox 305 1273 2508 1358; baseline 0.002 -23"><span class='ocrx_word' id='word_1_70' title='bbox 305 1273 732 1357; x_wconf 82' lang='lat' dir='ltr'><strong>praecludan&#39;t</strong></span> <span class='ocrx_word' id='word_1_71' title='bbox 778 1296 906 1358; x_wconf 91' lang='lat' dir='ltr'><strong>quo</strong></span> <span class='ocrx_word' id='word_1_72' title='bbox 955 1275 1172 1340; x_wconf 87' lang='lat' dir='ltr'><strong>minus</strong></span> <span class='ocrx_word' id='word_1_73' title='bbox 1221 1276 1406 1340; x_wconf 88' lang='lat' dir='ltr'><strong>facile</strong></span> <span class='ocrx_word' id='word_1_74' title='bbox 1457 1282 1814 1355; x_wconf 89' lang='lat' dir='ltr'><strong>transeant,</strong></span> <span class='ocrx_word' id='word_1_75' title='bbox 1858 1276 2118 1340; x_wconf 83' lang='lat' dir='ltr'><strong>videant</strong></span> <span class='ocrx_word' id='word_1_76' title='bbox 2168 1275 2263 1339; x_wconf 87' lang='lat' dir='ltr'><strong>illi</strong></span> <span class='ocrx_word' id='word_1_77' title='bbox 2314 1297 2508 1358; x_wconf 86' lang='lat' dir='ltr'><strong>quam</strong></span> 
     </span>
     <span class='ocr_line' id='line_1_12' title="bbox 305 1376 2505 1462; baseline 0 -23"><span class='ocrx_word' id='word_1_78' title='bbox 305 1376 680 1460; x_wconf 79' lang='lat' dir='ltr'><strong>importune</strong></span> <span class='ocrx_word' id='word_1_79' title='bbox 736 1384 938 1460; x_wconf 84' lang='lat' dir='ltr'><strong>agunt</strong></span> <span class='ocrx_word' id='word_1_80' title='bbox 997 1379 1109 1462; x_wconf 89' lang='lat' dir='ltr'><strong>qui</strong></span> <span class='ocrx_word' id='word_1_81' title='bbox 1166 1378 1640 1444; x_wconf 87' lang='lat' dir='ltr'><strong>medicamenta</strong></span> <span class='ocrx_word' id='word_1_82' title='bbox 1701 1379 2044 1462; x_wconf 83' lang='lat' dir='ltr'><strong>purgativa</strong></span> <span class='ocrx_word' id='word_1_83' title='bbox 2098 1399 2216 1462; x_wconf 88' lang='lat' dir='ltr'><strong>per</strong></span> <span class='ocrx_word' id='word_1_84' title='bbox 2273 1377 2505 1441; x_wconf 88' lang='lat' dir='ltr'><strong>harum</strong></span> 
     </span>
     <span class='ocr_line' id='line_1_13' title="bbox 303 1479 2508 1563; baseline 0.001 -19"><span class='ocrx_word' id='word_1_85' title='bbox 303 1501 500 1544; x_wconf 89' lang='lat' dir='ltr'><strong>usum</strong></span> <span class='ocrx_word' id='word_1_86' title='bbox 539 1480 861 1563; x_wconf 83' lang='lat' dir='ltr'><strong>imperant</strong></span> <span class='ocrx_word' id='word_1_87' title='bbox 905 1481 1103 1546; x_wconf 89' lang='lat' dir='ltr'><strong>semel</strong></span> <span class='ocrx_word' id='word_1_88' title='bbox 1145 1488 1260 1545; x_wconf 89' lang='lat' dir='ltr'><strong>aut</strong></span> <span class='ocrx_word' id='word_1_89' title='bbox 1303 1479 1402 1544; x_wconf 86' lang='lat' dir='ltr'><strong>bis</strong></span> <span class='ocrx_word' id='word_1_90' title='bbox 1445 1481 1518 1543; x_wconf 91' lang='lat' dir='ltr'><strong>in</strong></span> <span class='ocrx_word' id='word_1_91' title='bbox 1560 1481 1923 1563; x_wconf 83' lang='lat' dir='ltr'><strong>septimana</strong></span> <span class='ocrx_word' id='word_1_92' title='bbox 1966 1479 2371 1559; x_wconf 83' lang='lat' dir='ltr'><strong>assumenda,</strong></span> <span class='ocrx_word' id='word_1_93' title='bbox 2402 1481 2508 1546; x_wconf 85' lang='lat' dir='ltr'><strong>vel</strong></span> 
     </span>
     <span class='ocr_line' id='line_1_14' title="bbox 313 1581 2748 1667; baseline 0.001 -22"><span class='ocrx_word' id='word_1_94' title='bbox 313 1582 512 1664; x_wconf 92' lang='lat' dir='ltr'><strong>(quod</strong></span> <span class='ocrx_word' id='word_1_95' title='bbox 555 1582 767 1647; x_wconf 86' lang='lat' dir='ltr'><strong>adhuc</strong></span> <span class='ocrx_word' id='word_1_96' title='bbox 808 1583 1136 1667; x_wconf 89' lang='lat' dir='ltr'><strong>ineptius,)</strong></span> <span class='ocrx_word' id='word_1_97' title='bbox 1186 1583 1341 1667; x_wconf 84' lang='lat' dir='ltr'><strong>ipsis</strong></span> <span class='ocrx_word' id='word_1_98' title='bbox 1378 1583 1559 1665; x_wconf 87' lang='lat' dir='ltr'><strong>aquis</strong></span> <span class='ocrx_word' id='word_1_99' title='bbox 1603 1581 2023 1646; x_wconf 86' lang='lat' dir='ltr'><strong>immiscenda</strong></span> <span class='ocrx_word' id='word_1_100' title='bbox 2065 1581 2503 1665; x_wconf 83' lang='lat' dir='ltr'><strong>praecipiunt3</strong></span> <span class='ocrx_word' id='word_1_101' title='bbox 2530 1598 2609 1646; x_wconf 80' lang='lat' dir='ltr'><strong>ob</strong></span> <span class='ocrx_word' id='word_1_102' title='bbox 2629 1614 2748 1661; x_wconf 81' lang='lat' dir='ltr'><strong>pur-</strong></span> 
     </span>
    </p>

    <p class='ocr_par' dir='ltr' id='par_1_4' title="bbox 303 1662 2815 1776">
     <span class='ocr_line' id='line_1_15' title="bbox 303 1662 2815 1776; baseline 0.001 -29"><span class='ocrx_word' id='word_1_103' title='bbox 303 1684 484 1748; x_wconf 77' lang='lat' dir='ltr'><strong>unde</strong></span> <span class='ocrx_word' id='word_1_104' title='bbox 519 1685 596 1748; x_wconf 83' lang='lat' dir='ltr'><strong>fit</strong></span> <span class='ocrx_word' id='word_1_105' title='bbox 629 1691 768 1748; x_wconf 76' lang='lat' dir='ltr'><strong>tam</strong></span> <span class='ocrx_word' id='word_1_106' title='bbox 801 1685 872 1748; x_wconf 79' lang='lat' dir='ltr'><strong>in</strong></span> <span class='ocrx_word' id='word_1_107' title='bbox 910 1685 1010 1748; x_wconf 67' lang='lat'><strong>111⁸</strong></span> <span class='ocrx_word' id='word_1_108' title='bbox 1048 1707 1244 1768; x_wconf 73' lang='lat' dir='ltr'><strong>quam</strong></span> <span class='ocrx_word' id='word_1_109' title='bbox 1282 1685 1354 1748; x_wconf 76' lang='lat' dir='ltr'><strong>in</strong></span> <span class='ocrx_word' id='word_1_110' title='bbox 1391 1685 1528 1748; x_wconf 61' lang='lat' dir='ltr'><strong>affin</strong></span> <span class='ocrx_word' id='word_1_111' title='bbox 1578 1683 1759 1767; x_wconf 79' lang='lat' dir='ltr'><strong>aquis</strong></span> <span class='ocrx_word' id='word_1_112' title='bbox 1793 1683 2229 1762; x_wconf 68' lang='lat' dir='ltr'><strong>minemhbus,</strong></span> <span class='ocrx_word' id='word_1_113' title='bbox 2259 1690 2338 1747; x_wconf 77' lang='lat' dir='ltr'><strong>ut</strong></span> <span class='ocrx_word' id='word_1_114' title='bbox 2370 1705 2505 1749; x_wconf 82' lang='lat' dir='ltr'><strong>non</strong></span> <span class='ocrx_word' id='word_1_115' title='bbox 2527 1662 2815 1776; x_wconf 50' lang='lat' dir='ltr'>ffn‘fflffi</span> 
     </span>
    </p>
   </div>
   <div class='ocr_carea' id='block_1_4' title="bbox 304 1786 2795 1904">
    <p class='ocr_par' dir='ltr' id='par_1_5' title="bbox 304 1786 2795 1904">
     <span class='ocr_line' id='line_1_16' title="bbox 304 1786 2795 1904; baseline 0.002 -54"><span class='ocrx_word' id='word_1_116' title='bbox 304 1786 519 1850; x_wconf 88' lang='lat' dir='ltr'><strong>solum</strong></span> <span class='ocrx_word' id='word_1_117' title='bbox 574 1809 711 1851; x_wconf 92' lang='lat' dir='ltr'><strong>non</strong></span> <span class='ocrx_word' id='word_1_118' title='bbox 766 1789 1172 1871; x_wconf 64' lang='lat' dir='ltr'><strong>promptius,</strong></span> <span class='ocrx_word' id='word_1_119' title='bbox 1199 1787 1311 1852; x_wconf 89' lang='lat' dir='ltr'><strong>sed</strong></span> <span class='ocrx_word' id='word_1_120' title='bbox 1362 1793 1428 1851; x_wconf 93' lang='lat' dir='ltr'><strong>et</strong></span> <span class='ocrx_word' id='word_1_121' title='bbox 1485 1787 1679 1871; x_wconf 91' lang='lat' dir='ltr'><strong>plane</strong></span> <span class='ocrx_word' id='word_1_122' title='bbox 1726 1786 1976 1850; x_wconf 88' lang='lat' dir='ltr'><strong>tardius</strong></span> <span class='ocrx_word' id='word_1_123' title='bbox 2034 1807 2109 1851; x_wconf 83' lang='lat' dir='ltr'><strong>ac</strong></span> <span class='ocrx_word' id='word_1_124' title='bbox 2166 1787 2501 1868; x_wconf 80' lang='lat' dir='ltr'><strong>difficilius,</strong></span> <span class='ocrx_word' id='word_1_125' title='bbox 2525 1791 2795 1904; x_wconf 47' lang='lat' dir='ltr'><strong>fflssgfpe-</strong></span> 
     </span>
    </p>
   </div>
   <div class='ocr_carea' id='block_1_5' title="bbox 2536 672 2818 685">
    <p class='ocr_par' dir='ltr' id='par_1_6' title="bbox 2536 672 2818 685">
     <span class='ocr_line' id='line_1_17' title="bbox 2536 672 2818 685; baseline 0 0"><span class='ocrx_word' id='word_1_126' title='bbox 2536 672 2818 685; x_wconf 95' lang='lat' dir='ltr'><strong> </strong></span> 
     </span>
    </p>
   </div>
   <div class='ocr_carea' id='block_1_6' title="bbox 305 1891 2719 2078">
    <p class='ocr_par' dir='ltr' id='par_1_7' title="bbox 305 1891 2719 2078">
     <span class='ocr_line' id='line_1_18' title="bbox 305 1891 968 1973; baseline 0.005 -20"><span class='ocrx_word' id='word_1_127' title='bbox 305 1891 569 1953; x_wconf 89' lang='lat' dir='ltr'><strong>eaedem</strong></span> <span class='ocrx_word' id='word_1_128' title='bbox 601 1897 968 1973; x_wconf 82' lang='lat' dir='ltr'><strong>operentur.</strong></span> 
     </span>
     <span class='ocr_line' id='line_1_19' title="bbox 404 1992 2719 2078; baseline 0.004 -23"><span class='ocrx_word' id='word_1_129' title='bbox 404 1993 614 2076; x_wconf 86' lang='lat'>[110.]</span> <span class='ocrx_word' id='word_1_130' title='bbox 673 1993 802 2057; x_wconf 91' lang='lat' dir='ltr'><strong>Hic</strong></span> <span class='ocrx_word' id='word_1_131' title='bbox 831 1993 992 2057; x_wconf 90' lang='lat' dir='ltr'><strong>mihi</strong></span> <span class='ocrx_word' id='word_1_132' title='bbox 1034 2015 1170 2058; x_wconf 91' lang='lat' dir='ltr'><strong>non</strong></span> <span class='ocrx_word' id='word_1_133' title='bbox 1198 1992 1622 2072; x_wconf 87' lang='lat' dir='ltr'><strong>reticendum,</strong></span> <span class='ocrx_word' id='word_1_134' title='bbox 1656 1993 1846 2078; x_wconf 88' lang='lat' dir='ltr'><strong>quod,</strong></span> <span class='ocrx_word' id='word_1_135' title='bbox 1876 1994 2137 2059; x_wconf 80' lang='lat' dir='ltr'><strong>tametsi</strong></span> <span class='ocrx_word' id='word_1_136' title='bbox 2173 1992 2274 2058; x_wconf 84' lang='lat' dir='ltr'><strong>his</strong></span> <span class='ocrx_word' id='word_1_137' title='bbox 2320 1993 2501 2076; x_wconf 88' lang='lat' dir='ltr'><strong>aquis</strong></span> <span class='ocrx_word' id='word_1_138' title='bbox 2528 2014 2719 2064; x_wconf 72' lang='lat' dir='ltr'><strong>Intusio</strong></span> 
     </span>
    </p>
   </div>
   <div class='ocr_carea' id='block_1_7' title="bbox 301 2081 2811 2206">
    <p class='ocr_par' dir='ltr' id='par_1_8' title="bbox 301 2081 2811 2206">
     <span class='ocr_line' id='line_1_20' title="bbox 301 2081 2811 2206; baseline 0.003 -48"><span class='ocrx_word' id='word_1_139' title='bbox 301 2095 547 2159; x_wconf 85' lang='lat' dir='ltr'><strong>ferrum</strong></span> <span class='ocrx_word' id='word_1_140' title='bbox 591 2095 802 2160; x_wconf 88' lang='lat' dir='ltr'><strong>inesse</strong></span> <span class='ocrx_word' id='word_1_141' title='bbox 835 2096 906 2158; x_wconf 91' lang='lat' dir='ltr'><strong>in</strong></span> <span class='ocrx_word' id='word_1_142' title='bbox 939 2096 1264 2180; x_wconf 86' lang='lat' dir='ltr'><strong>principiis</strong></span> <span class='ocrx_word' id='word_1_143' title='bbox 1309 2096 1532 2160; x_wconf 87' lang='lat' dir='ltr'><strong>solutis</strong></span> <span class='ocrx_word' id='word_1_144' title='bbox 1578 2097 1907 2160; x_wconf 86' lang='lat' dir='ltr'><strong>nonnullis</strong></span> <span class='ocrx_word' id='word_1_145' title='bbox 1948 2096 2259 2175; x_wconf 84' lang='lat' dir='ltr'><strong>videatur,</strong></span> <span class='ocrx_word' id='word_1_146' title='bbox 2306 2095 2502 2180; x_wconf 92' lang='lat' dir='ltr'><strong>(quod</strong></span> <span class='ocrx_word' id='word_1_147' title='bbox 2522 2081 2811 2206; x_wconf 45' lang='lat' dir='ltr'><strong>sstllffiffiffm</strong></span> 
     </span>
    </p>
   </div>
   <div class='ocr_carea' id='block_1_8' title="bbox 301 2196 2734 2282">
    <p class='ocr_par' dir='ltr' id='par_1_9' title="bbox 301 2196 2734 2282">
     <span class='ocr_line' id='line_1_21' title="bbox 301 2196 2734 2282; baseline 0.001 -23"><span class='ocrx_word' id='word_1_148' title='bbox 301 2196 478 2260; x_wconf 91' lang='lat' dir='ltr'><strong>idem</strong></span> <span class='ocrx_word' id='word_1_149' title='bbox 515 2197 704 2281; x_wconf 90' lang='lat' dir='ltr'><strong>plane</strong></span> <span class='ocrx_word' id='word_1_150' title='bbox 751 2203 851 2261; x_wconf 90' lang='lat' dir='ltr'><strong>est</strong></span> <span class='ocrx_word' id='word_1_151' title='bbox 890 2219 965 2262; x_wconf 88' lang='lat' dir='ltr'><strong>ac</strong></span> <span class='ocrx_word' id='word_1_152' title='bbox 1016 2198 1071 2262; x_wconf 90' lang='lat' dir='ltr'><strong>si</strong></span> <span class='ocrx_word' id='word_1_153' title='bbox 1113 2197 1356 2262; x_wconf 86' lang='lat' dir='ltr'><strong>ferrum</strong></span> <span class='ocrx_word' id='word_1_154' title='bbox 1395 2197 1715 2281; x_wconf 90' lang='lat' dir='ltr'><strong>liquidum</strong></span> <span class='ocrx_word' id='word_1_155' title='bbox 1756 2200 2238 2282; x_wconf 87' lang='lat' dir='ltr'><strong>supponamus,)</strong></span> <span class='ocrx_word' id='word_1_156' title='bbox 2280 2199 2499 2261; x_wconf 91' lang='lat' dir='ltr'><strong>nullus</strong></span> <span class='ocrx_word' id='word_1_157' title='bbox 2524 2209 2734 2259; x_wconf 80' lang='lat' dir='ltr'><strong>simodo</strong></span> 
     </span>
    </p>
   </div>
   <div class='ocr_carea' id='block_1_9' title="bbox 299 2272 2805 2708">
    <p class='ocr_par' dir='ltr' id='par_1_10' title="bbox 299 2272 2805 2708">
     <span class='ocr_line' id='line_1_22' title="bbox 301 2272 2792 2398; baseline 0.001 -36"><span class='ocrx_word' id='word_1_158' title='bbox 301 2305 526 2362; x_wconf 91' lang='lat' dir='ltr'><strong>tamen</strong></span> <span class='ocrx_word' id='word_1_159' title='bbox 565 2298 812 2379; x_wconf 86' lang='lat' dir='ltr'><strong>dubito,</strong></span> <span class='ocrx_word' id='word_1_160' title='bbox 842 2299 1002 2383; x_wconf 84' lang='lat' dir='ltr'><strong>quin</strong></span> <span class='ocrx_word' id='word_1_161' title='bbox 1037 2298 1298 2363; x_wconf 89' lang='lat' dir='ltr'><strong>eaedem</strong></span> <span class='ocrx_word' id='word_1_162' title='bbox 1343 2300 1603 2366; x_wconf 89' lang='lat' dir='ltr'><strong>nonnisi</strong></span> <span class='ocrx_word' id='word_1_163' title='bbox 1644 2300 1963 2384; x_wconf 84' lang='lat' dir='ltr'><strong>simplices</strong></span> <span class='ocrx_word' id='word_1_164' title='bbox 2007 2322 2210 2384; x_wconf 90' lang='lat' dir='ltr'><strong>aquae</strong></span> <span class='ocrx_word' id='word_1_165' title='bbox 2252 2307 2496 2380; x_wconf 83' lang='lat' dir='ltr'><strong>extant,</strong></span> <span class='ocrx_word' id='word_1_166' title='bbox 2522 2272 2792 2398; x_wconf 50' lang='grc' dir='ltr'><strong>ξξέξζῖξζ,</strong></span> 
     </span>
     <span class='ocr_line' id='line_1_23' title="bbox 300 2402 2775 2486; baseline 0.001 -20"><span class='ocrx_word' id='word_1_167' title='bbox 300 2402 540 2468; x_wconf 86' lang='lat' dir='ltr'><strong>virtute</strong></span> <span class='ocrx_word' id='word_1_168' title='bbox 562 2403 844 2467; x_wconf 87' lang='lat' dir='ltr'><strong>minerae</strong></span> <span class='ocrx_word' id='word_1_169' title='bbox 873 2423 988 2485; x_wconf 91' lang='lat' dir='ltr'><strong>per</strong></span> <span class='ocrx_word' id='word_1_170' title='bbox 1011 2423 1204 2486; x_wconf 88' lang='lat' dir='ltr'><strong>quam</strong></span> <span class='ocrx_word' id='word_1_171' title='bbox 1224 2409 1565 2467; x_wconf 79' lang='lat' dir='ltr'><strong>transeunt</strong></span> <span class='ocrx_word' id='word_1_172' title='bbox 1596 2402 2077 2486; x_wconf 86' lang='lat' dir='ltr'><strong>impraegnatae</strong></span> <span class='ocrx_word' id='word_1_173' title='bbox 2098 2424 2173 2467; x_wconf 89' lang='lat' dir='ltr'><strong>ac</strong></span> <span class='ocrx_word' id='word_1_174' title='bbox 2202 2402 2494 2468; x_wconf 83' lang='lat' dir='ltr'><strong>infectae.</strong></span> <span class='ocrx_word' id='word_1_175' title='bbox 2522 2403 2731 2451; x_wconf 82' lang='lat' dir='ltr'><strong>eundem</strong></span> <span class='ocrx_word' id='word_1_176' title='bbox 2764 2469 2775 2480; x_wconf 75' lang='grc'><em>,</em></span> 
     </span>
     <span class='ocr_line' id='line_1_24' title="bbox 303 2481 2805 2592; baseline -0.002 -18"><span class='ocrx_word' id='word_1_177' title='bbox 303 2508 497 2574; x_wconf 82' lang='lat' dir='ltr'><strong>Quod</strong></span> <span class='ocrx_word' id='word_1_178' title='bbox 534 2509 812 2592; x_wconf 90' lang='lat' dir='ltr'><strong>cuipiam</strong></span> <span class='ocrx_word' id='word_1_179' title='bbox 853 2507 1097 2591; x_wconf 88' lang='lat' dir='ltr'><strong>liquido</strong></span> <span class='ocrx_word' id='word_1_180' title='bbox 1137 2507 1477 2585; x_wconf 85' lang='lat' dir='ltr'><strong>constabit,</strong></span> <span class='ocrx_word' id='word_1_181' title='bbox 1510 2507 1565 2571; x_wconf 90' lang='lat' dir='ltr'><strong>si</strong></span> <span class='ocrx_word' id='word_1_182' title='bbox 1600 2528 1805 2591; x_wconf 90' lang='lat' dir='ltr'><strong>aquae</strong></span> <span class='ocrx_word' id='word_1_183' title='bbox 1845 2508 2207 2571; x_wconf 88' lang='lat' dir='ltr'><strong>communis</strong></span> <span class='ocrx_word' id='word_1_184' title='bbox 2252 2493 2497 2590; x_wconf 85' lang='lat' dir='ltr'><strong>congiis</strong></span> <span class='ocrx_word' id='word_1_185' title='bbox 2522 2481 2805 2580; x_wconf 52' lang='lat' dir='ltr'><strong>ffifferffiilm</strong></span> 
     </span>
     <span class='ocr_line' id='line_1_25' title="bbox 299 2596 2777 2708; baseline -0.001 -33"><span class='ocrx_word' id='word_1_186' title='bbox 299 2612 546 2695; x_wconf 87' lang='lat' dir='ltr'><strong>aliquot</strong></span> <span class='ocrx_word' id='word_1_187' title='bbox 603 2612 758 2676; x_wconf 87' lang='lat' dir='ltr'><strong>satis</strong></span> <span class='ocrx_word' id='word_1_188' title='bbox 821 2631 1130 2694; x_wconf 86' lang='lat' dir='ltr'><strong>magnam</strong></span> <span class='ocrx_word' id='word_1_189' title='bbox 1191 2610 1322 2673; x_wconf 87' lang='lat' dir='ltr'><strong>vim</strong></span> <span class='ocrx_word' id='word_1_190' title='bbox 1387 2610 1711 2674; x_wconf 86' lang='lat' dir='ltr'><strong>clavorum</strong></span> <span class='ocrx_word' id='word_1_191' title='bbox 1767 2616 2059 2673; x_wconf 87' lang='lat' dir='ltr'><strong>veterum</strong></span> <span class='ocrx_word' id='word_1_192' title='bbox 2125 2629 2205 2673; x_wconf 83' lang='lat' dir='ltr'><strong>ex</strong></span> <span class='ocrx_word' id='word_1_193' title='bbox 2272 2608 2497 2673; x_wconf 85' lang='lat' dir='ltr'><strong>calceis</strong></span> <span class='ocrx_word' id='word_1_194' title='bbox 2520 2596 2777 2708; x_wconf 38' lang='lat' dir='ltr'><strong>&amp;effi-‘s&#39;</strong></span> 
     </span>
    </p>
   </div>
   <div class='ocr_carea' id='block_1_10' title="bbox 287 2711 2803 4539">
    <p class='ocr_par' dir='ltr' id='par_1_11' title="bbox 292 2711 2727 3311">
     <span class='ocr_line' id='line_1_26' title="bbox 297 2711 2727 2799; baseline -0.002 -20"><span class='ocrx_word' id='word_1_195' title='bbox 297 2714 552 2799; x_wconf 84' lang='lat' dir='ltr'><strong>equinis</strong></span> <span class='ocrx_word' id='word_1_196' title='bbox 589 2720 1022 2778; x_wconf 83' lang='lat' dir='ltr'><strong>extractorum</strong></span> <span class='ocrx_word' id='word_1_197' title='bbox 1058 2712 1387 2776; x_wconf 84' lang='lat' dir='ltr'><strong>infuderit.</strong></span> <span class='ocrx_word' id='word_1_198' title='bbox 1482 2711 1733 2775; x_wconf 85' lang='lat' dir='ltr'><strong>Sentiet</strong></span> <span class='ocrx_word' id='word_1_199' title='bbox 1774 2712 2015 2775; x_wconf 87' lang='lat' dir='ltr'><strong>scilicet</strong></span> <span class='ocrx_word' id='word_1_200' title='bbox 2046 2732 2279 2794; x_wconf 87' lang='lat' dir='ltr'><strong>aquam</strong></span> <span class='ocrx_word' id='word_1_201' title='bbox 2305 2711 2495 2790; x_wconf 84' lang='lat' dir='ltr'><strong>hanc,</strong></span> <span class='ocrx_word' id='word_1_202' title='bbox 2522 2723 2727 2774; x_wconf 77' lang='lat' dir='ltr'><strong>tiuntur.</strong></span> 
     </span>
     <span class='ocr_line' id='line_1_27' title="bbox 296 2817 2494 2905; baseline -0.002 -20"><span class='ocrx_word' id='word_1_203' title='bbox 296 2822 402 2885; x_wconf 84' lang='lat' dir='ltr'><strong>cui</strong></span> <span class='ocrx_word' id='word_1_204' title='bbox 451 2821 658 2904; x_wconf 86' lang='lat' dir='ltr'><strong>pulvis</strong></span> <span class='ocrx_word' id='word_1_205' title='bbox 711 2821 1044 2905; x_wconf 85' lang='lat' dir='ltr'><strong>gallarum,</strong></span> <span class='ocrx_word' id='word_1_206' title='bbox 1089 2819 1244 2884; x_wconf 85' lang='lat' dir='ltr'><strong>folia</strong></span> <span class='ocrx_word' id='word_1_207' title='bbox 1289 2824 1408 2897; x_wconf 80' lang='lat' dir='ltr'><strong>tea,</strong></span> <span class='ocrx_word' id='word_1_208' title='bbox 1454 2819 1555 2881; x_wconf 84' lang='lat' dir='ltr'><strong>vel</strong></span> <span class='ocrx_word' id='word_1_209' title='bbox 1606 2818 1855 2896; x_wconf 86' lang='lat' dir='ltr'><strong>similia,</strong></span> <span class='ocrx_word' id='word_1_210' title='bbox 1904 2818 2146 2883; x_wconf 88' lang='lat' dir='ltr'><strong>fuerint</strong></span> <span class='ocrx_word' id='word_1_211' title='bbox 2190 2817 2494 2895; x_wconf 87' lang='lat' dir='ltr'><strong>immista,</strong></span> 
     </span>
     <span class='ocr_line' id='line_1_28' title="bbox 295 2919 2493 3007; baseline -0.002 -20"><span class='ocrx_word' id='word_1_212' title='bbox 295 2924 525 2988; x_wconf 90' lang='lat' dir='ltr'><strong>eodem</strong></span> <span class='ocrx_word' id='word_1_213' title='bbox 566 2924 758 3007; x_wconf 90' lang='lat' dir='ltr'><strong>plane</strong></span> <span class='ocrx_word' id='word_1_214' title='bbox 803 2924 1011 2988; x_wconf 88' lang='lat' dir='ltr'><strong>colore</strong></span> <span class='ocrx_word' id='word_1_215' title='bbox 1053 2922 1228 2985; x_wconf 89' lang='lat' dir='ltr'><strong>infici</strong></span> <span class='ocrx_word' id='word_1_216' title='bbox 1272 2942 1346 2985; x_wconf 91' lang='lat' dir='ltr'><strong>ac</strong></span> <span class='ocrx_word' id='word_1_217' title='bbox 1391 2921 1445 2984; x_wconf 88' lang='lat' dir='ltr'><strong>si</strong></span> <span class='ocrx_word' id='word_1_218' title='bbox 1489 2941 1659 3003; x_wconf 88' lang='lat' dir='ltr'><strong>aqua</strong></span> <span class='ocrx_word' id='word_1_219' title='bbox 1702 2927 1869 2984; x_wconf 89' lang='lat' dir='ltr'><strong>esset</strong></span> <span class='ocrx_word' id='word_1_220' title='bbox 1904 2920 2101 2985; x_wconf 88' lang='lat' dir='ltr'><strong>fontis</strong></span> <span class='ocrx_word' id='word_1_221' title='bbox 2144 2919 2493 2983; x_wconf 84' lang='lat' dir='ltr'><strong>mineralis.</strong></span> 
     </span>
     <span class='ocr_line' id='line_1_29' title="bbox 295 3020 2493 3107; baseline -0.001 -21"><span class='ocrx_word' id='word_1_222' title='bbox 295 3024 527 3107; x_wconf 88' lang='lat' dir='ltr'><strong>Neque</strong></span> <span class='ocrx_word' id='word_1_223' title='bbox 557 3044 713 3087; x_wconf 88' lang='lat' dir='ltr'><strong>sane</strong></span> <span class='ocrx_word' id='word_1_224' title='bbox 753 3023 1030 3087; x_wconf 83' lang='lat' dir='ltr'><strong>diversos</strong></span> <span class='ocrx_word' id='word_1_225' title='bbox 1066 3023 1333 3087; x_wconf 87' lang='lat' dir='ltr'><strong>effectus</strong></span> <span class='ocrx_word' id='word_1_226' title='bbox 1371 3022 1494 3085; x_wconf 90' lang='lat' dir='ltr'><strong>hae</strong></span> <span class='ocrx_word' id='word_1_227' title='bbox 1538 3042 1743 3104; x_wconf 86' lang='lat' dir='ltr'><strong>aquae</strong></span> <span class='ocrx_word' id='word_1_228' title='bbox 1790 3022 1920 3085; x_wconf 87' lang='lat' dir='ltr'><strong>sive</strong></span> <span class='ocrx_word' id='word_1_229' title='bbox 1962 3020 2319 3085; x_wconf 87' lang='lat' dir='ltr'><strong>artificiales</strong></span> <span class='ocrx_word' id='word_1_230' title='bbox 2364 3020 2493 3084; x_wconf 87' lang='lat' dir='ltr'><strong>sive</strong></span> 
     </span>
     <span class='ocr_line' id='line_1_30' title="bbox 292 3123 2491 3208; baseline -0.002 -19"><span class='ocrx_word' id='word_1_231' title='bbox 292 3126 726 3189; x_wconf 84' lang='lat' dir='ltr'><strong>inartificiales</strong></span> <span class='ocrx_word' id='word_1_232' title='bbox 791 3126 1036 3208; x_wconf 90' lang='lat' dir='ltr'><strong>(utrum</strong></span> <span class='ocrx_word' id='word_1_233' title='bbox 1103 3124 1278 3189; x_wconf 91' lang='lat' dir='ltr'><strong>enim</strong></span> <span class='ocrx_word' id='word_1_234' title='bbox 1346 3124 1593 3189; x_wconf 87' lang='lat' dir='ltr'><strong>mavult</strong></span> <span class='ocrx_word' id='word_1_235' title='bbox 1658 3123 1819 3207; x_wconf 73' lang='lat' dir='ltr'><strong>quiS,</strong></span> <span class='ocrx_word' id='word_1_236' title='bbox 1880 3123 2200 3206; x_wconf 88' lang='lat' dir='ltr'><strong>appellet,)</strong></span> <span class='ocrx_word' id='word_1_237' title='bbox 2264 3129 2491 3205; x_wconf 88' lang='lat' dir='ltr'><strong>epotae</strong></span> 
     </span>
     <span class='ocr_line' id='line_1_31' title="bbox 293 3224 2440 3311; baseline -0.001 -20"><span class='ocrx_word' id='word_1_238' title='bbox 293 3227 508 3307; x_wconf 88' lang='lat' dir='ltr'><strong>edent,</strong></span> <span class='ocrx_word' id='word_1_239' title='bbox 531 3226 726 3291; x_wconf 88' lang='lat' dir='ltr'><strong>modo</strong></span> <span class='ocrx_word' id='word_1_240' title='bbox 753 3233 1042 3311; x_wconf 90' lang='lat' dir='ltr'><strong>tempore</strong></span> <span class='ocrx_word' id='word_1_241' title='bbox 1072 3226 1312 3289; x_wconf 88' lang='lat' dir='ltr'><strong>aestivo</strong></span> <span class='ocrx_word' id='word_1_242' title='bbox 1341 3232 1536 3308; x_wconf 90' lang='lat' dir='ltr'><strong>atque</strong></span> <span class='ocrx_word' id='word_1_243' title='bbox 1565 3228 1712 3289; x_wconf 68' lang='lat' dir='ltr'><strong>aere</strong></span> <span class='ocrx_word' id='word_1_244' title='bbox 1742 3224 1983 3289; x_wconf 81' lang='lat' dir='ltr'><strong>salubri</strong></span> <span class='ocrx_word' id='word_1_245' title='bbox 2010 3231 2440 3288; x_wconf 86' lang='lat' dir='ltr'><strong>assumantur.</strong></span> 
     </span>
    </p>

    <p class='ocr_par' dir='ltr' id='par_1_12' title="bbox 287 3324 2803 4431">
     <span class='ocr_line' id='line_1_32' title="bbox 390 3324 2803 3412; baseline 0.002 -21"><span class='ocrx_word' id='word_1_246' title='bbox 390 3328 604 3412; x_wconf 91' lang='lat'><strong>[111.]</strong></span> <span class='ocrx_word' id='word_1_247' title='bbox 663 3328 791 3391; x_wconf 86' lang='lat' dir='ltr'><strong>Sed</strong></span> <span class='ocrx_word' id='word_1_248' title='bbox 819 3336 972 3392; x_wconf 86' lang='lat' dir='ltr'><strong>utut</strong></span> <span class='ocrx_word' id='word_1_249' title='bbox 1000 3328 1124 3392; x_wconf 87' lang='lat' dir='ltr'><strong>hoc</strong></span> <span class='ocrx_word' id='word_1_250' title='bbox 1151 3328 1255 3407; x_wconf 90' lang='lat' dir='ltr'><strong>sit,</strong></span> <span class='ocrx_word' id='word_1_251' title='bbox 1280 3328 1334 3390; x_wconf 92' lang='lat' dir='ltr'><strong>si</strong></span> <span class='ocrx_word' id='word_1_252' title='bbox 1363 3326 1446 3392; x_wconf 90' lang='lat' dir='ltr'><strong>ob</strong></span> <span class='ocrx_word' id='word_1_253' title='bbox 1469 3328 1939 3392; x_wconf 83' lang='lat' dir='ltr'><strong>contumaciam</strong></span> <span class='ocrx_word' id='word_1_254' title='bbox 1969 3326 2107 3409; x_wconf 88' lang='lat' dir='ltr'><strong>ejus</strong></span> <span class='ocrx_word' id='word_1_255' title='bbox 2136 3325 2242 3389; x_wconf 89' lang='lat' dir='ltr'><strong>hic</strong></span> <span class='ocrx_word' id='word_1_256' title='bbox 2270 3324 2482 3389; x_wconf 82' lang='lat' dir='ltr'><strong>Affec-</strong></span> <span class='ocrx_word' id='word_1_257' title='bbox 2504 3345 2567 3393; x_wconf 84' lang='lat' dir='ltr'><strong>1n</strong></span> <span class='ocrx_word' id='word_1_258' title='bbox 2578 3360 2674 3409; x_wconf 86' lang='lat' dir='ltr'><strong>quo</strong></span> <span class='ocrx_word' id='word_1_259' title='bbox 2685 3361 2803 3396; x_wconf 70' lang='lat' dir='ltr'><strong>casu</strong></span> 
     </span>
     <span class='ocr_line' id='line_1_33' title="bbox 290 3412 2787 3524; baseline -0.002 -28"><span class='ocrx_word' id='word_1_260' title='bbox 290 3436 400 3496; x_wconf 83' lang='lat' dir='ltr'><strong>tus</strong></span> <span class='ocrx_word' id='word_1_261' title='bbox 438 3431 660 3495; x_wconf 88' lang='lat' dir='ltr'><strong>ferreis</strong></span> <span class='ocrx_word' id='word_1_262' title='bbox 705 3431 886 3514; x_wconf 88' lang='lat' dir='ltr'><strong>aquis</strong></span> <span class='ocrx_word' id='word_1_263' title='bbox 929 3430 1146 3493; x_wconf 81' lang='lat' dir='ltr'><strong>minus</strong></span> <span class='ocrx_word' id='word_1_264' title='bbox 1190 3430 1394 3508; x_wconf 91' lang='lat' dir='ltr'><strong>cedat,</strong></span> <span class='ocrx_word' id='word_1_265' title='bbox 1427 3430 1759 3494; x_wconf 86' lang='lat' dir='ltr'><strong>adeundae</strong></span> <span class='ocrx_word' id='word_1_266' title='bbox 1802 3436 1957 3493; x_wconf 88' lang='lat' dir='ltr'><strong>sunt</strong></span> <span class='ocrx_word' id='word_1_267' title='bbox 2002 3448 2205 3512; x_wconf 88' lang='lat' dir='ltr'><strong>aquae</strong></span> <span class='ocrx_word' id='word_1_268' title='bbox 2248 3428 2489 3493; x_wconf 85' lang='lat' dir='ltr'><strong>calidae</strong></span> <span class='ocrx_word' id='word_1_269' title='bbox 2510 3412 2787 3524; x_wconf 51' lang='grc' dir='ltr'><strong>ξξζζᾷιξζὲ</strong></span> 
     </span>
     <span class='ocr_line' id='line_1_34' title="bbox 293 3532 2777 3617; baseline -0.002 -20"><span class='ocrx_word' id='word_1_270' title='bbox 293 3533 696 3617; x_wconf 86' lang='lat' dir='ltr'><strong>sulphureae,</strong></span> <span class='ocrx_word' id='word_1_271' title='bbox 729 3533 948 3616; x_wconf 86' lang='lat' dir='ltr'><strong>quales</strong></span> <span class='ocrx_word' id='word_1_272' title='bbox 988 3539 1142 3596; x_wconf 86' lang='lat' dir='ltr'><strong>sunt</strong></span> <span class='ocrx_word' id='word_1_273' title='bbox 1181 3540 1440 3596; x_wconf 89' lang='lat' dir='ltr'><strong>nostrae</strong></span> <span class='ocrx_word' id='word_1_274' title='bbox 1488 3532 1996 3609; x_wconf 80' lang='lat' dir='ltr'><strong>Bathonienses3</strong></span> <span class='ocrx_word' id='word_1_275' title='bbox 2043 3538 2236 3614; x_wconf 89' lang='lat' dir='ltr'><strong>atque</strong></span> <span class='ocrx_word' id='word_1_276' title='bbox 2278 3552 2487 3613; x_wconf 87' lang='lat' dir='ltr'><strong>aeger,</strong></span> <span class='ocrx_word' id='word_1_277' title='bbox 2516 3540 2777 3591; x_wconf 72' lang='lat' dir='ltr'><strong>adeundae.</strong></span> 
     </span>
     <span class='ocr_line' id='line_1_35' title="bbox 289 3634 2491 3721; baseline -0.002 -20"><span class='ocrx_word' id='word_1_278' title='bbox 289 3644 632 3721; x_wconf 87' lang='lat' dir='ltr'><strong>postquam</strong></span> <span class='ocrx_word' id='word_1_279' title='bbox 675 3634 880 3698; x_wconf 87' lang='lat' dir='ltr'><strong>tribus</strong></span> <span class='ocrx_word' id='word_1_280' title='bbox 915 3634 1160 3698; x_wconf 86' lang='lat' dir='ltr'><strong>auroris</strong></span> <span class='ocrx_word' id='word_1_281' title='bbox 1203 3634 1528 3698; x_wconf 84' lang='lat' dir='ltr'><strong>continuis</strong></span> <span class='ocrx_word' id='word_1_282' title='bbox 1568 3656 1675 3698; x_wconf 86' lang='lat' dir='ltr'><strong>eas</strong></span> <span class='ocrx_word' id='word_1_283' title='bbox 1709 3634 1889 3698; x_wconf 90' lang='lat' dir='ltr'><strong>intus</strong></span> <span class='ocrx_word' id='word_1_284' title='bbox 1927 3634 2361 3717; x_wconf 88' lang='lat' dir='ltr'><strong>assumpserit,</strong></span> <span class='ocrx_word' id='word_1_285' title='bbox 2392 3655 2491 3697; x_wconf 87' lang='lat' dir='ltr'><strong>se-</strong></span> 
     </span>
     <span class='ocr_line' id='line_1_36' title="bbox 291 3735 2495 3822; baseline -0.002 -18"><span class='ocrx_word' id='word_1_286' title='bbox 291 3738 518 3822; x_wconf 92' lang='lat' dir='ltr'><strong>quenti</strong></span> <span class='ocrx_word' id='word_1_287' title='bbox 562 3738 667 3801; x_wconf 89' lang='lat' dir='ltr'><strong>die</strong></span> <span class='ocrx_word' id='word_1_288' title='bbox 709 3737 1016 3802; x_wconf 89' lang='lat' dir='ltr'><strong>balneum</strong></span> <span class='ocrx_word' id='word_1_289' title='bbox 1058 3737 1479 3819; x_wconf 81' lang='lat' dir='ltr'><strong>ingrediatur,</strong></span> <span class='ocrx_word' id='word_1_290' title='bbox 1526 3743 1594 3801; x_wconf 92' lang='lat' dir='ltr'><strong>et</strong></span> <span class='ocrx_word' id='word_1_291' title='bbox 1636 3745 1893 3821; x_wconf 86' lang='lat' dir='ltr'><strong>postero</strong></span> <span class='ocrx_word' id='word_1_292' title='bbox 1938 3735 2042 3799; x_wconf 82' lang='lat' dir='ltr'><strong>die</strong></span> <span class='ocrx_word' id='word_1_293' title='bbox 2093 3737 2332 3801; x_wconf 87' lang='lat' dir='ltr'><strong>iterum</strong></span> <span class='ocrx_word' id='word_1_294' title='bbox 2384 3758 2495 3800; x_wconf 88' lang='lat' dir='ltr'><strong>eas</strong></span> 
     </span>
     <span class='ocr_line' id='line_1_37' title="bbox 287 3839 2487 3923; baseline -0.002 -16"><span class='ocrx_word' id='word_1_295' title='bbox 287 3842 504 3917; x_wconf 85' lang='lat' dir='ltr'><strong>bibat3</strong></span> <span class='ocrx_word' id='word_1_296' title='bbox 552 3840 724 3904; x_wconf 89' lang='lat' dir='ltr'><strong>idem</strong></span> <span class='ocrx_word' id='word_1_297' title='bbox 767 3839 1062 3905; x_wconf 86' lang='lat' dir='ltr'><strong>faciendo</strong></span> <span class='ocrx_word' id='word_1_298' title='bbox 1106 3839 1474 3903; x_wconf 89' lang='lat' dir='ltr'><strong>alternatim</strong></span> <span class='ocrx_word' id='word_1_299' title='bbox 1518 3859 1635 3923; x_wconf 91' lang='lat' dir='ltr'><strong>per</strong></span> <span class='ocrx_word' id='word_1_300' title='bbox 1678 3840 1837 3903; x_wconf 90' lang='lat' dir='ltr'><strong>duos</strong></span> <span class='ocrx_word' id='word_1_301' title='bbox 1881 3859 2139 3902; x_wconf 86' lang='lat' dir='ltr'><strong>menses</strong></span> <span class='ocrx_word' id='word_1_302' title='bbox 2180 3839 2487 3920; x_wconf 85' lang='lat' dir='ltr'><strong>integros.</strong></span> 
     </span>
     <span class='ocr_line' id='line_1_38' title="bbox 288 3940 2489 4025; baseline -0.003 -16"><span class='ocrx_word' id='word_1_303' title='bbox 288 3944 556 4009; x_wconf 86' lang='lat' dir='ltr'><strong>Etenim</strong></span> <span class='ocrx_word' id='word_1_304' title='bbox 588 3949 728 4006; x_wconf 90' lang='lat' dir='ltr'><strong>tam</strong></span> <span class='ocrx_word' id='word_1_305' title='bbox 772 3942 844 4005; x_wconf 91' lang='lat' dir='ltr'><strong>in</strong></span> <span class='ocrx_word' id='word_1_306' title='bbox 884 3941 984 4005; x_wconf 86' lang='lat' dir='ltr'><strong>his</strong></span> <span class='ocrx_word' id='word_1_307' title='bbox 1021 3963 1215 4024; x_wconf 89' lang='lat' dir='ltr'><strong>quam</strong></span> <span class='ocrx_word' id='word_1_308' title='bbox 1250 3942 1410 4020; x_wconf 89' lang='lat' dir='ltr'><strong>aliis,</strong></span> <span class='ocrx_word' id='word_1_309' title='bbox 1443 3942 1884 4025; x_wconf 90' lang='lat' dir='ltr'><strong>cujuscunque</strong></span> <span class='ocrx_word' id='word_1_310' title='bbox 1932 3940 2196 4007; x_wconf 88' lang='lat' dir='ltr'><strong>demum</strong></span> <span class='ocrx_word' id='word_1_311' title='bbox 2234 3940 2489 4023; x_wconf 86' lang='lat' dir='ltr'><strong>generis</strong></span> 
     </span>
     <span class='ocr_line' id='line_1_39' title="bbox 289 4043 2490 4127; baseline -0.004 -15"><span class='ocrx_word' id='word_1_312' title='bbox 289 4047 440 4125; x_wconf 84' lang='lat' dir='ltr'><strong>sint,</strong></span> <span class='ocrx_word' id='word_1_313' title='bbox 492 4045 616 4109; x_wconf 89' lang='lat' dir='ltr'><strong>hoc</strong></span> <span class='ocrx_word' id='word_1_314' title='bbox 669 4044 894 4108; x_wconf 87' lang='lat' dir='ltr'><strong>sedulo</strong></span> <span class='ocrx_word' id='word_1_315' title='bbox 943 4043 1326 4123; x_wconf 87' lang='lat' dir='ltr'><strong>notandum,</strong></span> <span class='ocrx_word' id='word_1_316' title='bbox 1381 4044 1551 4127; x_wconf 91' lang='lat' dir='ltr'><strong>quod</strong></span> <span class='ocrx_word' id='word_1_317' title='bbox 1602 4044 1675 4107; x_wconf 90' lang='lat' dir='ltr'><strong>in</strong></span> <span class='ocrx_word' id='word_1_318' title='bbox 1718 4063 1941 4107; x_wconf 90' lang='lat' dir='ltr'><strong>earum</strong></span> <span class='ocrx_word' id='word_1_319' title='bbox 1982 4064 2109 4107; x_wconf 83' lang='lat' dir='ltr'><strong>usu</strong></span> <span class='ocrx_word' id='word_1_320' title='bbox 2158 4061 2235 4105; x_wconf 91' lang='lat' dir='ltr'><strong>eo</strong></span> <span class='ocrx_word' id='word_1_321' title='bbox 2278 4060 2490 4121; x_wconf 88' lang='lat' dir='ltr'><strong>usque</strong></span> 
     </span>
     <span class='ocr_line' id='line_1_40' title="bbox 287 4141 2487 4232; baseline -0.005 -19"><span class='ocrx_word' id='word_1_322' title='bbox 287 4170 480 4231; x_wconf 84' lang='lat' dir='ltr'><strong>aegro</strong></span> <span class='ocrx_word' id='word_1_323' title='bbox 535 4145 1031 4232; x_wconf 83' lang='lat' dir='ltr'><strong>persistendum,</strong></span> <span class='ocrx_word' id='word_1_324' title='bbox 1092 4145 1296 4209; x_wconf 90' lang='lat' dir='ltr'><strong>donec</strong></span> <span class='ocrx_word' id='word_1_325' title='bbox 1354 4167 1488 4211; x_wconf 91' lang='lat' dir='ltr'><strong>non</strong></span> <span class='ocrx_word' id='word_1_326' title='bbox 1545 4152 1805 4209; x_wconf 90' lang='lat' dir='ltr'><strong>tantum</strong></span> <span class='ocrx_word' id='word_1_327' title='bbox 1864 4145 2154 4207; x_wconf 87' lang='lat' dir='ltr'><strong>levamen</strong></span> <span class='ocrx_word' id='word_1_328' title='bbox 2213 4141 2487 4224; x_wconf 85' lang='lat' dir='ltr'><strong>aliquale</strong></span> 
     </span>
     <span class='ocr_line' id='line_1_41' title="bbox 287 4241 2489 4333; baseline -0.004 -18"><span class='ocrx_word' id='word_1_329' title='bbox 287 4251 544 4329; x_wconf 86' lang='lat' dir='ltr'><strong>sentiat,</strong></span> <span class='ocrx_word' id='word_1_330' title='bbox 577 4250 709 4327; x_wconf 89' lang='lat' dir='ltr'><strong>sed,</strong></span> <span class='ocrx_word' id='word_1_331' title='bbox 741 4270 868 4332; x_wconf 91' lang='lat' dir='ltr'><strong>quo</strong></span> <span class='ocrx_word' id='word_1_332' title='bbox 906 4248 1121 4314; x_wconf 89' lang='lat' dir='ltr'><strong>minus</strong></span> <span class='ocrx_word' id='word_1_333' title='bbox 1158 4255 1590 4333; x_wconf 86' lang='lat' dir='ltr'><strong>symptomata</strong></span> <span class='ocrx_word' id='word_1_334' title='bbox 1627 4246 1844 4311; x_wconf 86' lang='lat' dir='ltr'><strong>omnia</strong></span> <span class='ocrx_word' id='word_1_335' title='bbox 1882 4244 2061 4309; x_wconf 88' lang='lat' dir='ltr'><strong>brevi</strong></span> <span class='ocrx_word' id='word_1_336' title='bbox 2094 4241 2489 4327; x_wconf 85' lang='lat' dir='ltr'><strong>postliminio</strong></span> 
     </span>
     <span class='ocr_line' id='line_1_42' title="bbox 289 4352 1615 4431; baseline -0.002 -14"><span class='ocrx_word' id='word_1_337' title='bbox 289 4359 635 4431; x_wconf 88' lang='lat' dir='ltr'><strong>revertant,</strong></span> <span class='ocrx_word' id='word_1_338' title='bbox 669 4352 870 4416; x_wconf 91' lang='lat' dir='ltr'><strong>donec</strong></span> <span class='ocrx_word' id='word_1_339' title='bbox 900 4352 1164 4416; x_wconf 86' lang='lat' dir='ltr'><strong>omnino</strong></span> <span class='ocrx_word' id='word_1_340' title='bbox 1194 4352 1615 4417; x_wconf 86' lang='lat' dir='ltr'><strong>convalescat.</strong></span> 
     </span>
    </p>

    <p class='ocr_par' dir='ltr' id='par_1_13' title="bbox 388 4448 2485 4539">
     <span class='ocr_line' id='line_1_43' title="bbox 388 4448 2485 4539; baseline 0 -22"><span class='ocrx_word' id='word_1_341' title='bbox 388 4455 596 4539; x_wconf 60' lang='lat'>[112]</span> <span class='ocrx_word' id='word_1_342' title='bbox 651 4454 957 4519; x_wconf 83' lang='lat' dir='ltr'><strong>Theriaca</strong></span> <span class='ocrx_word' id='word_1_343' title='bbox 1001 4454 1464 4533; x_wconf 88' lang='lat' dir='ltr'><strong>Andromachi,</strong></span> <span class='ocrx_word' id='word_1_344' title='bbox 1515 4454 1617 4520; x_wconf 84' lang='lat' dir='ltr'><strong>vel</strong></span> <span class='ocrx_word' id='word_1_345' title='bbox 1671 4453 1820 4530; x_wconf 88' lang='lat' dir='ltr'><strong>sola,</strong></span> <span class='ocrx_word' id='word_1_346' title='bbox 1873 4452 1927 4515; x_wconf 90' lang='lat' dir='ltr'><strong>si</strong></span> <span class='ocrx_word' id='word_1_347' title='bbox 1974 4449 2197 4516; x_wconf 89' lang='lat' dir='ltr'><strong>crebro</strong></span> <span class='ocrx_word' id='word_1_348' title='bbox 2248 4448 2485 4532; x_wconf 78' lang='lat' dir='ltr'><strong>diuque</strong></span> 
     </span>
    </p>
   </div>
  </div>
 </body>
</html>
