3138 5006
664 279 792 340 134
1290 275 1679 340 THOMAE
1727 274 2242 340 SYDENHAM

348 452 633 499 vinoun
658 440 1093 525 expulsionem
1130 438 1542 519 interturbat,
1573 446 1640 505 et
1683 446 2056 503 contentam
2097 437 2432 503 materiam
2477 438 2846 521 exagitando

352 516 633 627 ῗξζζζζζ
658 565 893 608 noxam
930 543 1119 625 parit.
1209 542 1333 606 Vel
1370 542 1589 625 itaque
1627 550 1840 625 partes
1875 542 2014 626 jam
2049 550 2345 619 secretae,
2377 549 2571 624 atque
2607 542 2682 604 in
2723 562 2848 606 cor-

388 644 593 695 ’67-’69-
657 645 828 727 poris
860 642 991 724 ἕξιν
1028 643 1371 726 depositae,
1404 643 1770 706 vehementi
1797 643 1908 706 illo
1935 643 2284 726 rapidoque
2315 644 2647 726 sanguinis
2682 643 2851 707 ebul-

656 747 873 810 lientis
912 766 1105 809 cursu
1148 744 1466 828 abreptae,
1512 746 1584 807 in
1621 745 1910 829 ejusdem
1952 767 2228 809 massam
2269 746 2716 823 resorbentur3
2759 747 2884 809 vel-

656 856 871 933 partes
915 868 1237 925 carnosae,
1289 847 1463 910 ultra
1504 848 1778 930 gradum
1829 848 2274 931 suppurationi
2311 847 2602 912 debitum
2655 850 2852 912 excal-

656 953 881 1029 factae,
920 951 1138 1013 minus
1182 949 1514 1014 commode
1556 950 1734 1014 illam
1777 956 2218 1033 exequuntur3
2264 950 2365 1013 vel
2409 950 2686 1033 denique
2731 952 2851 1016 for-

656 1054 863 1132 tassiS,
894 1053 1120 1117 oborta
1146 1053 1267 1115 hac
1292 1073 1461 1115 nova
1490 1052 1909 1134 aegritudine,
1933 1053 2264 1135 sanguinis
2294 1054 2667 1116 oeconomia
2693 1054 2852 1136 ipsa·

656 1176 928 1238 rumque
968 1155 1257 1218 carnium
1300 1160 1495 1216 tonus
1536 1154 1939 1237 pervertitur,
1970 1176 2172 1237 usque
2208 1153 2366 1218 adeo
2408 1161 2484 1217 ut
2522 1156 2854 1219 materiam

654 1258 833 1321 illam
882 1257 1209 1339 expulsam
1266 1256 1538 1333 vincere,
1585 1276 1852 1337 eamque
1911 1254 2158 1318 solenni
2214 1275 2393 1317 more
2449 1254 2853 1319 abscessuum

658 1381 948 1442 coquere,
978 1365 1275 1441 nequeat.

757 1462 920 1545 [39.]
976 1462 1268 1537 Interim,
1291 1481 1427 1523 non
1454 1481 1658 1543 usque
1689 1459 1846 1523 adeo
1874 1481 1992 1523 nos
2021 1459 2172 1522 illuc
2199 1460 2486 1523 intentos
2507 1480 2645 1523 esse
2675 1481 2854 1543 opor·

350 1539 531 1650 parix
545 1556 579 1632 ‚⁸
592 1620 621 1651 a
657 1571 773 1643 tet,
805 1585 931 1647 quo
976 1563 1414 1627 ebullitionem
1454 1562 1723 1625 nimiam
1765 1562 1836 1624 in
1881 1562 2194 1643 sanguine
2234 1570 2732 1644 praevertamus,
2763 1570 2852 1641 ut,

351 1618 449 1729 ἐξ)
469 1639 616 1715 etiaifn
658 1688 923 1749 aegrum
950 1664 1202 1747 frigoris
1231 1664 1483 1747 injuriis
1514 1663 1910 1746 exponendO,
1941 1664 2344 1747 pustularum
2374 1664 2627 1746 eruptio
2655 1665 2854 1747 impe-

349 1730 631 1859 ῙΥᾞῘᾞΞΡ-
658 1768 890 1830 diatur.
984 1765 1237 1828 Gradus
1267 1764 1375 1827 ille
1402 1764 1628 1827 caloris
1651 1764 1734 1827 ad
1763 1764 1992 1826 harum
2015 1764 2452 1845 expulsionem
2481 1786 2854 1847 promoven-

352 1859 422 1906 ²5⁰
444 1858 600 1922 impe-
658 1870 807 1933 dam
838 1867 1548 1946 accommodatissimus,
1567 1868 1878 1930 naturalis
1901 1868 1984 1930 sit
2014 1876 2285 1951 oportet,
2317 1878 2511 1952 atque
2541 1873 2856 1955 ejusmodi

351 1475 637 1523 Cavendum

353 1923 549 2053 gaas
660 1993 823 2054 quae
852 1970 1261 2034 carnosarum
1304 1968 1586 2051 partium
1614 1969 1946 2052 temperiei
1985 1970 2359 2048 conveniat3
2407 1972 2642 2055 quique
2679 1974 2856 2037 hunc

350 2070 540 2182 ἓξὲξ
551 2086 631 2118 ⁶⁸·
660 2072 926 2149 excedit,
958 2078 1071 2134 aut
1104 2070 1184 2133 ab
1216 2070 1442 2133 eodem
1471 2069 1706 2148 deficit,
1739 2071 2040 2152 utrinque
2067 2072 2458 2153 periculosus
2489 2080 2606 2136 est.

350 2198 564 2261 pulsioni
756 2172 922 2255 [40.]
976 2172 1076 2233 Ex
1119 2169 1305 2233 dictis
1342 2170 1560 2252 itaque
1605 2171 1758 2233 satis
1797 2172 2210 2235 manifestum
2254 2173 2506 2237 videtur
2547 2175 2618 2237 in
2663 2197 2858 2258 quam

347 2278 633 2325 P¹⁰¹¹²⁰V⁶¹¹·
658 2276 903 2339 incerto
930 2273 1301 2356 lubricoque
1331 2274 1415 2336 sit
1453 2274 1594 2336 loco
1623 2280 1766 2336 tum
1805 2274 2065 2337 morbus
2093 2275 2201 2338 ille
2236 2276 2316 2339 de
2347 2298 2473 2358 quo
2515 2277 2857 2361 loquimur,

350 2327 627 2438 gained&-
655 2386 799 2442 tum
850 2376 1062 2459 praxis
1105 2374 1353 2439 medica
1396 2397 1558 2458 quae
1603 2375 1809 2439 eidem
1853 2376 2390 2441 accommodanda
2433 2385 2549 2442 est.
2639 2381 2859 2463 Atque

348 2454 587 2567 3332}ss
658 2481 893 2545 etiamn
924 2478 1152 2544 exinde
1195 2478 1618 2562 pronunciare
1647 2478 1854 2542 ausim
1881 2478 2050 2542 illius
2079 2480 2336 2559 famam,
2375 2481 2486 2564 qui
2523 2482 2627 2545 in⁰
2655 2484 2858 2548 medi-

659 2583 864 2646 cando
892 2582 1013 2645 hoc
1040 2580 1264 2643 morbo
1291 2581 1662 2663 frequenter
1691 2601 1826 2644 sese
1865 2591 2133 2660 exercet,
2163 2584 2235 2644 in
2279 2593 2556 2667 angusto
2583 2587 2858 2664 versari5

659 2684 1174 2769 quandoquidem
1224 2704 1359 2746 non
1408 2683 1639 2766 vulgus
1683 2683 2080 2747 solummodo
2124 2686 2346 2749 mortis
2391 2707 2649 2751 causam
2693 2698 2858 2753 sata-

348 2585 545 2632 omnino

348 2655 434 2694 est.

659 2789 841 2872 genti
882 2786 1075 2850 nimis
1129 2785 1387 2849 Medico
1428 2784 1853 2848 transcribere
1895 2793 2192 2868 paratum
2243 2787 2346 2867 sit,
2392 2810 2617 2852 verum
2663 2792 2860 2854 etiam

660 2891 945 2975 ejusdem
1004 2888 1157 2953 artis
1214 2886 1599 2971 professores
1657 2886 2090 2952 calumniandi
2149 2911 2370 2953 ansam
2419 2892 2572 2956 inde
2629 2894 2890 2976 cupide.

724 3066 747 3088 ¹¹
780 3062 934 3121 Atque
950 3062 1089 3106 etiam
1107 3053 1212 3119 ᾦα]
1252 3054 1387 3102 Haec
1408 3054 1592 3101 habent
1605 3055 1712 3103 edd.
1801 3061 1923 3105 latus
1935 3063 2244 3120 supervenerit
2257 3079 2273 3108 .-
2308 3065 2355 3109 in
2373 3065 2445 3109 his
2467 3059 2717 3124 (inquam.)
2737 3068 2858 3112 casi-

661 3125 760 3180 ⁹66,
782 3124 860 3170 ’68
894 3129 1003 3184 post
1031 3124 1263 3168 clauderet
1286 3122 1309 3179 5
1334 3120 1413 3176 36,
1435 3118 1715 3181 praemissis

660 3203 785 3248 quae
821 3187 1259 3247 sequuntur:—E.r
1282 3185 1538 3245 praedictis
1558 3187 1715 3245 itaque

660 3258 851 3305 constat,
886 3253 1188 3296 ebullitionem
1222 3251 1268 3294 in
1303 3250 1447 3294 morbi
1482 3251 1715 3308 principio

660 3321 877 3376 coeptam,
902 3329 1045 3374 neque
1066 3315 1200 3358 nimis
1222 3314 1347 3358 evehi
1363 3314 1539 3368 debere,
1572 3328 1714 3374 neque

659 3382 795 3425 nimis
816 3381 975 3424 minui.
1036 3377 1200 3422 Verum
1219 3378 1315 3422 alia
1337 3379 1512 3422 omnino
1534 3391 1608 3423 res
1628 3384 1712 3432 est,

660 3443 957 3502 Medicusque
978 3443 1042 3487 ad
1060 3456 1173 3488 nova
1192 3441 1381 3486 consilia
1403 3442 1648 3501 redigitur,
1671 3443 1714 3487 ei

658 3523 759 3553 sero
790 3508 925 3552 nimis
956 3512 1217 3552 accersatur
1230 3522 1247 3557 ‚-
1286 3511 1525 3564 postquam
1558 3521 1714 3564 nempe

658 3573 731 3617 vel
750 3572 978 3616 cardiacis
1004 3571 1225 3616 adhibitis
1246 3570 1477 3614 immodice
1510 3571 1716 3615 ebullitio

658 3641 813 3681 evecta
834 3641 917 3690 est,
930 3637 1001 3680 vel
1013 3635 1315 3694 phlebotomia
1331 3635 1579 3678 inconsulto
1595 3635 1711 3680 cele-

660 3701 809 3754 brata,
844 3699 915 3745 vel
956 3701 1113 3759 quavis
1156 3699 1252 3743 alia
1295 3712 1434 3743 causa
1473 3699 1715 3752 mediante,

657 3765 813 3810 eadem
842 3765 976 3808 nimis
1005 3764 1289 3821 deprimitur,
1318 3763 1515 3820 adeoque
1544 3763 1608 3806 ad
1639 3777 1710 3807 se-

658 3831 898 3875 cretionem
921 3829 1068 3886 impar
1092 3832 1228 3887 atque
1251 3826 1468 3870 inhabilis
1488 3827 1711 3871 redditur.

664 3893 835 3942 Quodsi
863 3894 1016 3952 itaque
1042 3893 1241 3952 pn'mum
1274 3891 1356 3934 hoc
1387 3889 1553 3934 malum
1587 3891 1714 3936 nobis

656 3973 743 4002 non
777 3959 981 4010 consciis,
1017 3956 1211 4000 nondum
1251 3955 1427 3998 scilicet
1462 3956 1710 4010 accersitis,

656 4023 903 4081 aliquando
924 4020 1167 4080 contigerit
1182 4036 1198 4071 ,-
1243 4020 1350 4072 sive,
1374 4031 1429 4062 ea:
1467 4031 1710 4077 aegrorum

657 4085 1009 4144 intemperantia
1030 4089 1111 4128 aut
1132 4083 1325 4128 calidori
1348 4087 1708 4139 temperamento,

654 4152 845 4210 sanguis
866 4149 1255 4206 inflammatoriam
1289 4145 1518 4190 diathecin
1550 4153 1712 4191 nactus

642 4210 797 4272 fiterit
814 4232 832 4266 ‚·
865 4215 973 4267 cive,
998 4227 1054 4258 ea:
1075 4212 1323 4256 astantium
1345 4209 1713 4256 muliercularum

656 4285 738 4323 aut
770 4279 963 4324 aliorum
996 4288 1351 4336 quorumcunque
1382 4274 1584 4328 consilio,
1607 4289 1709 4319 car-

656 4343 885 4388 diacorum
904 4339 1321 4398 ucusphrenitidem
1342 4339 1565 4383 inve-terit
1583 4355 1598 4388 ,-
1621 4341 1713 4385 sive

655 4419 712 4450 ex
740 4407 949 4464 plethora
970 4405 1189 4449 circuitus
1210 4403 1449 4462 sanguinis
1471 4403 1714 4461 impeditus

642 4465 815 4526 fuerit,
830 4475 966 4526 atque
990 4469 1127 4512 totius
1146 4481 1318 4511 φησει-(ιε
1340 4467 1471 4524 quasi
1494 4473 1710 4526 strangu-

1803 3125 1899 3179 bus,
1918 3125 1991 3170 vel
2007 3127 2204 3172 secanda
2224 3141 2338 3173 vena
2359 3133 2443 3182 est,
2458 3129 2530 3174 vel
2545 3131 2748 3189 regimen
2772 3133 2861 3175 im·

1795 3189 2063 3246 perandum,
2098 3192 2185 3235 etti
2217 3206 2304 3236 non
2335 3207 2524 3250 pror-rm
2557 3189 2858 3253 refrigerans,

1799 3258 1920 3297 certe
1954 3259 2101 3300 tamen
2133 3267 2414 3315 nequaquam
2447 3253 2738 3315 calefaciens,
2765 3261 2860 3304 sive

1798 3317 1998 3361 diaetam
2007 3319 2316 3376 respiciamus,
2325 3322 2419 3365 sice
2427 3321 2768 3368 medicamenta.
2795 3323 2860 3367 Et

1799 3381 1978 3439 quidem
1995 3383 2041 3426 in
2065 3385 2293 3442 angustiis
2313 3385 2388 3429 hic
2407 3392 2616 3429 versatur
2628 3385 2862 3442 Medicus,

1793 3445 1970 3502 partim
1991 3445 2096 3490 dum
2117 3461 2197 3491 suo
2217 3446 2402 3507 judicio
2421 3444 2690 3506 satisfacere
2713 3451 2860 3510 cupit,

1793 3510 1970 3566 partim
1991 3511 2097 3554 dum
2113 3509 2420 3571 praejudiciis
2439 3513 2631 3558 aliorum
2657 3515 2861 3574 undique

1801 3573 2023 3632 cingitur,
2057 3576 2150 3632 qui,
2183 3576 2406 3634 siquidem
2449 3591 2588 3637 aegro
2621 3580 2859 3637 quippiam

1799 3650 1928 3680 secus
1956 3639 2192 3693 acciderit,
2215 3640 2344 3685 illius
2365 3646 2550 3686 mortem
2573 3640 2861 3688 Medicorum

1803 3703 2051 3746 temeritati
2072 3710 2300 3762 acceptam
2321 3699 2494 3762 referre
2515 3707 2670 3752 solent.
2711 3705 2860 3754 Qum

1801 3765 1855 3808 ob
1879 3779 2074 3819 causam,
2097 3772 2233 3826 atque
2254 3770 2394 3814 etiam
2421 3770 2541 3828 quod
2561 3771 2658 3828 ipse
2679 3772 2862 3816 morbus

1800 3829 2038 3874 admodum
2065 3833 2296 3876 versatilis
2315 3834 2493 3892 ingenii
2523 3835 2586 3878 sit
2617 3839 2755 3893 atque
2784 3837 2858 3880 in-

1799 3895 2041 3938 certi-ssimi
2063 3897 2226 3950 exitus,
2245 3901 2296 3940 ut
2317 3898 2389 3941 vel
2407 3899 2636 3942 minimum
2659 3913 2860 3944 errorem

1797 3957 1874 4000 vis
1892 3963 1989 4002 tuto
2011 3958 2246 4013 admittat,
2263 3959 2462 4006 Medicis
2477 3963 2745 4020 quibusdam
2769 3978 2860 4008 non

1795 4022 1906 4064 vitio
1919 4023 2177 4067 vertendam
2189 4038 2344 4069 censeo
2355 4039 2484 4069 sitam
2501 4026 2626 4070 illam
2640 4027 2733 4071 sive
2743 4043 2859 4086 pru»

1795 4085 2014 4139 dentiam,
2035 4088 2127 4132 sive
2155 4089 2388 4141 astutiam,
2413 4086 2704 4147 (charitatem
2737 4091 2860 4136 enim

1783 4144 1912 4208 forte
1935 4152 2104 4209 aliquis
2120 4152 2169 4195 iu
2187 4153 2246 4196 iis
2266 4149 2632 4211 desideraverit,)
2651 4155 2732 4214 qui
2753 4161 2855 4200 sta-

1798 4213 1878 4257 tim
1893 4220 2030 4273 atque
2050 4221 2290 4275 erumpunt
2315 4216 2360 4260 V
2352 4218 2539 4271 ariolae,
2563 4232 2750 4278 aegrum
2775 4233 2858 4263 nu-

1799 4279 1961 4323 tricum
1983 4293 2119 4325 curae
2141 4280 2419 4340 relinquunt.
2478 4281 2632 4341 Atque
2646 4297 2854 4341 pronun-

1798 4357 1922 4386 ciare
1985 4357 2026 4387 c.

1865 4399 1886 4422 ⁰
1921 4342 1999 4465 9Ξί
2021 4409 2070 4452 in
2093 4405 2200 4468 ξα]
2225 4411 2273 4453 in
2297 4411 2389 4454 loco
2409 4410 2540 4455 valde
2563 4411 2733 4455 lubrico
2749 4425 2852 4456 ver-

1798 4471 1895 4514 sari
1917 4473 1995 4529 qui
2018 4473 2064 4516 in
2088 4471 2163 4532 ᾇτ’.
2191 4471 2298 4518 edd.
2322 4473 2420 4529 ’66‚
2443 4474 2540 4520 ⁹68.
