3138 5006
636 256 1078 322 EPISTOLA
1121 258 1218 322 ΙΙ.
1266 258 1918 325 RESPONSORIA.
2114 275 2121 284 '
2251 263 2386 326 325

181 419 346 485 vires
374 419 795 502 animumque
823 418 1056 497 addat,
1100 416 1276 483 unde
1307 419 1506 484 etiam
1532 420 1795 484 Natura
1823 427 2010 485 tanto
2040 422 2222 486 oneri
2249 441 2390 486 suc-
2456 436 2541 486 Ds
2566 435 2684 486 Lur.

181 523 553 602 cumbente,
604 520 783 586 haud
828 521 1035 605 pauci,
1088 521 1416 606 spiritibus
1469 529 1664 607 atque
1716 523 1897 588 omni
1943 525 2114 589 vitae
2164 524 2393 590 robore
2421 501 2701 550 mmmm·

185 624 568 710 diaphoresi‚
625 623 1137 709 purgationibus,
1199 629 1266 687 ‘et
1322 624 1587 707 jejuniis
1646 625 2053 708 supervacuis
2117 626 2395 709 (praeter

184 730 422 794 vulnus
462 727 544 792 ab
587 727 985 812 hydrargyro
1023 725 1388 809 inflictum,)
1423 727 1691 791 tandem
1736 727 1999 811 penitus
2044 728 2391 808 exhaustis,

185 833 422 898 misere
481 830 756 896 confecti
815 837 990 894 sunt.
1079 831 1394 914 Persaepe
1451 831 1669 910 etiam,
1720 831 1947 897 morbo
1998 832 2136 915 jam
2185 833 2393 915 pulso,

187 957 382 1018 aeger
424 957 501 998 ea
545 933 891 1018 spirituum
930 933 1113 1018 copia
1151 955 1280 1016 qua
1322 939 1461 997 erat
1505 955 1666 1017 opus
1701 934 1785 998 ad
1827 935 2395 1018 redintegrandam

187 1038 533 1103 sanitatem
570 1037 942 1114 destitutus,
971 1058 1125 1119 prae
1159 1035 1602 1100 imbecillitate
1635 1036 1953 1114 concidit3
1998 1044 2111 1101 aut
2147 1037 2202 1100 si
2229 1036 2396 1101 forte

187 1141 545 1205 Libitinam
595 1140 804 1203 valeat
862 1140 1164 1222 effugere,
1217 1143 1320 1203 tot
1375 1139 1705 1222 tantisque
1756 1139 2147 1203 cruciatibus
2196 1138 2396 1203 vitam

185 1243 465 1322 redimit,
489 1250 564 1308 ut
594 1242 766 1306 tanti
793 1263 928 1306 non
963 1241 1045 1305 sit
1073 1241 1313 1305 vivere:
1368 1240 1449 1305 de
1493 1241 1725 1325 quibus
1755 1242 1959 1306 Poeta
1986 1262 2023 1306 e
2050 1241 2394 1308 neotericis

186 1345 366 1412 haud
392 1347 796 1431 ineleganter
816 1372 920 1411 :—

658 1476 689 1501 “
709 1472 948 1523 Graviora
967 1473 1149 1522 morbis
1171 1474 1386 1538 patimur
1407 1475 1647 1533 remedia;

713 1553 820 1603 Nec
840 1555 941 1603 vita
961 1554 1083 1602 tanti
1106 1560 1194 1614 est,
1217 1555 1377 1604 vivere
1399 1562 1458 1604 ut
1478 1557 1652 1620 possis,
1675 1557 1849 1606 mori.”

291 1670 462 1755 [38.]
517 1669 646 1734 Hic
669 1673 887 1733 autem
909 1668 978 1732 in
1000 1673 1307 1752 promptu
1328 1676 1426 1734 est
1455 1669 1649 1734 istam
1678 1670 2111 1756 objectionem
2134 1671 2396 1752 diluere,
2428 1688 2592 1739 Quare

191 1779 237 1810 “
257 1773 370 1858 qui
409 1773 485 1836 fit
523 1778 599 1836 ut
637 1771 938 1836 nonnulli
979 1771 1104 1835 hoc
1143 1771 1368 1836 morbo
1405 1772 1668 1854 (scilicet
1706 1773 1777 1837 in
1818 1781 1997 1839 statu
2038 1775 2179 1858 ejus
2208 1774 2398 1839 modo
2424 1753 2707 1866 {ffglffgrffi

191 1877 413 1960 dicto,)
441 1876 606 1940 male
635 1876 893 1939 multati
920 1875 993 1938 in
1017 1875 1296 1940 Galliam
1324 1876 1745 1959 commigrare
1768 1885 2085 1961 cogantur
2112 1885 2189 1942 ut
2219 1877 2301 1942 ab
2322 1899 2399 1942 eo
2426 1883 2477 1930 in
2494 1884 2711 1958 Gauium

191 1980 553 2044 liberentur
568 1979 644 2041 ?”
689 1979 872 2062 cujus
899 1977 997 2041 rei
1022 1978 1192 2042 hanc
1222 1999 1358 2044 esse
1387 1978 1703 2044 rationem
1745 1981 2088 2064 (quantum
2110 1981 2399 2066 judicare
2426 1962 2711 2074 ξζῗζὲζξξῩ

191 2083 503 2166 possum,)
567 2077 880 2145 existimo.
973 2080 1367 2164 Hujusmodi
1425 2081 1655 2164 aegris,
1714 2084 2086 2149 oeconomia
2141 2084 2399 2147 illorum
2424 2083 2517 2124 tur.

193 2206 537 2268 corporum
582 2204 799 2248 eversa
841 2204 916 2248 ac
943 2183 1182 2248 viribus
1220 2184 1576 2267 prostratis,
1620 2185 1793 2270 apud
1834 2207 1955 2250 nos
1998 2189 2107 2251 aer
2150 2207 2402 2250 crassus

195 2309 274 2351 ac
301 2286 606 2351 humidus
643 2285 1062 2351 resarciendis
1103 2286 1319 2351 minus
1348 2286 1617 2352 idoneus
1648 2294 1767 2367 est,
1798 2309 1949 2352 cum
1977 2289 2099 2352 iste
2132 2288 2399 2368 Galliae,

195 2396 426 2473 utpote
473 2389 582 2473 qui
631 2389 944 2454 salubrior
988 2411 1062 2454 ac
1115 2390 1320 2474 magis
1368 2412 1653 2470 serenus,
1696 2390 1954 2474 spiritus
2006 2391 2287 2475 corporis
2333 2398 2405 2456 et

193 2493 362 2558 vires
421 2491 782 2576 deperditas
849 2492 1210 2557 instaurare
1269 2499 1458 2577 aptus
1519 2493 1639 2573 sit3
1712 2516 1851 2558 non
1909 2493 2081 2578 quod
2126 2493 2403 2559 Praetioi

197 2595 442 2659 ibidem
472 2594 800 2678 degentes,
830 2600 985 2658 utut
1016 2593 1190 2659 docti
1218 2594 1498 2678 quidem,
1528 2592 1910 2660 methodum
1942 2617 2069 2678 qua
2096 2596 2202 2659 hic
2230 2616 2401 2661 mor-

193 2699 322 2762 bus
368 2696 618 2761 devinci
660 2696 882 2780 possit,
913 2696 1143 2760 melius
1183 2696 1440 2775 callent,
1471 2718 1668 2780 quam
1713 2720 1832 2763 nos
1871 2698 1978 2762 hic
2021 2698 2095 2763 in
2140 2697 2400 2781 Anglia.

201 2800 336 2865 Sed
361 2806 440 2864 ut
470 2800 555 2864 ad
582 2799 862 2864 diaetam
891 2806 1190 2863 revertar.

300 2903 465 2988 [39.]
521 2902 835 2967 Existimo
863 2901 1100 2986 itaque,
1139 2901 1228 2986 (et
1259 2901 1651 2986 experientia
1682 2922 1937 2967 mecum
1975 2902 2173 2987 facit,)
2209 2904 2401 2987 quod,

197 3013 458 3092 praeter
479 3007 808 3092 jusculum
836 3027 1243 3086 avenaceum,
1273 3008 1687 3091 panatellam,
1715 3006 1817 3071 lac
1844 3006 2306 3087 cerevisiatum,
2337 3015 2405 3074 et

199 3110 568 3176 cerevisiam
605 3116 872 3174 tenuem
914 3110 1321 3194 tepefactam,
1362 3117 1506 3189 etc„
1531 3110 1788 3194 juscula
1828 3109 2093 3194 insuper
2134 3132 2171 3174 e
2211 3132 2407 3175 carne

199 3213 494 3292 vitulina,
523 3213 868 3297 ΡιιΠοιἾιιῐι,
888 3220 1084 3297 atque
1114 3214 1240 3277 alia
1269 3213 1584 3298 ejusmodi
1611 3212 1681 3276 in
1708 3212 2015 3278 mediocri
2044 3214 2407 3296 quantitate

203 3338 400 3399 aegro
435 3323 502 3381 et
533 3316 781 3400 possint
814 3316 1096 3397 concedi,
1129 3322 1196 3381 et
1240 3316 1516 3381 debeant
1537 3342 1558 3395 ;
1606 3323 1799 3401 atque
1836 3323 1935 3396 ut,
1964 3315 2082 3379 ubi
2122 3316 2406 3400 primum

206 3439 488 3503 eousque
547 3419 904 3484 subsederit
963 3418 1367 3504 gingivarum
1407 3426 1627 3484 tumor
1669 3426 1748 3483 ut
1801 3416 2027 3484 dentes
2073 3440 2405 3485 conserere
2432 3436 2546 3486 Quo
2565 3440 2691 3483 tem-

203 3522 435 3607 yaleat,
474 3522 938 3602 cuniculorum,
981 3523 1324 3607 pullorum,
1363 3543 1681 3606 agnorum
1725 3543 1969 3601 carnes,
2009 3528 2201 3605 atque
2238 3524 2405 3607 ejus·
2431 3515 2543 3562 ¹²⁰oe
2567 3515 2673 3547 ω’

2430 3580 2517 3612 nes
2539 3570 2669 3611 tene-

204 3624 385 3688 modi
413 3624 782 3704 tenerioreS,
815 3632 884 3689 at
924 3647 1117 3709 parca
1153 3647 1376 3705 manu,
1408 3624 1541 3691 sint
1578 3624 2053 3709 indulgendae3
2098 3632 2173 3690 ut
2202 3624 2303 3689 vel
2333 3624 2406 3687 in
2430 3630 2581 3676 riores
2599 3628 2677 3675 in-

206 3729 376 3794 lecto
415 3749 484 3793 se
526 3728 873 3808 contineat,
916 3728 1018 3792 vel
1059 3729 1144 3793 ad
1185 3728 1408 3812 ignem
1449 3728 1688 3808 sedeat,
1717 3736 1909 3814 prout
1951 3728 2077 3794 hoc
2105 3729 2206 3794 vel
2246 3728 2409 3793 illud
2431 3693 2715 3819 ffffi‘ffiigssg,

207 3828 416 3914 magis
459 3830 810 3895 allubescat
860 3831 1112 3895 animo:
1173 3852 1323 3895 cum
1369 3830 1556 3900 enim-
1600 3833 1944 3917 ptyalismo
2004 3838 2409 3916 expugnetur

207 3934 317 3998 hic
362 3932 645 4021 morbus,
689 3956 826 3999 non
873 3934 1252 4017 diaphoresi,
1296 3935 1677 4000 hariolando
1722 3958 1859 4001 non
1906 3957 2051 3999 sum
2104 3954 2411 4019 quorsum

209 4058 420 4121 aeger,
450 4032 631 4100 nulla
655 4043 933 4119 urgente
961 4036 1359 4117 necessitate,
1389 4038 1594 4102 nimio
1623 4038 1831 4102 calore
1858 4044 2197 4101 mactetur.

310 4140 475 4224 [40.]
531 4140 725 4203 Dicta
765 4138 1109 4203 methodus
1151 4139 1258 4211 uti
1294 4140 1649 4225 expeditior
1692 4146 1809 4218 est,
1852 4140 2025 4222 (cum
2060 4160 2273 4222 neque
2310 4138 2410 4202 tot
2437 4152 2575 4201 Haec
2596 4168 2701 4201 me-

210 4242 350 4309 dies
395 4242 644 4327 corpori
690 4246 842 4307 ante
893 4242 1332 4309 salivationem
1382 4238 1820 4327 praeparando
1867 4240 2187 4305 inutiliter
2234 4240 2411 4303 insu-
2435 4217 2719 4344 ξξξξζζζῗ

210 4344 502 4424 mendos,
533 4364 653 4408 nec
687 4344 1053 4427 frequentes
1091 4346 1249 4411 istas
1289 4346 1723 4429 purgationes,
1756 4349 1871 4407 aut
1915 4342 2176 4408 decocta
2210 4341 2415 4406 solen..
2441 4347 2599 4404 ditior.

215 4446 332 4511 nia
381 4454 526 4530 post
571 4447 1028 4529 salivationem,
1063 4448 1268 4532 aegris
1318 4446 1655 4531 imponat,)
1704 4446 1800 4510 ita
1833 4442 2225 4510 certissimus
2275 4464 2420 4507 sum
