3138 5006
659 275 762 340 xiv
1289 275 1679 342 THOMAE
1731 279 2029 343 SYDEN
2039 280 2247 345 HAM

416 449 570 494 vnn.
659 440 982 527 Epidemii
1015 448 1444 525 generentur3
1488 442 1607 506 has
1659 448 1880 507 autem
1929 444 2321 508 mutationes
2373 451 2590 512 aereas
2641 468 2868 512 sensus

659 553 912 611 nostros
941 567 1076 610 non
1103 543 1293 610 ferire
1321 545 1774 625 contendebat,
1806 547 2043 630 quippe
2077 568 2227 612 cum
2264 549 2643 615 manifestae
2670 552 2866 636 hujus

659 650 842 714 fluidi
872 649 1292 727 conditiones,
1323 671 1488 733 quae
1524 649 1787 712 diversis
1824 650 1982 713 anni
2014 653 2415 735 temporibus
2445 653 2667 719 obviae
2696 675 2867 718 mor-

658 753 776 817 bos
804 751 1182 837 producant,
1205 750 1433 814 iisdem
1461 749 1860 834 temporibus
1891 773 2143 836 semper
2170 762 2588 834 recurrentes,
2619 756 2867 819 nullam

661 857 732 919 in
761 854 1030 918 Morbos
1060 852 1429 937 Epidemios
1459 859 1756 917 exserant
1778 853 1926 932 vim,
1951 854 2109 918 dum
2137 877 2321 920 versa
2347 858 2485 922 vice
2515 857 2673 921 anni
2700 865 2869 921 tem-

662 964 990 1043 pestatum
1047 956 1258 1021 morbi
1303 978 1344 1020 a
1389 957 1581 1039 genio
1622 956 1997 1039 Epidemiae
2057 958 2555 1025 Constitutionis
2600 959 2871 1033 omnino

663 1063 905 1147 aliquid
933 1061 1295 1138 adsumant,
1319 1058 1607 1142 adeoque
1631 1059 1824 1122 aliam
1844 1059 2145 1124 medendi
2168 1061 2485 1125 rationem
2512 1062 2863 1144 requirant,

663 1190 857 1252 quam
901 1167 1004 1231 cui
1045 1174 1204 1230 tunc
1243 1165 1466 1229 cedere
1510 1163 1761 1228 soleant
1812 1184 1963 1227 cum
2003 1164 2129 1228 iste
2173 1165 2447 1229 Morbus
2486 1164 2867 1248 Epidemius

661 1294 796 1336 non
846 1270 1034 1334 adsit.
1153 1267 1400 1332 Medici
1447 1266 1652 1350 igitur
1699 1267 2143 1350 circumspecti
2192 1288 2267 1332 ac
2324 1267 2663 1351 prudentis
2726 1287 2873 1330 esse

659 1382 835 1440 recte
865 1373 1094 1438 statuit
1121 1371 1615 1456 Sydenhamius,
1640 1370 1694 1433 si
1713 1370 1853 1454 quis
1884 1371 2159 1436 Morbus
2188 1371 2565 1455 Epidemius
2590 1371 2868 1455 grassari

658 1477 957 1561 coeperit,
988 1497 1125 1540 non
1167 1475 1390 1539 statim
1427 1473 1510 1538 ad
1555 1495 1700 1538 eam
1743 1472 2048 1537 medendi
2090 1473 2471 1538 methodum
2514 1474 2869 1557 confugere

660 1603 841 1665 quae,
894 1603 1044 1646 cum
1092 1579 1267 1644 idem
1316 1579 1581 1643 morbus
1634 1579 1760 1643 alio
1816 1585 2106 1662 tempore
2164 1579 2481 1663 epidemie
2538 1586 2865 1662 regnaret,

659 1685 904 1768 optimo
937 1705 1087 1748 cum
1122 1684 1342 1748 fructu
1385 1682 1677 1747 adhibita
1718 1683 1934 1761 fuerit,
1967 1683 2081 1746 sed
2124 1682 2209 1747 ad
2246 1685 2541 1749 Naturae
2584 1684 2865 1749 medica-

657 1787 836 1852 tricis
863 1788 1113 1854 monita
1141 1787 1428 1851 animum
1459 1787 1809 1866 advertere,
1840 1795 1907 1850 et
1937 1809 2102 1870 quae
2130 1795 2425 1868 noceant,
2452 1809 2690 1872 quaeve
2716 1811 2865 1872 pro·

659 1894 808 1973 sint,
840 1893 1188 1976 diligenter
1221 1899 1486 1956 notare:
1532 1891 1635 1954 his
1676 1892 1852 1954 enim
1894 1899 2071 1956 recte
2100 1892 2470 1972 observatis,
2503 1900 2723 1976 aptam
2754 1894 2867 1957 de-

657 2019 840 2061 mum
870 1996 1090 2060 Morbi
1118 1996 1440 2079 Epidemii
1468 1994 1868 2059 curationem
1896 1996 2151 2060 institui
2180 2007 2443 2080 possem.

360 2101 492 2150 Hinc
510 2101 612 2148 fao·
745 2099 910 2183 [15.]
955 2099 1154 2162 Haud
1180 2103 1433 2182 poterat
1454 2119 1591 2163 non
1613 2098 1868 2162 evenire
1900 2099 2057 2183 quin
2085 2100 2429 2165 methodus
2460 2102 2701 2166 morbis
2724 2109 2866 2166 tam

357 2172 625 2306 {²1¹3ssssssss
662 2203 961 2288 gravibus
1003 2202 1326 2281 medendi,
1359 2202 1438 2266 ab
1480 2224 1558 2267 ea
1593 2223 1757 2285 quae
1801 2203 1996 2286 longo
2040 2204 2403 2268 seculorum
2438 2227 2565 2268 usu
2600 2205 2763 2288 legis
2792 2206 2867 2268 in

356 2295 625 2470 gagg,
661 2305 2290 2474 ῗὲῖῖῗωὶῗῗὲἰοῧῗὲθῖπὲθ0083123θέἱῖξὲ
2305 2308 2865 2475 ἓὲῑίῗωῗέῗζί

389 2438 450 2470 en
488 2438 608 2470 aml-

357 2487 642 2600 gazeneui-
668 2514 1141 2599 Sydenhamius
1189 2512 1438 2597 saepius
1467 2430 1721 2577 ’acerbg
1763 2431 2196 2595 conqueriizur.
2286 2514 2549 2577 Etenim
2594 2514 2705 2579 isti
2746 2514 2865 2578 ho-

662 2618 870 2681 mines
913 2618 1190 2682 tolerare
1237 2638 1374 2681 non
1417 2621 1737 2700 poterant,
1780 2616 2086 2700 juvenem
2144 2615 2477 2679 Medicum
2534 2638 2739 2701 usque
2786 2639 2865 2682 eo

663 2720 1066 2803 arrogantiae
1125 2740 1199 2783 ac
1257 2718 1558 2783 audaciae
1608 2717 1966 2801 procedere,
2032 2725 2111 2782 ut
2168 2718 2360 2782 aliam
2431 2719 2864 2783 curandorum

660 2822 1033 2887 morborum
1060 2822 1230 2885 viam
1259 2841 1334 2885 ac
1361 2821 1699 2898 rationem,
1730 2819 1980 2884 meliori
2009 2841 2159 2884 cum
2188 2841 2485 2885 successu
2509 2843 2705 2905 quam
2734 2843 2864 2906 quo

660 2926 782 3009 ipsi
817 2925 952 3009 (qui
978 2924 1051 2988 in
1079 2924 1242 2989 Arte
1279 2922 1575 2987 facienda
1602 2922 2119 3005 consenuerant,)
2153 2922 2255 2986 uti
2284 2922 2597 3002 solebant,
2630 2931 2696 2988 et
2725 2925 2863 3010 ipse

661 3029 1014 3106 adhiberet,
1047 3034 1114 3091 et
1143 3027 1282 3091 aliis
1313 3025 1705 3109 sequendam
1734 3024 2235 3089 commendaret.

357 3150 636 3208 A.D.1665‚
759 3132 926 3217 [16.]
981 3130 1150 3194 Cum
1217 3128 1444 3205 Pestis,
1505 3148 1679 3191 anno
1752 3127 1940 3206 1665,
2002 3148 2224 3191 mense
2284 3128 2327 3192 J
2328 3129 2485 3193 unio
2552 3150 2696 3193 eam
2764 3138 2863 3195 at-

357 3224 414 3263 u‘
439 3216 635 3317 restem
660 3235 944 3318 tingeret
995 3231 1326 3295 saevitiam
1380 3236 1457 3293 ut
1517 3237 1764 3313 septem
1826 3230 2074 3293 dierum
2134 3232 2339 3315 spatio
2396 3232 2671 3297 totidem
2714 3234 2862 3297 mil--

357 3296 601 3391 ζὲιὲἒὶι-
659 3338 748 3401 lia
781 3335 1122 3400 hominum
1159 3332 1386 3397 morbo
1429 3332 1945 3411 succumberent,
1981 3332 2473 3418 Sydenhamius,
2504 3336 2861 3401 amicorum

355 3416 504 3519 iffi}
516 3408 594 3520 ἐξ,
661 3460 926 3505 suorum
958 3438 1224 3503 hortatu
1265 3436 1663 3518 aliorumque
1700 3435 1990 3519 exemplo
2028 3442 2377 3518 permotus,
2421 3459 2489 3502 se
2532 3458 2683 3504 cum
2719 3444 2863 3504 tota

357 3537 516 3585 ⁰²⁸⁸5‘·
659 3542 904 3608 familia
936 3540 1326 3624 fugientium
1355 3538 1759 3602 multitudini
1788 3538 2103 3624 adjunxit,
2137 3545 2329 3623 atque
2368 3540 2451 3605 ad
2490 3541 2737 3626 aliquot
2766 3541 2863 3604 la-

660 3646 842 3729 pides
867 3643 949 3709 ab
980 3641 1163 3708 Urbe
1203 3642 1534 3719 secessit¹¹;
1582 3642 1899 3705 maturius
1934 3647 2157 3705 tamen
2196 3642 2336 3705 aliis
2370 3642 2442 3705 in
2472 3642 2725 3708 Urbem
2758 3666 2863 3709 re-

660 3748 798 3827 diit,
827 3752 1361 3830 aegrotorumque
1391 3764 1613 3808 curam
1641 3743 1713 3806 in
1744 3764 1811 3807 se
1842 3744 2142 3827 suscepit.
2234 3743 2384 3808 Qua
2414 3744 2675 3828 quidem
2701 3746 2863 3829 fuga

659 3870 809 3913 cum
847 3846 1055 3912 morbi
1104 3845 1391 3931 pestiferi
1433 3845 1813 3910 observandi
1858 3852 2050 3929 atque
2097 3846 2367 3910 curandi
2410 3850 2862 3931 opportunitas

659 3953 940 4016 multum
995 3950 1345 4013 imminuta
1416 3956 1603 4027 esset,
1664 3970 1701 4012 e
1771 3949 2365 4032 percontationibus
2424 3950 2860 4033 Medicorum,

660 4054 892 4139 quibus
941 4073 1056 4137 per
1099 4057 1314 4115 totum
1368 4052 1539 4115 illius
1592 4050 1930 4115 decursum
1978 4053 2153 4115 inter
2200 4052 2414 4117 media
2460 4054 2745 4136 pericula
2791 4064 2863 4120 et

656 4158 836 4223 mille
884 4156 1110 4220 mortis
1148 4155 1462 4237 imagines
1505 4154 1946 4219 commorandi
1988 4155 2245 4218 animus
2288 4162 2355 4220 et
2398 4156 2635 4221 fiducia
2676 4158 2861 4223 haud

658 4263 968 4339 defuerat,
1000 4280 1180 4323 suam
1211 4258 1669 4341 experientiam
1701 4280 1935 4341 augere
1966 4257 2237 4323 studuit.

351 4373 524 4423 Plures
542 4374 633 4424 ha·
755 4364 920 4450 [17.]
975 4362 1268 4426 Plurium
1297 4362 1647 4429 liberorum
1674 4370 1924 4447 patrem
1954 4384 2021 4427 se
2050 4363 2261 4446 ipsum
2292 4363 2571 4446 adpellat
2598 4366 2820 4449 Syden
2836 4404 2853 4419 -

350 4439 458 4551 pou?
477 4440 596 4489 hbe-
785 4500 820 4523 ¹·
857 4490 932 4540 cr.
960 4492 1143 4539 observ.
1171 4492 1293 4537 Mea.
1319 4491 1350 4537 i.
1376 4492 1419 4539 2.
2090 4498 2113 4521 ·
2151 4491 2226 4539 ef.
2252 4494 2363 4539 εωιι.
2390 4492 2437 4539 ii.
2464 4494 2505 4542 2.
2534 4494 2613 4550 ³5,
2640 4496 2717 4541 36.
