3138 5006
538 324 1333 392 OBSERVATIONUM
1378 322 1948 392 MEDICARUM
1999 332 2113 386 111.
2151 336 2206 389 3.
2353 328 2476 389 153

262 487 421 552 satis
451 486 741 572 copiosus
772 486 891 552 sub
930 489 1128 553 finem
1157 490 1518 570 accedebat,
1554 491 1634 574 (si
1662 510 1895 573 nempe
1931 490 2113 554 nulla
2154 490 2470 571 insignior
2541 510 2740 561 ramus

260 596 693 673 praecesserat
737 591 1083 669 evacuatiO,
1117 598 1309 675 atque
1354 614 1546 676 aegro
1582 594 1828 677 julapia
1867 591 2314 675 refrigerantia
2347 594 2466 653 im-
2495 576 2775 690 Λξζξζῐυῇ

259 701 487 777 perata
519 694 821 777 fuerant,)
859 716 985 777 quo
1022 695 1301 777 quidem,
1342 696 1397 759 si
1431 718 1644 780 neque
1688 694 2212 761 evacuationibus
2253 714 2468 776 neque
2535 706 2740 757 ’67-’69.

260 816 391 860 usu
432 797 1049 862 medicamentorum
1100 799 1453 863 calidorum
1494 798 1694 863 fuerit
1735 801 2154 885 interceptuS,
2202 799 2468 864 morbus

260 899 438 963 ultra
468 920 647 983 spem
675 920 935 964 omnem
965 900 1187 983 fugam
1218 901 1339 966 sibi
1370 903 1738 985 quaerebat.

350 1002 471 1088 [2.]
518 1004 615 1067 Ut
652 1024 803 1067 vero
840 1003 1063 1069 Febris
1110 1005 1269 1069 haec
1315 1006 1396 1070 ab
1444 1007 1572 1071 ista
1614 1008 1782 1072 aeris
1829 1009 2293 1073 constitutione
2335 1010 2465 1093 epi·
2496 1024 2732 1087 Esusdem

260 1105 513 1170 demica
548 1106 877 1191 pendebat
923 1128 1087 1190 quae
1132 1108 1356 1173 eodem
1394 1114 1686 1193 tempore
1723 1112 1990 1177 variolas
2047 1112 2462 1197 producebat,
2492 1104 2775 1218 3¹¹?pr

254 1208 353 1272 ita
394 1208 681 1292 profecto
721 1208 893 1272 dicta
922 1209 1162 1287 Febris,
1201 1209 1255 1273 si
1288 1230 1423 1274 non
1462 1212 1687 1275 eadem
1726 1212 1918 1295 plane
1955 1220 2142 1292 esset,
2175 1212 2465 1297 ejusdem
2491 1219 2600 1295 Piae
2623 1236 2727 1296 0113·

253 1314 394 1379 fere
445 1334 595 1379 cum
644 1313 771 1378 illis
829 1322 1101 1379 naturae
1152 1322 1345 1398 atque
1392 1315 1626 1380 indolis
1679 1339 1796 1401 per
1844 1320 2065 1384 omnia
2107 1319 2463 1399 videbatur,
2493 1299 2608 1332 ”¹¹²⁰
2630 1285 2748 1343 sum

256 1416 536 1501 demptis
589 1416 989 1481 solummodo
1033 1418 1479 1501 symptomatis
1523 1420 1686 1499 istis,
1738 1442 1902 1503 quae
1954 1422 2312 1505 eruptionis
2362 1424 2466 1487 vel

254 1520 753 1603 consequentiae
775 1519 877 1583 vel
904 1518 1136 1584 effecta
1164 1528 1349 1585 erant
1377 1512 1760 1587 necessaria.
1813 1524 1990 1589 Nam
2013 1525 2242 1590 eodem
2271 1526 2465 1591 modo

253 1630 532 1705 uterque
566 1622 829 1686 morbus
870 1622 1383 1705 aggrediebatur,
1416 1624 1598 1688 dolor
1640 1624 1813 1689 idem
1856 1628 1929 1690 in
1971 1625 2268 1711 partibus
2300 1650 2464 1711 quae

254 1725 465 1789 cordis
518 1724 870 1789 scrobiculo
918 1724 1255 1809 subjacent
1302 1725 1356 1788 si
1398 1747 1632 1789 manus
1685 1726 2150 1807 admoveretur,
2200 1729 2463 1812 linguae

252 1828 415 1892 item
446 1828 637 1906 color,
667 1826 893 1891 urinae
924 1828 1360 1906 consistentia,
1393 1836 1513 1893 etc.
1534 1854 1554 1906 3
1610 1828 1874 1893 sudores
1905 1832 2248 1914 spontanei
2292 1834 2462 1916 copi-

252 1931 351 1994 osi
388 1929 469 1995 ab
506 1930 695 1994 initio
723 1929 933 1994 oborti
970 1928 1211 2014 ubique
1257 1929 1772 2013 respondebant;
1830 1934 2171 2017 propensio
2214 1934 2460 2015 itidem,

254 2053 453 2115 quam
480 2031 761 2097 habebat
782 2031 889 2095 hic
916 2031 1179 2096 morbus
1199 2033 1448 2115 quoties
1479 2032 1550 2096 in
1566 2034 1894 2099 flammam
1915 2036 2464 2102 vehementiorem

251 2145 639 2221 assurgeret,
661 2159 728 2201 se
757 2157 873 2220 per
898 2137 1315 2222 ptyalismum
1345 2139 1755 2218 exonerandi,
1776 2141 2002 2205 eadem
2029 2163 2292 2225 prorsus
2323 2151 2461 2207 erat

250 2246 450 2323 atque
485 2240 557 2303 in
584 2239 837 2303 variolis
874 2239 1069 2319 bisce,
1102 2238 1350 2323 quoties
1382 2240 1624 2305 scilicet
1653 2242 2065 2307 confluebant
2087 2268 2108 2323 ς
2167 2264 2316 2308 cum
2359 2245 2460 2309 in-

249 2362 447 2425 super
486 2342 647 2407 haec
676 2341 901 2407 Febris
939 2362 1015 2406 eo
1060 2342 1399 2425 praecipue
1442 2349 1734 2425 tempore
1778 2343 2066 2423 saeviret,
2100 2366 2226 2428 quo
2263 2345 2460 2409 latius

246 2450 448 2531 quain
491 2468 782 2531 unquam
832 2446 987 2511 alias
1037 2446 1381 2530 (quantum
1432 2466 1552 2529 ego
1604 2445 1970 2531 observavi‚)
2018 2447 2126 2512 hic
2168 2449 2458 2513 locorum

240 2548 711 2633 grassabantur
743 2548 1036 2627 variolae,
1067 2546 1316 2614 nemini
1352 2547 1627 2612 dubium
1666 2570 1806 2614 esse
1840 2557 2054 2634 potest
2087 2551 2248 2634 quin
2287 2552 2455 2635 ejus-

246 2653 402 2716 dem
459 2651 725 2717 omnino
783 2651 915 2716 sint
972 2650 1325 2734 prosapiae.
1421 2651 1505 2714 Id
1561 2658 1739 2716 certo
1797 2653 1948 2731 scio,
2008 2653 2458 2736 phaenomena

226 2753 531 2842 praefica
580 2757 799 2822 omnia
849 2777 1013 2840 quae
1063 2755 1463 2821 curationem
1512 2757 1941 2841 respiciebant
1993 2759 2220 2824 eadem
2261 2761 2453 2845 plane

242 2863 447 2928 fuisse
474 2863 547 2928 in
574 2869 852 2946 utroque
890 2862 1134 2942 morb0,
1167 2862 1447 2946 exceptis
1474 2861 1616 2925 istis
1658 2884 1821 2945 quae
1851 2864 2234 2929 variolarum
2264 2887 2451 2950 erup-

242 2965 341 3030 tio
372 2966 638 3050 ejusque
677 2965 906 3028 effecta
937 2964 1009 3028 in
1036 2964 1163 3028 isto
1189 2962 1417 3028 morbo
1445 2963 1843 3044 indicabant,
1877 2987 2059 3050 quae,
2092 2987 2240 3030 cum
2269 2969 2454 3034 nulla

242 3077 417 3134 esset
436 3069 511 3134 in
529 3068 651 3133 hac
672 3067 899 3148 Febre,
916 3067 1188 3132 indicari
1215 3067 1483 3151 proinde
1504 3089 1638 3131 non
1661 3076 1929 3151 potuere
1939 3095 1958 3147 3
1997 3068 2168 3155 quod
2192 3069 2453 3152 quidem

241 3172 409 3237 mihi
438 3171 695 3236 abunde
730 3171 1065 3237 constabat
1094 3191 1175 3234 ex
1202 3169 1694 3235 accuratissimis
1723 3170 1849 3233 illis
1879 3171 2450 3251 observationibus,

242 3297 407 3360 quas
456 3275 581 3341 feci
626 3275 785 3340 dum
823 3281 1099 3359 utroque
1143 3273 1368 3338 morbo
1408 3272 1774 3337 laborantes
1813 3278 2180 3338 tractarem.
2273 3272 2448 3339 Qua-

238 3387 508 3465 propter
545 3377 760 3442 danda
792 3377 955 3441 mihi
983 3384 1084 3441 est
1110 3376 1299 3440 venia
1332 3377 1489 3458 (non
1522 3375 1694 3460 quod
1732 3398 1898 3440 nova
1925 3397 2143 3441 rerum
2181 3375 2449 3441 nomina

238 3483 561 3561 affectem,
582 3502 745 3564 quae
773 3479 1041 3563 perinde
1068 3479 1231 3543 mihi
1260 3487 1413 3542 sunt
1432 3478 1640 3544 invisa
1667 3484 1860 3563 atque
1888 3480 1985 3544 illi
2013 3481 2118 3544 cui
2146 3481 2444 3560 maxime,

238 3585 359 3650 sed
387 3591 465 3649 ut
490 3585 659 3649 hanc
689 3583 947 3648 Febrim
978 3604 1018 3647 a
1043 3581 1312 3647 caeteris
1341 3580 1782 3664 distinguam,)
1809 3588 1886 3646 ut
1913 3581 2124 3660 istam,
2156 3603 2197 3646 a
2225 3581 2446 3645 simili-

234 3688 472 3754 tudine
504 3708 698 3772 quam
718 3706 869 3750 cum
895 3684 1018 3750 hac
1046 3684 1429 3750 variolarum
1452 3683 1662 3769 specie
1689 3682 1908 3764 habet,
1937 3684 2192 3748 Febrem
2225 3683 2444 3748 Vario-

236 3793 439 3856 losam
464 3788 837 3874 insigniam.

338 3896 462 3980 [3.]
519 3897 690 3960 Utut
716 3914 867 3960 vero
894 3891 1119 3959 Febris
1150 3892 1322 3957 dicta
1347 3891 1616 3956 variolas
1643 3889 1979 3972 referebat,
1999 3913 2192 3958 nemo
2219 3897 2443 3957 tamen
2467 3913 2694 3963 methodo

232 4021 437 4064 sanus
466 3998 693 4064 eadem
726 3999 906 4064 illam
940 3995 1245 4062 methodo
1282 3995 1517 4060 debere
1555 3995 1766 4060 mirari
1797 3996 1984 4061 facile
2021 3997 2144 4060 sibi
2179 4018 2438 4080 persua·
2465 3984 2724 4092 ἑζᾞωιξέ·

236 4101 433 4180 serit3
477 4121 626 4165 cum
654 4101 727 4164 in
762 4101 884 4178 his,
913 4098 1349 4163 mediantibus
1387 4097 1764 4162 abscessulis
1800 4100 2150 4183 particulae
2187 4099 2436 4163 inflam-
2461 4107 2574 4184 {11⁸9
2592 4061 2678 4161 gu-

234 4213 452 4269 matae
496 4204 569 4268 in
607 4203 903 4269 habitum
940 4200 1218 4287 corporis
1256 4201 1690 4275 amandentur
1731 4200 2294 4285 eliminenturque,
2331 4187 2676 4288 in⁰f122¹u¹22¹¹

234 4307 359 4371 hac
387 4305 593 4371 Febre
632 4313 853 4370 autem
890 4325 1025 4369 non
1062 4303 1190 4368 nisi
1224 4324 1341 4388 per
1379 4303 1817 4368 salivationem
1855 4303 2212 4388 ejiciantur.
2305 4303 2439 4370 Qui

232 4405 413 4476 enim
456 4411 529 4474 in
556 4409 766 4476 morbi
802 4407 1115 4494 principio
1158 4407 1511 4472 manabant
1557 4408 1820 4474 sudores
1860 4408 2121 4492 profusi,
2155 4417 2435 4495 sympto-

956 4559 965 4569 ·
1022 4545 1047 4570 ⁰
1080 4536 1329 4601 in—-ejt‘aJ
1354 4553 1448 4585 om.
1473 4537 1545 4586 ed.
1573 4536 1668 4587 ⁹76.

1306 4639 1351 4684 x
