3138 5006
728 260 859 322 488
1358 257 1750 322 ΤΗΟΜΑΕ
1801 255 2317 323 SYDENHAM
2405 267 2414 274 ’

424 437 701 486 Danaum
734 419 911 484 Cum
939 420 1159 505 itaque
1188 420 1521 485 Librarius
1552 441 1786 486 novam
1815 419 2240 486 Tractatuum
2266 441 2564 484 meorum
2595 419 2978 484 editionem

424 503 692 620 Ῑᾷᾪζζζ
729 544 805 587 30
849 530 1139 608 tempore
1184 524 1576 604 sollicitaret,
1621 524 1832 588 visum
1875 531 1974 588 est
2019 524 2458 608 conjecturam
2502 529 2678 587 tune
2719 543 2974 600 meam,

728 626 801 690 in
849 648 977 710 qua
1020 648 1127 690 me
1167 627 1637 691 hallucinatum
1687 626 1945 691 fuisse'
1919 649 2059 712 Jam
2107 627 2334 706 sentio,
2381 627 2454 689 in
2498 627 2720 690 forma
2775 627 2976 689 Post-

730 729 951 814 scripti
987 730 1247 815 publico
1284 730 1510 808 dare⁸;
1554 730 1628 793 in
1677 751 1870 815 quem
1917 729 2180 813 quidem
2217 749 2499 796 errorem
2543 750 2658 794 me
2691 729 2978 793 induxit

729 833 963 918 ingens
1006 855 1357 906 consensus
1388 855 1515 917 quo
1550 815 1776 898 Febris
1815 834 1976 898 haec
2019 855 2171 898 cum
2215 834 2390 898 dicta
2431 834 2546 898 illa
2588 835 2974 918 Peripnen-

727 937 984 1002 monica
1024 937 1391 1002 luculenter
1424 936 1870 1016 conveniebat,
1903 959 2069 1021 quae
2111 937 2294 1002 nulla
2336 959 2472 1002 non
2515 937 2766 1021 hyeme
2811 937 2974 1004 sub-

727 1039 881 1106 inde
928 1041 1223 1106 occurrit.
1314 1041 1425 1105 At
1450 1063 1602 1106 cum
1649 1047 1892 1105 aestate
1941 1040 2451 1125 superveniente,
2489 1035 2660 1124 quae
2709 1040 2976 1104 Febr-es

727 1143 869 1208 illas
900 1143 1512 1228 Peripneumonicas
1558 1144 1806 1208 solebat
1847 1144 2098 1228 fugare,
2128 1144 2288 1210 haec
2329 1143 2768 1209 nihilominus
2815 1164 2976 1228 per-

730 1254 1066 1326 severaret,
1110 1249 1331 1312 statim
1377 1248 1608 1313 erroris
1653 1247 1785 1312 mei
1823 1248 2276 1327 commonitus,
2321 1246 2596 1312 Febrem
2647 1247 2838 1312 hane
2883 1248 2974 1312 ad

728 1371 963 1414 novam
994 1350 1543 1416 Constitutionem
1572 1350 1998 1434 redigendam
2027 1352 2294 1416 omnino
2323 1351 2565 1415 censui.

427 1465 555 1527 Ejus
570 1479 705 1528 sym-
830 1454 951 1539 [5.]
1010 1454 1458 1540 Symptomata
1500 1455 1800 1539 diligenti
1845 1463 2164 1540 quantum
2207 1455 2390 1538 potui
2429 1453 2750 1570 indagine
2783 1477 2972 1520 com·

424 1536 659 1592 ptomata.
730 1557 1067 1642 prehensa,
1098 1559 1259 1624 haec
1296 1559 1430 1623 fere
1476 1555 1652 1638 sunt,
1685 1566 1751 1623 et
1786 1558 1944 1622 olim
1985 1558 2205 1622 fuere·
2253 1578 2442 1641 aeger
2483 1577 2600 1640 per
2629 1558 2816 1622 vices
2855 1581 2968 1624 ee-

730 1662 867 1726 lore
898 1668 963 1726 et
992 1661 1231 1745 frigore
1257 1669 1587 1741 tentatur,
1635 1681 2096 1745 saepenumero
2116 1667 2182 1724 et
2205 1666 2399 1745 eaput
2429 1667 2496 1724 et
2523 1667 2709 1725 artus
2735 1662 2970 1727 dolere

734 1767 1060 1852 queritur,
1105 1767 1330 1850 pulsus
1366 1786 1672 1830 sanorum
1707 1765 1926 1850 pulsui
1962 1785 2098 1828 non
2143 1763 2452 1828 absimilis
2496 1770 2634 1844 est3
2682 1767 2966 1850 33119113

735 1892 772 1935 3
816 1870 997 1935 venis
1042 1871 1313 1936 eductus
1359 1871 1844 1956 pleuriticorum
1893 1869 2277 1952 sanguinem
2315 1868 2491 1934 haud
2531 1891 2684 1935 raro
2731 1893 2964 1936 aemu-

733 1974 945 2052 latur3
992 1995 1183 2058 aeger
1210 1982 1287 2039 ut
1314 1975 1669 2060 plurimum
1694 1972 1946 2038 laborat
1973 1972 2158 2052 tussi,
2191 1994 2354 2057 quae
2383 1973 2669 2057 quidem,
2699 1985 2963 2060 quanto

735 2078 816 2143 ab
846 2080 1080 2165 hyeme
1107 2079 1367 2162 longius
1396 2077 1645 2143 invadit
1673 2077 1959 2156 morbus,
1989 2081 2178 2141 tanto
2217 2077 2425 2156 citius,
2455 2100 2593 2143 una
2623 2100 2784 2144 cum
2813 2082 2962 2146 aliis

734 2183 1181 2268 symptomatis
1214 2182 1814 2266 peripneumoniam
1851 2181 2078 2246 mitem
2115 2187 2180 2244 et
2217 2180 2375 2244 boni
2402 2183 2600 2247 moris
2631 2185 2961 2249 comitan-

734 2287 931 2366 tibus,
960 2287 1221 2352 recedit.
1312 2285 1515 2350 Dolor
1559 2285 1796 2350 collum
1827 2291 1894 2348 et
1922 2284 2140 2349 fauces
2175 2283 2304 2367 (hic
2331 2305 2481 2348 vero
2518 2284 2726 2350 levior
2757 2307 2958 2370 quam

734 2391 805 2454 in
835 2389 1117 2472 angina,)
1155 2387 1273 2452 sub
1318 2387 1602 2472 primum
1635 2386 1848 2452 morbi
1889 2387 2208 2451 insultum
2237 2385 2625 2471 quandoque
2653 2399 2958 2472 occupat.

734 2493 977 2575 Febris,
1009 2493 1271 2559 tametsi
1298 2515 1558 2578 prorsus
1599 2493 1912 2558 continua
1955 2491 2058 2571 sit,
2103 2512 2293 2575 saepe
2335 2497 2558 2555 tamen
2603 2493 2960 2559 exacerba-

730 2599 941 2664 tiones
979 2596 1463 2662 molestissimas
1496 2596 1846 2680 ingruente
1891 2602 2080 2659 nocte
2125 2600 2442 2679 apportat,
2471 2616 2610 2658 11011
2651 2595 2854 2661 aliter
2883 2619 2960 2662 ac

736 2703 793 2767 si
838 2702 1077 2787 duplex
1121 2701 1287 2766 foret
1332 2700 1634 2779 tertiana,
1683 2700 1813 2763 sive
1862 2698 2256 2782 quotidiana.
2343 2698 2561 2781 Aeger
2599 2699 2842 2784 jugem
2888 2701 2962 2763 in

733 2806 902 2871 lecto
948 2803 1343 2882 decubitum,
1376 2802 1856 2886 quantumlibet
1893 2801 2212 2865 levissime
2259 2801 2560 2885 stragulis
2604 2812 2964 2887 coopertus

740 2909 843 2988 sit,
890 2929 1027 2971 non
1074 2907 1213 2971 31113
1262 2927 1501 2989 magno
1553 2926 1669 2969 suo
1725 2905 2014 2989 periculo
2073 2905 2439 2989 experitur3
2502 2904 2711 2970 Febre
2774 2908 2963 2971 enim

741 3010 971 3077 exinde
999 3010 1071 3075 in
1099 3009 1433 3075 cerebrum
1461 3030 1662 3087 versa,
1693 3007 1794 3072 vel
1831 3008 1904 3071 in
1943 3029 2130 3071 coma
2156 3007 2259 3072 vel
2285 3008 2357 3071 in
2383 3008 2738 3092 phrenesin
2765 3009 2964 3075 facile

740 3115 1004 3179 incidit:
1052 3121 1118 3177 et
1154 3114 1251 3196 (ut
1284 3134 1509 3176 verum
1552 3112 1802 3195 fatear,)
1851 3111 1948 3175 ita
1981 3110 2274 3195 proclivis
2311 3117 2409 3174 est
2443 3111 2514 3173 in
2551 3112 2676 3175 1103
2717 3114 2964 3179 morbo

744 3219 827 3283 ad
858 3218 1207 3302 phrenesin
1247 3217 1482 3299 lapsuS,
1512 3222 1589 3279 ut
1623 3236 1930 3299 persaepe
1975 3236 2092 3279 sua
2135 3221 2382 3298 sponte,
2413 3215 2596 3279 nulla
2632 3216 2964 3299 ejusmodi

744 3322 897 3385 data
952 3341 1127 3399 ansa,
1176 3319 1347 3383 illico
1395 3318 1719 3402 subrepat.
1808 3318 1902 3381 At
1953 3339 2089 3382 non
2135 3339 2212 3381 eo
2259 3318 2830 3384 excandescentiae
2893 3330 2962 3385 et

742 3424 973 3489 furoris
1020 3422 1308 3487 ascendit
1342 3421 1660 3506 phrenitis
1717 3422 1790 3484 in
1831 3422 1955 3485 hac
1985 3420 2210 3499 Febre,
2255 3427 2450 3503 atque
2509 3419 2621 3483 illa
2665 3442 2802 3504 qua
2845 3442 2956 3485 va-

742 3528 919 3593 riolis
964 3532 1156 3611 atque
1203 3526 1343 3597 aliis
1386 3525 1676 3590 febribus
1721 3524 1996 3607 correpti
2036 3523 2374 3602 laborant3
2422 3522 2714 3607 quinimo
2763 3546 2959 3608 aeger

744 3632 959 3718 potius
1004 3629 1351 3713 tranquille
1403 3629 1654 3708 delirat,
1700 3628 2062 3711 incongrua
2104 3625 2381 3691 subinde
2425 3626 2750 3691 effutiens.
2849 3628 2958 3692 Ab

744 3733 1195 3816 intempestivo
1254 3732 1691 3795 cardiacorum
1736 3753 1862 3794 usu
1921 3737 1988 3794 31
2045 3730 2360 3814 regimine
2406 3730 2600 3814 paulo
2648 3729 2960 3796 calidiore

746 3840 1076 3927 petechiae
1128 3838 1380 3922 saepius
1421 3838 1846 3916 efflorescunt,
1894 3844 1960 3901 et
2006 3835 2077 3900 in
2119 3834 2488 3921 junioribus
2534 3835 2748 3901 calido
2791 3844 2960 3902 tem-

746 3953 1122 4033 peramento
1160 3942 1467 4029 praeditis
1504 3944 1797 4007 maculae
1845 3942 2043 4006 etiam
2089 3964 2472 4026 purpureae,
2521 3941 2962 4009 certissimum

750 4072 1039 4117 summae
1082 4048 1608 4112 inflammationis
1653 4046 1968 4110 indicium
2010 4052 2148 4110 tam
2191 4046 2262 4108 in
2305 4046 2428 4110 hoc
2471 4066 2666 4128 quam
2709 4044 2790 4109 in
2835 4048 2964 4114 alio

753 4155 974 4239 quovis
1006 4151 1375 4216 morborum
1405 4155 1742 4215 acutorum
1783 4170 2038 4233 genere.
2130 4147 2538 4231 Quandoque
2577 4149 2962 4231 eruptiones

753 4260 1026 4321 miliares
1061 4257 1242 4339 (quas
1270 4254 1546 4337 vocant,)
1581 4254 1653 4317 in
1693 4254 2096 4338 superficiem
2135 4252 2414 4336 corporis
2449 4271 2517 4314 se
2549 4248 2962 4335 dispergunt,

752 4361 1062 4426 morbillis
1091 4359 1268 4426 haud
1298 4360 1579 4424 multum
1609 4358 1950 4436 absimiles,
1983 4356 2107 4419 nisi
2138 4355 2311 4439 quod
2337 4352 2574 4419 rubent
2603 4353 2846 4437 magis,
2879 4364 2962 4436 31,

1521 4502 1543 4533 s
1583 4488 1654 4536 Cf.
1684 4503 1791 4550 sup.
1817 4502 1895 4550 pp.
1921 4484 2196 4537 476--478.
2295 4552 2298 4557 Ι
