3138 5006
1032 303 1333 372 OPERA
1376 303 1708 370 OMNIA.
2395 328 2476 370 xv

269 461 580 540 hamius0,
604 460 780 527 inter
809 483 970 546 quos
999 463 1169 528 filius
1195 464 1640 544 Guiliehnusl',
1665 465 1842 528 haud
1864 465 2059 530 dubie
2081 472 2243 530 natu
2272 467 2470 530 maxi-
2562 491 2719 541 vm.

267 585 434 642 mus,
465 563 754 649 ejusdem
777 587 928 630 cum
955 568 1151 631 Patre
1179 568 1335 632 artis
1365 568 1655 632 studium
1683 569 2014 651 amplexus
2038 574 2197 633 erat.
2254 569 2471 654 Hujus
2500 579 2559 627 In
2586 597 2732 629 usum

265 666 339 728 in
375 687 571 730 usum
605 669 941 746 Processu-9
977 671 1261 754 Inteyros
1296 675 1362 734 in
1400 672 1649 736 Morbis
1672 670 1819 753 fere
1860 671 2137 735 omnibus
2179 674 2475 736 curandis
2498 644 2775 758 ξιιζζῇξξὲ

267 769 716 855 conscripsisse
749 772 1031 851 Patrem,
1061 774 1258 838 refert
1287 773 1521 838 Libelli
1559 774 1759 859 hujus
1792 775 2025 839 Editor
2054 776 2203 838 D¹¹¹²⁸
2231 776 2475 840 Doctor
2497 789 2608 822 ⁶2⁸⁸·
2630 777 2721 850 1²31·

266 871 584 953 Monfort,
617 874 725 957 qui
753 897 994 940 nomen
1023 897 1216 941 suum
1245 877 1409 961 sigla
1437 879 1506 942 S.
1537 877 1637 940 M.
1670 877 2061 942 abscondere
2088 877 2349 942 voluitq.
2403 879 2474 943 Is
2499 853 2743 951 {ptascnp-

257 996 520 1058 quoque
549 977 888 1041 Processu-s
923 978 1081 1043 istos
1112 1001 1151 1042 a
1179 979 1430 1044 Thema
1462 979 1856 1062 Sydenham,
1889 1001 2007 1044 sua
2034 980 2234 1064 ipsius
2271 1003 2473 1046 manu

264 1084 579 1158 exaratos,
627 1081 962 1164 accepisse,
1011 1089 1080 1146 et
1129 1102 1213 1146 ne
1263 1082 1533 1147 fortasse
1584 1082 1711 1146 illis
1769 1087 2077 1147 contenta
2132 1091 2475 1166 praecepta

263 1180 688 1246 saluberrima
706 1173 1053 1248 memoriae
1073 1205 1301 1269 parum
1321 1184 1488 1248 fidae
1509 1184 1895 1262 exciderent,
1917 1186 2090 1269 typis
2111 1186 2471 1265 mandasse,

265 1283 574 1367 exemplis
616 1285 847 1368 viginti
892 1286 1146 1350 circiter
1195 1287 1540 1369 impressis,
1578 1287 1902 1370 (Londini,
1951 1288 2141 1352 1692.
2179 1289 2387 1352 12m0.
2412 1289 2466 1370 Ρ)

261 1391 542 1450 testatus
571 1395 688 1451 est.

363 1489 531 1572 [18.]
572 1489 867 1572 Podagra
885 1489 1039 1555 inde
1060 1512 1101 1554 a
1118 1490 1392 1575 triginta
1413 1492 1600 1556 annis
1620 1491 1953 1556 laborabat
1974 1492 2467 1577 Sydenhamius,
2496 1515 2715 1580 P⁰<¹²sr⁸

262 1592 451 1676 cujus
474 1592 852 1657 atrociorem
879 1593 1194 1658 insultum
1216 1601 1515 1679 expertus
1538 1603 1658 1674 est,
1682 1615 1830 1660 cum
1859 1596 2139 1660 maxima
2160 1615 2308 1660 cum
2332 1596 2469 1659 ani-
2492 1580 2769 1640 ¹⁸b⁰¹²b⁸tss

261 1695 358 1758 mi
384 1695 747 1760 intentione
775 1695 1109 1760 historiam
1136 1696 1510 1761 morborum
1537 1696 2005 1775 chronieorum,
2036 1718 2259 1762 eorum
2288 1718 2469 1780 prae-

263 1799 452 1881 cipue
482 1799 593 1882 qui
617 1798 740 1882 ipsi
768 1799 1036 1863 curandi
1064 1799 1478 1879 obvenerant,
1503 1799 1911 1864 elaboraret‘.
1974 1800 2176 1884 Cujus
2207 1799 2468 1883 quidem

263 1900 476 1965 morbi
516 1901 798 1965 reditum
841 1902 1032 1966 toties
1071 1902 1320 1966 efficere
1351 1909 1627 1986 poterat,
1668 1901 1915 1986 quoties
1960 1901 2075 1965 diu
2116 1902 2469 1985 sepositum

262 2003 440 2067 hunc
495 2003 782 2068 laborem
840 2005 1052 2069 denuo
1117 2005 1633 2088 adgrediebatur.
1753 2006 2019 2068 Praeter
2076 2004 2467 2068 dirissimum
2491 2014 2611 2063 item
2648 2033 2708 2065 ue

259 2106 441 2171 hunc
481 2105 802 2185 morbum,
842 2107 1024 2186 alius,
1065 2107 1262 2191 priori
1307 2115 1642 2191 cognatus,
1694 2107 2203 2192 Sydenhamium
2242 2128 2465 2172 excru-
2488 2080 2629 2203 {2¹3
2649 2097 2677 2129 ⁰
2692 2098 2767 2130 ἐ’

261 2209 496 2274 ciabat.
587 2208 890 2274 Calcarea
935 2210 1112 2274 enim
1161 2210 1482 2289 materies,
1536 2231 1733 2294 quam
1778 2209 2157 2294 podagricus
2202 2208 2467 2274 morbus

261 2333 450 2396 saepe
492 2333 734 2396 magna
770 2312 842 2376 in
881 2313 1066 2397 copia
1107 2321 1482 2396 generatam
1527 2313 1613 2377 ad
1654 2334 1817 2392 ossa,
1858 2313 2145 2391 arterias,
2185 2311 2467 2395 aliasque

259 2421 497 2500 partes,
542 2416 858 2497 deponere
893 2415 1076 2493 solet,
1113 2415 1186 2479 in
1230 2414 1494 2479 renibus
1537 2415 1611 2477 in
1653 2413 1974 2478 calculum
2018 2414 2313 2492 coiverat,
2354 2413 2467 2496 qui

261 2540 485 2583 senem
513 2518 786 2602 pessime
812 2518 1115 2584 habebat.
1210 2519 1484 2583 Stimulo
1519 2517 1830 2581 continuo
1868 2537 2057 2581 renes
2084 2516 2469 2580 inflammati
2490 2534 2539 2575 et
2558 2528 2712 2604 miqtu

257 2622 530 2686 tandem
555 2622 756 2687 ulceri
783 2623 1122 2688 formando
1149 2622 1550 2687 occasionem
1578 2619 1995 2705 praebebant,
2027 2621 2200 2704 quod
2230 2620 2468 2684 sensim
2491 2607 2771 2655 eangmneo.

260 2725 627 2808 sensimque
648 2725 1028 2808 profundius
1055 2725 1126 2788 in
1156 2726 1551 2789 vasculosam
1571 2744 1803 2789 renum
1823 2722 2254 2787 substantiam
2274 2743 2467 2807 pene-

259 2836 464 2906 trans,
495 2827 695 2891 exesis
722 2825 908 2906 vasiS,
939 2828 1270 2911 sanguinis
1299 2826 1699 2892 stillicidium
1726 2826 2049 2910 produxit,
2081 2826 2255 2909 quod
2282 2826 2467 2903 vires,

259 2950 376 3015 per
420 2929 650 2994 aetatis
691 2930 1010 2995 rationem
1046 2932 1186 3014 jam
1223 2930 1503 3014 graviter
1545 2929 1856 3007 adflictas,
1887 2928 2093 3009 magis
2137 2927 2469 3010 magisque

263 3032 640 3098 debilitabat
669 3032 1235 3116 consumebatque.
1326 3033 1478 3099 Quo
1515 3030 1861 3097 accedebat
1887 3030 2235 3094 vehemens
2271 3028 2467 3112 poda-

260 3156 414 3218 grae
455 3134 756 3199 insultus.
848 3133 980 3200 Qui
1021 3134 1284 3199 morbus
1331 3156 1482 3199 cum
1524 3134 1610 3200 ob
1654 3133 1819 3197 vires
1862 3132 2148 3195 multum
2189 3130 2467 3195 labefac-

259 3243 432 3302 tatas
469 3237 541 3300 in
587 3242 884 3301 externas
927 3244 1164 3320 partes,
1205 3238 1393 3302 solito
1438 3258 1637 3316 more,
1684 3234 2007 3300 desaevire
2051 3255 2185 3298 non
2228 3240 2465 3318 posset,

259 3340 600 3404 interiores
628 3339 833 3423 petiit,
865 3346 931 3404 et
971 3341 1220 3405 enormi
1256 3341 1505 3405 vomitu
1547 3338 2074 3421 creberrimisque
2104 3336 2228 3400 alvi
2257 3336 2463 3420 dejec-

259 3442 550 3507 tionibus
598 3442 928 3525 productis
989 3464 1318 3507 summum
1376 3442 1713 3507 Medicum
1779 3441 1882 3505 die
1931 3438 2231 3503 vicesimo
2289 3460 2464 3502 nono
2490 3456 2768 3533 A.p.1689‚

260 3544 501 3609 mensis
529 3543 925 3624 Decembris,
959 3567 1133 3610 anno
1165 3546 1355 3623 1689,
1377 3544 1572 3609 rebus
1602 3543 1838 3628 eripuit
1865 3540 2187 3605 humanis.
2238 3540 2467 3624 Sepul-
2489 3522 2624 3569 οδω·

259 3654 370 3711 tus
403 3647 576 3729 jacet
615 3647 689 3710 in
730 3648 1018 3712 Ecclesia
1060 3647 1126 3711 S.
1161 3648 1202 3711 J
1205 3647 1390 3712 acobi
1432 3646 1606 3730 apud
1650 3642 2319 3723 westmonasterium,
2349 3642 2464 3707 ubi

263 3750 510 3814 murale
540 3756 719 3814 extat
749 3756 1246 3815 monumentum
1276 3771 1428 3815 cum
1457 3748 1782 3834 epitaphio
1812 3746 2109 3831 sequenti
2130 3772 2236 3811 :—

691 3882 926 3933 PROPE
963 3882 1164 3931 HUNC
1201 3870 1455 3931 LocU'M
1492 3880 1857 3930 SEPULTUS
1894 3878 2023 3927 EST

870 3979 1252 4043 THOMAS
1301 3975 1841 4054 SYDENHAM,

672 4096 1001 4146 MEDICUS
1059 4096 1142 4145 IN
1199 4095 1409 4145 OMNE
1465 4094 1694 4144 AEVUM
1746 4091 2057 4143 NOBILIS.

961 4192 1200 4243 NATUS
1234 4192 1428 4241 ERAT
1462 4192 1601 4241 ΑΔ).
1637 4192 1777 4240 1624.

1065 4290 1273 4339 VleT
1305 4290 1547 4339 ANNos
1584 4290 1662 4338 65.

324 4379 350 4407 ⁰
390 4374 572 4421 observ.
621 4374 746 4421 Med.
791 4388 834 4419 v-
881 4374 926 4420 2.
986 4373 1076 4428 14;
1120 4374 1316 4421 Dissert.
1472 4378 1494 4410 *Ι
1533 4373 1670 4419 Geni.
1693 4372 1827 4435 Mag.
1853 4369 1946 4417 vol.
1972 4367 2071 4415 xiii.
2106 4380 2185 4428 pp.
2213 4366 2327 4425 529,
2352 4370 2463 4417 530.

259 4440 411 4500 Epist.
437 4438 559 4497 324.
1476 4442 1494 4465 ¹¹
1531 4436 1607 4485 Οἱ
1632 4451 1678 4498 p.
1705 4436 1819 4485 407.

325 4505 349 4536 Ρ
387 4504 570 4551 Observ.
599 4504 723 4551 Med.
746 4502 810 4549 iv.
833 4503 878 4549 6.
909 4501 980 4549 12.
