3138 5006
857 294 1371 369 PROCESSUS
1417 294 1823 360 INTEGRI.
2320 294 2446 359 605

333 458 564 520 Sumat
605 455 954 539 pilularum
998 455 1364 519 cochiarum
1408 454 1737 519 minorum
1779 455 2111 539 scrupulos
2150 452 2312 519 duos
2356 452 2447 518 al-
2576 469 2661 519 Ds

57 570 73 649 ἒ
237 560 446 625 ternis
485 558 825 623 matutinis
861 580 977 643 per
1020 580 1130 623 sex
1157 558 1362 635 vices;
1410 558 1646 623 deinde
1684 559 1893 642 capiat
1935 566 2039 623 ter
2075 558 2148 623 in
2192 556 2296 621 die
2333 578 2449 641 per
2476 534 2748 673 {³⁸⁴¹'Y⁸¹

59 662 61 667 ’
240 660 518 743 triginta
546 660 682 723 dies
710 659 1062 723 Electuarii
1089 658 1601 725 Antiscorbutici
1640 660 1976 725 drachmas
2021 659 2199 739 duaS,
2230 680 2448 743 super·
2522 637 2737 672 ummo.

241 760 527 827 bibendo
544 763 770 846 Aquae
785 761 1399 829 Antiscorbuticaem
1422 763 1779 828 cochlearia
1800 785 1929 828 sex.
1960 762 2153 847 (Vide
2172 762 2245 827 in
2264 763 2449 827 Scor-

245 865 388 928 buto
428 865 512 948 [c.
544 864 680 947 59.]
697 864 736 946 .)

251 998 450 1060 [Form.
473 1004 624 1069 267.]
700 996 763 1065 R
803 998 1084 1069 Ungueuti
1109 1000 1331 1054 Nervini
1353 1003 1539 1056 uncias
1563 1010 1686 1067 treS,

807 1086 1036 1155 Spiritus
1059 1085 1396 1141 Lavendulae
1420 1088 1734 1159 compositi,

807 1171 1035 1242 Spiritus
1059 1170 1401 1227 Cochleariae
1429 1172 1730 1237 Hor-tensis,
1754 1190 1862 1228 ana
1882 1173 2304 1243 sesquiunciam3

525 1258 697 1313 Misce
719 1280 733 1323 ;
764 1266 818 1312 et
840 1259 1171 1329 inungantur
1193 1264 1368 1328 partes
1387 1258 1625 1322 affectae,
1645 1268 1707 1312 ut
1726 1260 1881 1329 spina
1905 1259 2063 1325 dorsi,
2082 1266 2199 1324 etc„
2216 1275 2374 1313 mane
2393 1267 2448 1313 et

527 1362 656 1399 sero.

332 1465 646 1549 Pleraque
703 1464 1261 1549 praescriptorum,
1313 1470 1465 1529 utut
1524 1462 1845 1529 curationi
1902 1462 2188 1529 scorbuti
2237 1464 2446 1528 solum

246 1565 558 1630 destinari
605 1564 964 1645 videantur,
1011 1573 1321 1646 attamen,
1352 1587 1502 1631 cum
1544 1565 1847 1631 humores
1891 1564 2121 1630 crudos
2164 1586 2239 1629 ac
2288 1566 2447 1629 fixos

244 1669 627 1733 volatilisare
656 1690 809 1753 prae
853 1670 996 1733 aliis
1026 1676 1178 1754 apta
1214 1677 1372 1734 nata
1415 1676 1589 1749 sunt,
1619 1670 1693 1733 in
1730 1670 2019 1754 Paralysi
2059 1668 2255 1733 etiam
2295 1690 2446 1733 con-

246 1772 539 1835 veniunt.

1073 2008 1264 2071 CAP.
1315 2008 1571 2072 LVIII.
1584 2018 1613 2045 ¹¹

992 2170 1090 2231 De
1127 2169 1303 2232 Rcssi
1333 2175 1394 2232 et
1423 2170 1694 2232 Phthisi.

333 2303 570 2367 Tussls
598 2323 714 2387 per
741 2324 810 2367 se
837 2310 1039 2387 patet.
1114 2304 1402 2369 Phthisis
1431 2311 1653 2370 autem
1679 2303 1926 2369 invadit
1956 2302 2037 2368 ab
2068 2301 2299 2367 aetatis
2328 2320 2442 2365 an-
2469 2316 2696 2394 Phthisis·

244 2426 332 2470 no
356 2405 605 2470 decimo
627 2411 850 2470 octavo
878 2406 963 2471 ad
990 2406 1394 2491 trigesimum
1424 2407 1747 2492 quintum.
1794 2407 2204 2471 Extenuatur
2225 2410 2442 2468 totum
2470 2382 2741 2446 ⁶⁰⁸⁰¹ipt¹²

245 2527 512 2590 corpus3
561 2505 757 2571 febris
800 2509 1099 2573 molestat
1138 2510 1405 2589 hectica,
1437 2533 1476 2574 a
1519 2511 1664 2575 cibo
1707 2511 2122 2589 invalescens,
2165 2529 2329 2593 quae
2364 2529 2439 2572 ex

243 2609 572 2674 celeritate
594 2609 835 2692 pulsus,
865 2610 1307 2695 rubedineque
1337 2634 1670 2694 genarum,
1695 2611 2128 2696 dignoscitur,
2173 2609 2445 2675 materia

244 2732 360 2795 per
388 2711 643 2775 'Passim
673 2720 930 2776 excreta
963 2721 1233 2777 cruenta
1261 2721 1358 2778 est
1389 2721 1502 2777 aut
1536 2715 1905 2797 purulenta,
1934 2714 2006 2776 in
2040 2713 2261 2796 ignem
2290 2732 2441 2776 con-

236 2815 414 2898 jecta
439 2820 686 2877 tetrum
716 2814 916 2898 spirat
947 2814 1230 2894 odorem,
1262 2821 1328 2878 et
1365 2815 1755 2902 immissarin
1782 2833 1893 2877 vas
1914 2835 2082 2896 aqua
2100 2813 2441 2896 repletum,

243 2918 524 2982 fundum
588 2918 794 3002 petit3
871 2918 1134 2983 sudores
1205 2919 1513 2983 nocturni
1582 2918 2064 3002 superveniunt,
2122 2917 2443 2981 livescunt

245 3021 514 3085 tandem
559 3043 782 3104 genae,
826 3021 1020 3085 facies
1071 3021 1288 3104 pallet,
1334 3028 1733 3085 exacuuntur
1776 3041 2002 3099 nares,
2074 3026 2443 3102 temporum

247 3145 500 3208 quoque
529 3124 865 3206 collapsus,
895 3123 1217 3206 unguium
1245 3120 1621 3200 incurvatio,
1646 3120 2019 3204 capillorum
2049 3119 2345 3198 defluxio,
2376 3124 2444 3184 et

246 3225 370 3290 alvi
415 3226 800 3309 profluvium
844 3225 1343 3310 colliquativum,
1371 3232 1649 3289 mortem
1696 3224 1918 3289 statim
1957 3222 2445 3288 subsecuturam

247 3328 663 3393 denunciant.

343 3431 464 3514 [2.]
524 3430 594 3493 Si
637 3428 856 3494 Tussis
905 3451 1129 3495 recens
1172 3429 1390 3508 fuerit,
1436 3433 1503 3492 et
1552 3426 1848 3493 nondum
1889 3425 2122 3491 febrim
2162 3431 2277 3490 aut
2320 3424 2445 3488 alia
2472 3439 2731 3488 cvm-no.

247 3531 433 3616 signa
471 3533 1072 3616 peripneumoniam
1114 3533 1384 3597 notham
1435 3530 1815 3596 comitantia
1857 3529 2297 3607 accersiverit3
2345 3527 2444 3591 vel

247 3635 304 3698 si
333 3657 372 3698 a
398 3634 764 3719 pleuritide,
797 3643 910 3699 aut
938 3636 1488 3719 peripneumonia,
1512 3635 1595 3699 ob
1625 3634 1989 3717 neglectam
2019 3631 2440 3696 sufficientem

245 3736 751 3821 phlebotomiam
792 3738 958 3801 male
1005 3738 1263 3816 curatis,
1295 3737 1520 3802 eadem
1562 3757 1972 3821 nequaquam
2018 3741 2162 3799 orta
2205 3734 2439 3811 fuerit3

245 3841 404 3904 satis
435 3840 559 3904 erit
588 3845 665 3903 ut
695 3860 886 3922 aeger
913 3862 1029 3923 per
1051 3839 1186 3903 dies
1215 3841 1460 3924 aliquot
1483 3839 1564 3904 ab
1594 3861 1721 3903 usu
1747 3839 1881 3902 vini
1910 3844 1976 3901 et
2006 3837 2216 3901 carnis
2245 3835 2441 3900 absti-

245 3949 419 4022 neat,
451 3949 518 4006 et
546 3942 647 4007 his
677 3942 993 4006 similibus
1021 3942 1320 4006 remediis
1351 3942 1433 4006 ad
1459 3942 1721 4006 libitum
1749 3946 1976 4004 utatur
1994 3963 2101 4003 ε-
2250 4015 2255 4019 ,

343 4045 466 4129 [3.]
506 4045 882 4109 Balsamum
911 4042 1234 4127 sulphuris
1265 4043 1589 4107 anisatum
1628 4041 1713 4104 ad
1750 4047 1970 4124 guttas
2000 4039 2221 4104 decem
2251 4037 2439 4102 coch-

243 4147 402 4212 leari
423 4168 558 4211 uno
581 4145 862 4212 sacchari
883 4145 1238 4230 crystallini
1257 4145 1644 4210 instillatum
1664 4143 1765 4208 bis
1788 4143 1889 4209 vel
1908 4148 2010 4206 ter
2028 4142 2100 4205 in
2122 4140 2225 4205 die
2256 4141 2441 4206 devo-

244 4257 426 4314 retur
431 4275 452 4328 ς
481 4256 558 4314 ut
588 4248 784 4313 etiam
804 4248 1190 4313 tabellarum
1212 4248 1639 4333 sequentium,
1663 4268 1821 4331 quas
1842 4267 2060 4310 secum
2082 4265 2272 4328 aeger
2292 4265 2444 4308 con-

245 4353 434 4418 tinuo
463 4360 696 4438 portet,
727 4374 928 4416 unam
956 4352 1324 4438 frequenter
1353 4357 1640 4416 assumat
1661 4376 1765 4416 2—-

315 4487 348 4510 '”
390 4482 465 4530 Cf.
488 4482 677 4531 sermm.
705 4482 816 4540 261,
843 4481 954 4530 262.
1273 4489 1302 4516 ¹¹
1339 4481 1415 4529 Cf.
1441 4480 1524 4530 inf.
1551 4497 1591 4530 c.
1617 4482 1711 4536 60;
1757 4482 1942 4528 Obscrv.
1966 4481 2089 4528 Med.
2118 4495 2160 4527 v.
2189 4481 2230 4526 5.
2254 4481 2282 4525 3
2306 4494 2375 4540 sq.
