3138 5006
682 305 1469 376 OBSERVATIONUM
1517 312 2089 380 MEDICARUM
2134 325 2197 378 V.
2232 331 2283 378 4.
2444 315 2573 381 225

365 463 752 544 proximum,
783 474 850 530 et
890 469 1178 534 studium
1209 471 1350 535 aliis
1387 471 1854 554 benefaciendi,
1885 477 1985 540 vel
2012 477 2219 559 pretio
2248 475 2570 540 existima·
2596 495 2877 545 νΑιιιοιΑε

364 565 564 629 tionis
605 571 917 651 propriae,
942 593 1140 661 quam
1181 572 1335 643 satis
1379 574 1676 658 intelligo
1716 599 1756 640 a
1790 577 2065 660 subjecti
2103 578 2389 641 novitate
2426 599 2569 660 gra·-
2597 559 2875 672 ἓξζζξυζ

363 673 642 738 vandam
671 675 829 748 fore.
916 679 1152 764 Neque
1189 687 1408 745 tamen
1437 682 1625 746 video
1659 704 1776 746 cur
1804 684 2087 769 aliquem
2127 685 2295 749 male
2332 685 2568 749 habeat
2613 689 2727 764 ‘’Z-4·
2744 689 2838 740 '75-

363 793 532 838 nova
559 777 901 841 methodus
931 779 991 843 ei
1020 780 1244 845 morbo
1281 783 1601 863 medendi,
1634 788 1818 870 cujus
1847 797 1967 850 nec
2000 788 2171 871 apud
2209 786 2565 872 Hippocra-
2591 775 2812 888 ἕξέὥῑὲ

362 883 504 939 tem
529 879 871 961 vestigium
899 883 1124 962 ullum,
1147 905 1270 947 nec
1299 886 1471 968 apud
1503 887 1846 967 Galenum,
1868 889 2214 968 invenitur,
2244 890 2391 972 (nisi
2420 891 2566 975 quis
2592 919 2703 980 ram
2726 907 2875 953 vesti-

361 977 530 1042 forte
557 980 736 1044 locus
766 983 1138 1050 difficillima
1163 984 1655 1054 ratiocinatione
1690 995 2117 1077 torqueatur)
2152 1014 2301 1056 cum
2330 1015 2498 1078 quae
2528 1017 2567 1058 a
2590 984 2729 1094 {a}
2744 971 2875 1098 ΕΡ,

359 1081 688 1145 modernis
729 1085 1124 1169 adaptantur
1164 1089 1548 1168 curationes,
1580 1113 1621 1154 a
1662 1093 1915 1174 magnis
1954 1094 2084 1157 illis
2114 1095 2236 1158 Rei
2266 1095 2563 1159 Medicae
2590 1111 2718 1157 pocr.
2743 1097 2819 1146 vel

359 1184 750 1250 Luminibus
797 1209 934 1252 non
982 1190 1340 1270 institutae,
1395 1214 1602 1279 aequo
1645 1194 1792 1278 jure
1836 1194 1919 1259 ab
1968 1195 2068 1260 his
2119 1196 2560 1280 negliguntur,
2588 1161 2875 1274 ἓζιῃζὲῗέξ

357 1291 559 1370 atque
589 1287 672 1352 ab
700 1289 825 1352 illis
855 1292 1077 1373 magni
1107 1293 1296 1358 fiunt.
1547 1335 1556 1341 ·
2586 1289 2871 1411 33⁰2:ss

457 1388 627 1472 [15.]
684 1391 862 1456 Quin
891 1400 957 1457 et
991 1395 1129 1478 pari
1167 1397 1417 1462 ratione
1456 1400 1700 1464 nemini
1744 1403 1981 1466 mirum
2028 1403 2217 1467 debet
2254 1403 2472 1481 videri,
2506 1404 2561 1466 si
2585 1417 2837 1465 moderno-

357 1489 519 1574 quid
545 1491 968 1558 immutavero
996 1496 1066 1560 in
1095 1519 1174 1562 ea
1201 1501 1525 1580 methodo,
1557 1523 1691 1587 qua
1718 1505 2181 1588 expugnandae
2217 1512 2371 1568 sunt
2400 1505 2557 1568 istae
2582 1494 2695 1591 ἓξ
2708 1489 2851 1593 ἓξὲξ,

355 1592 614 1674 Febres,
639 1617 804 1680 quae
827 1597 910 1661 ab
930 1597 1006 1660 iis
1035 1601 1319 1681 pendent
1343 1603 1909 1668 constitutionibus
1932 1627 2099 1690 quae
2121 1604 2395 1668 Variolis
2425 1605 2555 1688 epi·
2584 1608 2807 1720 3:¹12?ss

357 1694 644 1762 demicae
690 1707 884 1779 sunt3
957 1703 1218 1782 etenim,
1264 1703 1318 1767 si
1367 1705 1438 1767 in
1488 1705 1803 1789 prioribus
1850 1706 1971 1768 inis
2022 1705 2253 1769 mundi
2295 1706 2558 1768 saeculis
2586 1743 2679 1784 tur.

355 1798 658 1866 Variolae
711 1825 1035 1890 nusquam
1094 1807 1386 1888 gentium
1451 1809 1944 1891 comparuerint,
1997 1809 2287 1893 sequitur
2344 1827 2559 1892 neque
2587 1817 2649 1893 1.ss
2673 1834 2811 1867 cura-

353 1898 716 1966 istiusmodi
758 1905 994 1969 Febres
1035 1908 1286 1990 uspiam
1331 1909 1619 1973 locorum
1664 1909 1947 1974 extitisse
1982 1933 2295 1995 unquam.
2383 1909 2559 1974 Vero
2581 1884 2871 1995 ffiffinpffi,

355 2010 576 2068 autem
603 2006 1000 2072 simillimum
1021 2015 1118 2072 est
1155 2009 1259 2091 (ne
1282 2010 1442 2094 quid
1463 2011 1673 2075 dicam
1696 2011 2042 2092 audacius‚)
2074 2011 2365 2074 Variolas
2394 2030 2557 2125 non·
2584 2009 2871 2140 ἓὲὲζὲῗῐὲἑῗ

357 2104 518 2168 dum
543 2114 706 2172 tunc
739 2111 1047 2193 temporis
1085 2109 1154 2171 in
1183 2129 1399 2173 rerum
1433 2119 1673 2175 natura
1709 2112 1905 2176 fuisse
1934 2121 2255 2196 repertas:
2302 2113 2355 2176 si
2385 2134 2557 2176 emm
2582 2139 2699 2185 riter
2720 2141 2779 2187 de

355 2227 476 2290 Pel·
503 2211 866 2296 antiquiora
901 2219 1196 2295 tempora
1236 2213 1502 2295 perinde
1533 2220 1729 2299 atque
1758 2235 1934 2278 nunc
1964 2214 2213 2278 dierum
2252 2213 2359 2277 hic
2386 2234 2557 2276 mor·
2584 2205 2865 2316 ἓξὲξ-ω

355 2309 482 2374 bus
521 2311 908 2392 invaluisset,
941 2314 1424 2397 sagacissimum
1465 2315 1926 2398 Hippocratem
1969 2305 2261 2398 (opin'or,)
2296 2315 2351 2378 is
2387 2335 2557 2377 nun-
2582 2331 2691 2380 fuit.

353 2435 556 2500 quam
582 2415 873 2480 latuisset
882 2443 901 2494 ς
941 2418 1054 2502 qui
1083 2439 1234 2481 cum
1263 2416 1639 2480 morborum
1667 2417 1964 2481 historias
2002 2425 2067 2480 et
2099 2417 2329 2481 clarius
2366 2417 2555 2480 intel-

351 2516 597 2598 lexerit,
617 2526 680 2583 et
698 2520 1098 2603 descripserit
1122 2519 1501 2598 accuratius,
1511 2541 1711 2605 quam
1732 2528 1879 2603 post
1894 2528 2197 2584 natorum
2214 2520 2553 2606 quispiam,

351 2630 422 2685 et
449 2621 646 2706 hujus
675 2624 872 2687 etiam
902 2622 1394 2706 descriptionem
1431 2622 1779 2704 genuinam
1820 2628 2015 2706 atque
2045 2621 2397 2703 simplicem
2436 2640 2555 2702 pro

353 2740 472 2785 suo
493 2744 670 2786 more
687 2723 874 2787 nobis
894 2723 1276 2808 reliquisset.
1332 2723 1497 2807 [16.]
1541 2722 1859 2788 Quocirca
1874 2722 2125 2807 ‘opinari
2145 2722 2307 2785 mihi
2327 2722 2423 2784 fas
2446 2722 2551 2799 sit,
2580 2732 2819 2808 Videatur

349 2825 610 2890 morbos
639 2834 844 2891 certas
869 2824 1120 2890 'habere
1156 2826 1448 2911 periodos
1491 2848 1609 2909 pro
1638 2826 1907 2890 occultis
1948 2825 2075 2887 illis
2106 2826 2302 2909 atque
2343 2822 2553 2887 adhuc
2579 2798 2859 2909 ffifflbffi'

350 2926 765 3011 incompertis
787 2928 1310 2993 alterationibus¹
1333 2950 1497 3014 quae
1517 2928 1718 3011 ipsius
1739 2937 1949 2993 terrae
1976 2926 2279 2991 accidunt
2300 2924 2553 2987 visceri·
2577 2924 2847 3049 gssgigtclgzl-

351 3029 496 3109 bus,
526 3052 644 3114 pro
671 3032 848 3095 varia
876 3032 1114 3095 scilicet
1144 3031 1432 3115 ejusdem
1463 3038 1675 3094 aetate
1704 3052 1777 3094 ac
1807 3029 2181 3106 duratione3
2228 3028 2549 3112 quodque,
2578 3050 2641 3098 tia
2663 3052 2836 3100 altera-

350 3132 544 3196 sicuti
587 3133 695 3196 alii
739 3132 950 3197 morbi
987 3134 1124 3218 jam
1169 3134 1322 3197 olim
1367 3131 1660 3211 extitere,
1701 3132 1815 3217 qui
1857 3132 1958 3195 vel
1998 3132 2135 3215 jam
2181 3128 2549 3194 ceciderunt
2578 3114 2863 3241 {iffigiffi-ae

349 3235 628 3317 penitus,
672 3236 773 3299 vel
812 3242 1022 3299 aetate
1071 3236 1300 3299 saltem
1349 3256 1514 3318 pene
1560 3235 1835 3299 confecti
1872 3235 2216 3311 exolevere,
2264 3238 2329 3296 et
2364 3232 2549 3295 raris-
2576 3244 2843 3369 Σιοίῗὲταιξὲε

347 3338 512 3401 sime
562 3345 954 3422 comparent,
1013 3338 1395 3421 (cujusmodi
1447 3345 1601 3402 sunt
1651 3338 1845 3421 lepra,
1892 3345 2089 3422 atque
2132 3335 2243 3399 alii
2264 3334 2551 3399 ‘fortasse
2576 3387 2663 3433 pro
2686 3375 2821 3422 varia

347 3438 694 3523 nonnulli,)
752 3440 844 3503 ita
887 3439 1002 3524 qui
1050 3461 1228 3504 nunc
1276 3448 1556 3523 regnant
1615 3439 1824 3504 morbi
1883 3439 2232 3524 aliquando
2290 3437 2549 3501 demum
2578 3439 2859 3549 ΞᾝῙὲῖω

346 3540 758 3619 intercident,
818 3542 1000 3605 novis
1067 3543 1368 3606 cedentes
1428 3542 1779 3626 speciebus,
1842 3542 1922 3605 de
1980 3540 2217 3627 quibus
2286 3560 2407 3603 nos
2465 3562 2550 3604 ne
2576 3578 2632 3609 ac
2654 3564 2797 3613 dura-

345 3643 696 3706 :minimum
724 3644 988 3728 quidem
1015 3643 1317 3709 hariolari
1345 3646 1651 3709 valemus.
1745 3643 1927 3709 Haec
1956 3665 2024 3708 se
2060 3645 2155 3708 ita
2180 3664 2283 3707 res
2312 3643 2549 3707 habere
2574 3630 2860 3741 {¹333ssan

347 3752 581 3828 potest,
629 3746 936 3831 quicquid
985 3744 1065 3809 de
1109 3766 1186 3809 ea
1227 3746 1516 3809 videatur
1563 3744 1749 3810 nobis
1797 3742 2203 3831 βραχυβίοις,
2252 3744 2365 3828 qui
2409 3744 2549 3807 heri
2572 3754 2745 3829 bprum
2758 3772 2860 3833 spp-

345 3854 611 3913 tantum
661 3849 800 3912 nati
858 3870 1099 3927 sumus,
1149 3870 1288 3913 cras
1332 3848 1498 3913 forte
1555 3846 1917 3923 interituri3
1980 3866 2189 3928 neque
2248 3866 2408 3930 quas
2466 3844 2547 3907 de
2574 3834 2855 3947 ffit'ussf‘gssj

343 3951 588 4015 morbis
627 3952 926 4015 authores
960 3952 1060 4014 vel
1105 3950 1530 4038 antiquissimi
1569 3957 2029 4032 congesserunt
2071 3948 2373 4025 rationes,
2410 3946 2543 4010 aevi
2568 3946 2849 4057 fflfflsexw

345 4052 559 4115 multo
601 4053 1045 4134 productioris,
1093 4054 1146 4117 si
1191 4074 1340 4117 cum
1385 4051 1831 4137 antiquissima
1874 4050 2105 4114 mundi
2148 4048 2389 4132 epocha
2433 4069 2544 4111 eae
2572 4074 2759 4123 tinctis.

345 4154 782 4218 conferantur.

409 4298 434 4321 ⁸
469 4294 602 4341 alter.
627 4308 744 4353 quae
765 4294 911 4353 ipsius
935 4290 1040 4354 ξω]
1067 4292 1143 4340 cf.
1169 4308 1275 4355 sup.
1302 4294 1330 4343 i.
1359 4296 1401 4341 2.
1424 4296 1452 4341 5
1474 4312 1486 4349 ς
1528 4296 1680 4341 Tract.
1711 4294 1749 4339 Ι.
1775 4294 1798 4351 ξ
1825 4292 1919 4345 35ς
1957 4291 2116 4338 Solu-d.
2142 4288 2305 4333 Monie.
2333 4288 2371 4337 Ι.
2400 4288 2421 4347 5
2448 4287 2492 4332 3.

1393 4596 1506 4656 Gg
