3138 5006
711 310 841 374 112
1342 305 1736 371 THOMAE
1781 300 2297 369 SYDENHAM

446 492 646 540 Fumo
704 467 1195 553 quibuscunque
1240 468 1596 553 praeceptis
1639 460 2096 533 umbratilibus
2139 464 2612 551 anteponendo,
2641 464 2908 548 phlebo-

406 557 669 670 ⁸33⁸ssssss
703 572 973 637 tomiam
1004 572 1299 636 similiter
1326 571 1778 635 administrare
1799 592 1935 634 non
1964 568 2276 634 dubitavi.

396 686 678 735 Ausonum
802 674 916 759 [37
922 674 969 759 .]
1024 672 1227 739 Hunc
1248 680 1467 739 autem
1488 673 1690 737 ritum
1717 672 2150 737 imminuendi
2162 670 2490 736 liberalius
2519 670 2910 753 sanguinem

431 752 531 806 '⁶⁵’
554 750 654 797 ’ω’
706 776 841 859 (cui
880 777 1081 841 etiam
1125 775 1419 860 ptisanae
1466 796 1541 840 ac
1587 773 1836 839 diaetae
1885 773 1956 837 id
2002 794 2208 857 genus
2257 772 2699 855 refrigerantis
2747 794 2908 836 usus

702 879 1014 962 accessit)
1066 878 1139 943 in
1182 878 1407 943 multis
1450 878 1661 962 aegris
1711 877 1876 943 miro
1922 877 2215 961 profectu
2259 875 2653 953 continuavi,
2701 875 2908 940 donec

700 982 969 1047 tandem
996 981 1069 1045 in
1100 980 1563 1046 nonnullorum
1593 980 1980 1045 tractatione
2009 980 2200 1045 solito
2227 1000 2524 1043 sucoessu
2551 977 2908 1041 destitutus

686 1128 691 1133 -
1116 1084 1283 1147 tium
1354 1090 1459 1147 rot
1498 1083 1634 1147 rvia
1725 1082 1796 1146 ui
1875 1080 2238 1147 rae’udiciis
2264 1080 2570 1145 inanibus
2607 1102 2770 1145 occu
2815 1082 2908 1145 ati

702 1084 1399 1270 flebitzinstaglangnid'is
1458 1104 1890 1270 {aan’tittlaterld
1965 1104 2202 1249 {inferri
2272 1206 2408 1249 non
2465 1102 2904 1267 patiebmgur,

566 1312 579 1325 ·
930 1311 971 1354 o
1000 1310 1075 1353 ae
1192 1288 1477 1353 tantium
1518 1289 1692 1352 malo
1786 1288 1978 1351 uibus
2031 1287 2260 1351 saltem
2295 1285 2454 1350 dum
2495 1285 2568 1349 in
2601 1286 2728 1350 hoc
2767 1307 2905 1351 car-

394 1314 657 1491 ῗῇἓῑὲἱῇ
704 1289 1426 1476 ffluranffscopus
1454 1310 1834 1471 versaretiir,
1867 1336 2128 1473 sanguis
2165 1396 2280 1453 aut
2325 1388 2670 1453 sufficienti
2698 1410 2906 1473 qnan-

390 1460 677 1571 {uantitata
703 1494 895 1559 titate
924 1501 1039 1559 aut
1068 1515 1203 1559 non
1232 1495 1499 1559 omnino
1535 1494 1972 1558 detrahendus
1998 1493 2256 1576 filerat)
2289 1491 2613 1574 insignem
2649 1490 2904 1555 obicem

390 1578 481 1621 ‘ut
500 1586 597 1619 ¹¹⁰⁰
702 1598 1042 1663 conatibus
1071 1598 1231 1663 meis
1275 1598 1642 1682 oppositum
1685 1597 1892 1676 sensi3
1937 1618 2013 1661 ac
2055 1596 2324 1681 proinde
2361 1595 2562 1659 alium
2605 1618 2646 1659 a
2669 1616 2906 1660 venae-

390 1651 645 1749 ffign·
702 1702 985 1767 sectione
1014 1702 1166 1766 huic
1204 1701 1431 1766 morbo
1474 1700 1851 1765 occurrendi
1891 1700 2158 1765 modum
2195 1698 2477 1783 reperiri,
2508 1718 2906 1783 magnopere

392 1765 561 1893 gam
584 1843 647 1891 ob
702 1825 781 1869 ex
808 1826 933 1869 usu
960 1804 1259 1868 futurum
1294 1803 1599 1888 judicavi.
1700 1803 1864 1887 [38.]
1905 1802 2306 1867 Nocumenti
2341 1801 2513 1886 qnod
2553 1802 2908 1885 aliquando

390 1922 591 1956 causam
699 1908 924 1972 insons
962 1907 1131 1987 dedi,
1162 1928 1300 1972 non
1328 1928 1408 1971 ex
1449 1928 1526 1971 eo
1555 1907 1730 1990 quod
1769 1906 2152 1990 sanguinem
2181 1906 2552 1984 ademerim,
2583 1906 2696 1969 sed
2727 1907 2908 1989 quod

388 1971 678 2085 §222²ssssss
701 2032 781 2075 ex
822 2017 973 2075 voto
1024 2010 1303 2075 eundem
1356 2008 1639 2074 adimere
1681 2009 2030 2093 impeditus
2079 2009 2334 2088 fuerim,
2381 2008 2748 2092 exemplum
2794 2008 2909 2074 hic

388 2101 652 2215 ἓξὲξ
702 2112 1039 2177 adducam.
1145 2115 1433 2178 Vocatus
1492 2112 1577 2177 ad
1627 2113 1934 2196 juvenem
1993 2110 2336 2196 quendam,
2386 2117 2908 2195 temperamento

390 2236 475 2278 tus
497 2236 587 2278 est.
698 2216 1057 2299 sanguineo
1100 2236 1176 2279 ac
1215 2215 1449 2279 habitu
1479 2215 1784 2280 athletico
1810 2215 2196 2298 praeditum,
2229 2235 2423 2298 quem
2458 2214 2680 2279 Febris
2709 2216 2907 2280 vehe-

386 2294 613 2409 ‚Pi-533³
701 2318 982 2383 mentior
1026 2339 1175 2383 cum
1226 2317 1551 2383 doloribus
1595 2318 1824 2402 capitis
1865 2318 2291 2400 vertiginosis,
2334 2317 2582 2382 vomitu
2627 2320 2906 2399 enormi,

700 2422 969 2506 aliisque
1011 2420 1080 2484 id
1124 2442 1328 2505 genus
1374 2420 1913 2506 symptomatibus
1963 2442 2004 2484 a
2044 2420 2244 2486 biduo
2289 2420 2702 2505 corripuerat,
2748 2442 2908 2485 cum

696 2525 955 2590 nullum
1014 2524 1235 2590 adesse
1292 2526 1567 2590 tumoris
1627 2525 1892 2609 signum
1945 2525 2382 2608 interrogatus
2443 2525 2904 2609 responderet5

694 2627 921 2692 statim
948 2626 1200 2692 liberali
1226 2650 1430 2694 manu
1460 2628 1846 2712 sanguinem
1875 2628 2088 2691 emitti
2115 2627 2442 2711 imperavi,
2481 2628 2686 2712 (cujus
2715 2629 2906 2693 refri-

694 2730 905 2814 gerati
944 2732 1309 2816 superficies
1338 2731 1760 2815 puriformem
1798 2730 2282 2815 pleuriticorum
2311 2731 2695 2814 sanguinem
2735 2732 2905 2796 refe-

692 2831 923 2917 rebat,)
984 2833 1379 2918 praescripta
1429 2833 1628 2899 etiam
1674 2833 1932 2918 ptisana
1975 2854 2126 2898 cum
2175 2834 2448 2919 jusculis
2509 2855 2584 2899 ac
2631 2835 2904 2919 julapiis

691 2935 1245 3020 refrigerantibus.
1322 2935 1386 3001 A
1415 2935 1684 3001 meridie
1703 2958 1822 3020 pro
1852 2937 2136 3001 secunda
2153 2937 2290 3002 vice
2319 2957 2538 3022 parem
2561 2937 2904 3021 sanguinis

682 3039 1011 3122 jacturam
1056 3039 1274 3117 subiit,
1307 3060 1437 3122 qua
1478 3039 1678 3102 etiam
1722 3045 2032 3122 sequente
2077 3059 2305 3103 aurora
2349 3037 2643 3104 similiter
2692 3041 2904 3105 mulc-

692 3147 870 3206 tatus
915 3147 1035 3205 est.
1124 3140 1263 3205 Sub
1310 3140 1507 3226 hujus
1552 3147 1774 3206 autem
1818 3141 1946 3205 diei
1990 3142 2170 3207 exitu
2213 3163 2480 3226 aegrum
2523 3163 2746 3207 meum
2795 3143 2904 3208 in·

692 3242 923 3320 visens,
956 3263 1107 3306 eum
1145 3241 1405 3326 quidem
1448 3243 1658 3308 multo
1699 3245 1930 3309 melius
1969 3265 2038 3308 se
2081 3243 2339 3324 habere,
2368 3250 2436 3309 et
2473 3245 2905 3310 nihilominus

692 3345 933 3409 amicos
956 3345 1095 3430 ejus
1125 3345 1427 3410 adversus
1452 3347 1828 3412 ulteriorem
1847 3348 2428 3413 venae-sectionem
2457 3349 2690 3413 animis
2709 3350 2902 3416 vehe-

696 3453 953 3512 menter
979 3444 1356 3526 obstinasse‚
1388 3448 1819 3533 deprehendO,
1851 3471 2046 3533 quam
2075 3457 2298 3515 tamen
2325 3471 2449 3534 ego
2490 3451 2703 3517 denuo
2733 3453 2904 3517 cele-

696 3547 1013 3614 brandam
1070 3569 1207 3614 esse
1258 3550 1445 3614 enixe
1490 3551 1818 3631 contendi,
1871 3573 2200 3636 superesse
2258 3552 2528 3618 alteram
2577 3554 2904 3621 duntaxat

695 3650 1277 3716 venae-sectionem
1324 3651 1647 3730 dictitans,
1679 3673 1845 3736 quae
1888 3674 2156 3736 aegrum
2197 3655 2270 3718 in
2309 3656 2476 3720 sicco
2517 3657 2900 3736 collocaret;

696 3751 803 3816 sin
830 3757 1057 3816 contra
1093 3752 1221 3816 niti
1248 3761 1616 3838 pergerent,
1649 3755 1850 3818 satius
1888 3755 2086 3820 fuisse
2123 3763 2200 3820 ut
2229 3757 2410 3822 nullo
2453 3759 2720 3823 omnino
2748 3780 2900 3823 san-

696 3853 896 3938 guine
954 3853 1243 3920 detracto
1298 3857 1548 3921 curatio
1606 3878 1722 3941 per
1779 3858 2042 3924 sudores
2099 3859 2404 3925 instituta
2450 3861 2716 3941 fuisset3
2759 3883 2902 3927 uno

696 3957 910 4037 verbo,
942 3977 1208 4041 aegrum
1248 3967 1423 4025 certo
1452 3961 1690 4024 certius
1728 3963 2170 4027 interiturum·
2259 3965 2678 4049 Praesagium
2707 3986 2900 4030 even-

699 4067 807 4126 tus
830 4059 1270 4142 confirmavit3
1314 4083 1471 4126 nam
1510 4063 1670 4128 dum
1697 4065 1858 4130 haec
1892 4066 2224 4130 altercatio
2261 4067 2358 4130 rei
2387 4067 2676 4151 agendae
2713 4089 2898 4132 occa-

698 4162 950 4230 sionem
984 4166 1387 4249 corrupisset,
1418 4167 1708 4232 maculae
1751 4189 2110 4252 purpureae
2147 4169 2457 4253 postridie
2505 4179 2900 4256 eruperunt3

704 4265 1041 4350 (nimirum
1063 4268 1371 4332 materiae
1400 4269 1726 4352 peccantis
1755 4271 2060 4353 reliquiis,
2087 4293 2246 4355 quas
2274 4272 2584 4338 radicitus
2608 4271 2902 4338 evacuari

692 4367 1001 4450 oportuit,
1032 4389 1181 4432 cum
1202 4369 1341 4454 jam
1370 4392 1631 4438 omnem
1661 4372 1989 4438 abscessus
2019 4396 2200 4458 spem
2236 4374 2674 4458 phlebotomia
2699 4376 2898 4440 toties

702 4469 981 4553 repetita
1006 4471 1397 4557 abstulisset,
1426 4495 1611 4541 mora
1639 4497 1756 4542 sua
1782 4477 2148 4542 universam
2178 4479 2422 4544 cruoris
2449 4499 2726 4544 massam
2753 4495 2900 4564 per-
