3138 5006
1008 292 1535 357 TRACTATUS
1585 292 1642 355 Ι.
2297 288 2422 350 441

220 450 463 516 malum
524 449 608 514 ab
677 452 980 517 exercitio
1044 454 1420 536 quotidiano
1469 459 1903 537 praecavetur,
1957 470 1997 512 a
2047 468 2179 534 quo
2227 447 2432 511 oritur
2473 463 2558 512 De
2583 463 2716 511 1³01>-

220 553 441 618 debita
465 553 815 620 humorum
855 555 1215 638 Podagram
1258 555 1731 640 generantium,
1763 554 1874 638 qui
1911 573 2112 616 unam
2152 551 2433 634 aliquam
2523 541 2682 577 ³⁰⁸⁸·

220 664 469 740 partem
511 656 791 722 libenter
832 667 1173 743 occupant,
1205 660 1472 725 difflatio
1514 681 1632 744 per
1661 679 1855 723 omne
1893 677 2146 740 corpus.
2236 653 2434 719 Unde
2457 625 2735 757 {affgffiJoe

220 762 295 824 fit
330 760 452 843 (uti
486 761 761 845 ipsemet
791 771 1091 846 expertus
1131 765 1318 846 sum,)
1355 763 1525 848 quod
1556 762 1926 828 exercitatio
1954 761 2152 844 longa
2179 763 2246 822 et
2275 779 2430 841 quo·
2455 754 2725 809 generam-

222 864 469 928 tidiana
506 886 641 929 non
678 873 939 930 tantum
980 867 1209 932 officit·
1254 867 1653 951 generationi
1695 866 2060 951 tophorum,
2091 863 2206 928 sed
2235 863 2432 927 etiam
2457 811 2695 952 ἓὲᾱοιᾞξὲἓ

220 967 451 1050 tophos
479 975 725 1032 veteres
754 976 821 1033 et
848 969 1187 1034 induratos
1216 971 1422 1049 solvit,
1452 969 1646 1034 modo
1675 991 1810 1035 non
1838 989 2118 1052 eousque
2144 965 2432 1030 invalue-
2455 947 2698 1052 affigo?-

221 1070 352 1133 rint
380 1076 459 1134 ut
486 1071 689 1135 cutim
720 1071 1027 1134 extimam
1054 1072 1127 1135 in
1156 1093 1341 1135 suam
1370 1071 1798 1135 substantiam
1829 1068 2237 1135 mutaverint.
2454 1069 2744 1182 ξὲῗὲιέὶςῦθ

319 1173 487 1257 [56.]
540 1175 847 1238 Exercitii
888 1177 1105 1257 genus
1134 1173 1305 1258 quod
1346 1174 1614 1257 spectat,
1659 1171 1990 1256 equitatio,
2034 1171 2284 1255 quoties
2310 1190 2433 1233 nec
2458 1215 2504 1262 E
2508 1216 2714 1277 quitatio

224 1276 527 1361 grandior
570 1285 745 1342 aetas
782 1299 905 1342 nec
950 1279 1233 1342 calculus
1274 1275 1702 1356 intercedant,
1732 1275 1996 1360 reliquis
2029 1275 2222 1357 longe
2251 1293 2432 1357 prae·
2458 1280 2566 1357 ⁸3³5?
2587 1295 2722 1328 exer-

222 1379 487 1444 ferenda
520 1386 638 1445 est.
723 1381 818 1444 Et
846 1401 1000 1444 sane
1032 1381 1145 1444 diu
1174 1379 1586 1463 multumque
1615 1399 1868 1443 mecum
1899 1376 2208 1462 reputavi,
2241 1375 2433 1459 quod,
2459 1355 2739 1458 {{2{{{⁸“

222 1483 279 1546 si
305 1483 412 1546 cui
440 1483 873 1548 innotesceret
900 1483 1463 1560 medicamentum,
1490 1482 1661 1566 quod
1685 1489 1752 1546 et
1773 1481 1980 1546 celare
2001 1481 2210 1558 vellet,
2236 1499 2436 1560 aeque
2459 1482 2547 1522 0³1-

224 1587 444 1650 efficax
482 1585 555 1650 in
596 1587 721 1651 hoc
762 1586 1006 1666 mor-bc,
1037 1593 1115 1650 ut
1147 1586 1219 1650 in
1264 1587 1582 1650 chronicis
1624 1585 1966 1669 plerisque,
1999 1605 2072 1648 ac
2116 1589 2214 1646 est
2259 1581 2435 1664 equi-

222 1689 387 1752 tatio
429 1697 731 1752 constans
776 1695 843 1754 et
887 1689 1162 1769 assidua,
1194 1711 1345 1772 opes
1384 1689 1495 1752 ille
1533 1688 1766 1752 exinde
1801 1687 2224 1772 amplissimas
2251 1683 2438 1748 facile

225 1792 629 1856 accumulare
672 1794 939 1875 posset‘.
1030 1789 1097 1854 H
1103 1813 1177 1856 ac
1224 1793 1279 1856 si
1324 1792 1425 1855 uti
1462 1813 1598 1856 non
1636 1792 1843 1871 liceat,
1883 1791 2090 1856 vectio
2136 1790 2438 1873 frequens
2465 1796 2709 1860 Frequen-

224 1892 296 1955 in
340 1913 537 1957 curru
576 1894 713 1958 fere
757 1893 985 1958 eodem
1034 1893 1300 1959 recidit:
1348 1900 1545 1977 atque
1587 1895 1658 1957 in
1698 1895 1824 1958 hoc
1869 1893 2098 1958 saltem
2144 1893 2438 1976 Podagra
2462 1867 2702 1974 ζὶξιζῗῑι

224 1996 669 2061 laborantibus
719 1998 1041 2082 plerisque
1090 1998 1261 2062 bene
1312 2005 1430 2074 est,
1479 1997 1653 2078 quod
1703 2019 1873 2081 opeS,
1916 2017 2080 2080 quae
2124 1997 2434 2075 luxuriae,
2461 1990 2694 2104 dexpdfgre

224 2099 403 2163 unde
420 2121 464 2184 p
478 2100 781 2164 ullulavit
822 2101 1109 2179 morbus,
1139 2101 1543 2165 irritamenta
1585 2107 1790 2179 erant,
1831 2101 2169 2164 facultates
2213 2119 2439 2163 currus
2460 2071 2558 2104 ’ω’
2593 2071 2610 2102 ¹
2647 2111 2668 2120 ’

220 2201 507 2266 habendi
550 2203 1067 2283 subministrent,
1100 2225 1229 2288 quo
1272 2203 1395 2267 hac
1440 2203 1672 2267 saltem
1713 2201 2186 2267 exercitationis
2231 2202 2440 2285 specie

224 2305 543 2385 fruantur,
574 2327 725 2370 cum
755 2307 959 2370 altera
984 2307 1115 2370 frui
1142 2313 1491 2390 nequeant.

313 2407 805 2474 Observandum
848 2415 947 2473 est
988 2417 1225 2488 autem,
1260 2409 1433 2492 quod
1476 2407 1847 2473 exercitatio
1889 2407 1960 2471 in
2005 2413 2156 2473 aere
2196 2407 2437 2472 salubri
2463 2421 2622 2486 quue
2643 2423 2743 2469 ruri

223 2511 419 2595 longe
463 2533 541 2575 ea
581 2513 1009 2596 praestantior
1050 2518 1149 2576 est
1194 2534 1359 2596 quae
1401 2512 1474 2575 in
1522 2512 1742 2575 minus
1787 2509 2026 2575 salubri
2063 2511 2394 2595 peragitur
2419 2535 2435 2577 ε
2458 2487 2748 2615 gggfflgff

224 2614 363 2677 ruri
393 2614 631 2678 scilicet
654 2614 1085 2697 potiusquam
1104 2616 1177 2678 in
1198 2614 1378 2694 urbe,
1402 2614 1517 2678 ubi
1547 2622 1662 2681 aer
1681 2614 2018 2697 vaporibus
2051 2634 2090 2677 a
2116 2614 2436 2677 variorum
2461 2616 2647 2692 salubri,

228 2715 549 2779 artificum
592 2716 863 2781 officinis
906 2716 1359 2781 exhalantibus
1402 2724 1501 2781 est
1542 2717 1845 2799 repletus,
1892 2722 1958 2779 et
2003 2715 2436 2779 aedificiorum
2461 2696 2609 2793 ἓξὲξ
2633 2696 2684 2728 ¹¹¹

228 2818 549 2882 densitate
577 2819 975 2902 constipatus
997 2843 1017 2898 3
1064 2819 1269 2903 qualis
1298 2828 1397 2883 est
1425 2820 1495 2882 in
1525 2818 1828 2883 Londino
1851 2818 1976 2881 hoc
2005 2824 2245 2896 nostr0,
2273 2816 2438 2881 urbe

232 2922 575 3003 (quantum
613 2928 789 2985 certo
826 2921 1105 3003 scimus,)
1142 2920 1435 2986 omnium
1472 2941 1636 3004 quae
1669 2921 1742 2983 in
1769 2926 1908 2983 toto
1937 2925 2254 2981 terrarum
2284 2916 2439 2982 orbe

228 3030 401 3101 sunt,
428 3022 903 3105 spatiosissima.
952 3024 1293 3089 Quantum
1321 3044 1471 3087 vero
1498 3022 1759 3087 intersit
1788 3044 1872 3085 an
1902 3021 2046 3105 quis
2073 3020 2230 3098 ruri,
2261 3041 2346 3084 an
2366 3020 2438 3084 in

226 3126 409 3203 urbe,
441 3147 509 3190 se
530 3133 843 3205 exerceat,
875 3126 1379 3210 Podagricorum
1410 3127 1616 3210 quivis
1647 3125 1868 3189 statim
1896 3123 2337 3207 persentiscet.

327 3228 492 3312 [5¹7.]
548 3228 745 3295 Quod
787 3228 1109 3292 Venerem
1162 3229 1418 3307 attinet,
1462 3228 1519 3291 is
1569 3227 1680 3311 qui
1723 3234 1862 3291 tam
1907 3224 2204 3307 Podagra
2245 3244 2438 3307 quam
2467 3236 2632 3311 Quagn
2654 3232 2748 3281 im-

229 3337 495 3395 senecta
534 3330 806 3410 laborat,
851 3330 1398 3414 (quandoquidem
1432 3330 1704 3414 jamjam
1745 3350 1822 3393 ea
1871 3326 2216 3410 spirituum
2259 3326 2442 3410 copia
2464 3300 2718 3414 ξζξζζᾶῧζ,

229 3434 581 3497 destitutus
626 3439 725 3497 est
766 3454 895 3516 qua
932 3434 1379 3498 concoctiones
1416 3433 1774 3517 promoveri
1813 3432 2189 3509 debuerant,
2221 3438 2289 3494 et
2325 3450 2442 3513 per
2465 3431 2569 3478 neri
2592 3430 2666 3477 5¹¹·

228 3557 629 3619 consequens
664 3535 909 3620 absque
944 3537 1067 3601 hac
1104 3536 1283 3601 clade
1322 3537 1678 3601 adventitia
1713 3536 2016 3600 articulos
2051 3540 2118 3598 et
2161 3533 2441 3617 reliquas
2466 3494 2686 3559 dulgens.

227 3646 445 3723 partes
474 3640 841 3723 adjacentes
862 3639 1009 3723 plus
1038 3638 1193 3703 satis
1213 3639 1459 3703 laxatas
1487 3638 1686 3702 habet
1707 3644 1774 3701 et
1803 3635 2213 3719 debilitatae)
2242 3654 2443 3718 aeque

228 3741 625 3825 improvidus
652 3762 799 3806 meo
832 3741 1079 3825 judicio
1116 3740 1283 3805 foret
1311 3740 1365 3803 si
1394 3740 1533 3824 ejus
1561 3737 1904 3803 lenociniis
1923 3736 2315 3820 indulgeret,
2348 3742 2442 3799 at-

228 3862 359 3927 que
394 3843 524 3923 ille,
557 3844 687 3927 qui,
720 3864 867 3907 cum
915 3843 1185 3927 longum
1226 3843 1353 3907 iter
1382 3840 1822 3907 emetiendum
1851 3839 2223 3923 susceperit,
2261 3838 2444 3901 viati-

230 3968 391 4012 cum
420 3965 615 4011 omne
640 3947 819 4030 prius
849 3945 1227 4029 abliguriret
1248 3968 1443 4030 quam
1472 3966 1543 4010 se
1569 3946 1710 4009 viae
1731 3944 2186 4009 committeret.
2235 3940 2444 4005 Quin-

228 4050 368 4113 imo
410 4054 667 4132 praeter
710 4047 957 4111 malum
996 4046 1167 4131 quod
1207 4047 1331 4111 sibi
1377 4047 1662 4126 accersit,
1691 4044 2102 4129 languidiora
2135 4042 2274 4106 aevi
2308 4042 2446 4125 jam
2507 4094 2514 4103 .

226 4149 591 4217 fatiscentis
650 4150 967 4215 desideria
1028 4171 1166 4215 non
1226 4149 1551 4229 cohibens,
1613 4150 1894 4214 maximo
1950 4147 2062 4210 illo
2117 4144 2446 4229 privilegio

228 4254 491 4321 fruendi
519 4253 809 4339 jubilaei,
842 4254 1014 4338 quod
1051 4254 1307 4338 speciali
1344 4261 1539 4338 atque
1575 4253 1810 4317 eximio
1855 4251 2150 4315 Naturae
2178 4268 2446 4311 munere

304 4446 322 4467 ⁸
359 4438 520 4503 officit]
549 4442 630 4490 Sic
653 4441 765 4504 Syd.
791 4440 843 4489 in
867 4442 1067 4489 Elencho
1094 4442 1221 4498 Ber„
1244 4440 1297 4489 in
1450 4443 1465 4469 ⁸
1498 4438 1580 4487 ef.
1613 4453 1720 4501 sup.
1753 4439 1776 4497 ς
1810 4439 1904 4493 38ς
1945 4438 2130 4484 Observ.
2155 4436 2284 4483 Med.
2311 4434 2373 4481 iv.
2397 4434 2450 4488 7.

236 4508 382 4551 textu
404 4504 532 4553 male
553 4523 639 4554 non
661 4508 813 4565 efficit.
1390 4505 1451 4551 10
1474 4519 1545 4565 sq.
1568 4524 1582 4559 ς
1620 4504 1822 4549 Discere.
1847 4502 1998 4562 Epist.
2027 4502 2050 4559 5
2078 4501 2182 4548 116.

1287 4586 1401 4647 31.
