3138 5006
840 332 1357 399 PROCESSUS
1405 332 1818 399 INTEGRI.
2304 336 2438 399 533

221 497 401 562 modo
428 498 560 563 DE
568 494 675 561 US
717 496 1003 579 Optimus
1042 496 1368 561 Maximus
1406 496 1800 561 concessisset
1833 493 2076 580 vitam,)
2122 496 2441 578 expectari
2481 510 2748 559 Eun-roms

213 602 528 682 potuisset
557 600 1034 681 Phthisioloyia.

2517 574 2696 623 Erre-r.

2489 652 2559 687 An
2589 638 2725 687 ch-

316 703 485 776 Quid
521 702 591 765 in
626 701 943 779 Febribus,
986 700 1279 779 Variolis,
1320 700 1659 781 Morbillis,
1696 702 1898 766 acutis
1945 702 2225 781 caeteris,
2267 707 2338 764 ut
2380 707 2443 764 et
2513 716 2714 753 'rouu-

224 807 549 884 chronicis,
572 804 870 867 sanandis
890 805 1087 868 valuit
1117 805 1341 886 optime
1367 804 1625 871 meritus
1645 804 1854 871 Autor
1874 809 2100 885 noster,
2123 810 2444 891 sequentes

224 911 507 973 indicant
535 910 833 991 payinae.
921 908 1220 991 Reyimen
1263 912 1325 971 et
1370 908 1582 971 diaeta
1625 908 2037 972 instituuntur
2078 908 2404 989 aptissima
2421 936 2444 983 ‚-

212 1013 730 1096 praesoeibuntur
756 1012 1031 1077 remedia
1046 1031 1278 1093 pauca,
1308 1013 1423 1075 sed
1446 1014 1813 1091 necessaria,
1837 1032 1950 1076 nec
1976 1013 2045 1076 in
2062 1013 2443 1076 Pharmuco-

212 1118 506 1198 polarum
556 1116 792 1179 lucrum
834 1116 1207 1197 eoecoyitata,
1244 1134 1357 1178 nec
1400 1116 1578 1177 inani
1607 1106 2024 1179 'ostentationi
2066 1116 2402 1196 composita
2421 1142 2441 1178 τ

224 1218 559 1281 sitibundis
588 1218 795 1300 aegris
821 1217 1051 1301 (eodem
1078 1216 1257 1280 modo
1280 1237 1397 1299 quo
1427 1222 1488 1281 et
1515 1218 1649 1298 ipse
1677 1218 1847 1280 sitim
1867 1238 2042 1281 suam
2069 1220 2448 1301 restinyuere

224 1322 443 1384 solitus
472 1320 653 1403 erat,)
681 1321 1038 1384 cerevisiam
1060 1326 1298 1383 tenuem
1320 1319 1566 1402 affatim
1595 1327 1656 1385 et
1672 1316 1798 1402 pro
1822 1320 2000 1385 libitu
2021 1322 2448 1403 hauriendam,

227 1423 389 1486 unde
416 1424 571 1485 mire
599 1418 962 1504 reficiuntur
984 1429 1045 1486 et
1071 1420 1543 1505 reflriyerantur‚
1566 1423 1884 1497 concedit;
1929 1444 2041 1488 nec
2068 1425 2451 1489 immanitate

221 1525 373 1604 plus
390 1546 575 1605 quam
604 1524 875 1590 barbara
890 1524 1185 1609 precibus
1205 1546 1414 1589 eorum
1441 1526 1687 1605 surdus,
1713 1532 2080 1609 apozemata
2098 1532 2160 1591 et
2171 1527 2448 1609 julapia,

217 1649 382 1710 prae
438 1632 687 1712 ingrato
744 1622 967 1713 sapore
1006 1630 1329 1713 fastidita,
1387 1630 1744 1704 substituit;
1805 1632 2144 1694 maximam
2201 1630 2452 1695 adhibet

236 1733 562 1813 cautelam,
592 1754 669 1797 ne
698 1740 1067 1798 exaestuans
1104 1735 1307 1812 nimis,
1336 1734 1436 1797 vel
1460 1734 1604 1816 iyne
1633 1734 2040 1813 luculentiori,
2069 1734 2169 1797 vel
2201 1740 2448 1817 etv-ayu-

232 1836 430 1897 lorum
462 1856 660 1915 onere,
678 1838 829 1918 plus
858 1838 1061 1901 adhuc
1088 1838 1502 1915 incalesceret,
1531 1837 1632 1899 vel
1658 1857 1698 1898 a
1724 1836 2083 1919 propinatis
2095 1834 2326 1917 forsan
2353 1857 2449 1900 re-

230 1938 450 2000 mediis
478 1960 615 2002 eum
642 1940 711 2003 in
738 1941 933 2022 finem
959 1946 1031 2003 ut
1056 1960 1181 2023 per
1200 1959 1397 2021 poros
1435 1939 1786 2003 eliminetur
1829 1940 2096 2003 materia
2133 1938 2450 2021 morbzflca

232 2040 431 2103 mda
453 2043 657 2106 adhuc
678 2048 739 2106 et
766 2044 1153 2115 inconcocta;
1186 2062 1343 2125 quae
1372 2047 1598 2120 tamen,
1623 2044 1742 2104 hac
1765 2041 1917 2105 data
1947 2061 2122 2121 ansa,
2143 2045 2448 2107 concitato

232 2149 401 2206 motu
430 2144 743 2209 cerebrum
758 2148 943 2229 petit,
976 2130 1135 2209 unde
1156 2146 1504 2227 phrenesis,
1536 2150 1648 2208 aut
1676 2166 1869 2224 coma,
1902 2152 2013 2210 aut
2051 2152 2450 2211 ea‘travasato

231 2246 531 2328 sanguine
553 2247 887 2329 deturpant
905 2248 1095 2310 cutim
1110 2248 1388 2310 maculae
1393 2267 1770 2329 purpureae,
1784 2252 1894 2311 aut
1912 2248 2260 2329 eruptiones
2273 2249 2451 2331 (quas

234 2350 503 2431 vocant,)
552 2348 833 2412 miliares
877 2350 1099 2412 collum
1142 2354 1204 2411 et
1240 2355 1463 2431 pectus
1506 2349 1708 2413 ubivis
1753 2350 2050 2414 obsident.
2149 2350 2456 2433 Nunquid

236 2451 326 2514 ad
360 2452 651 2514 amussim
678 2452 878 2535 mayis
917 2452 1165 2536 depinyi
1191 2458 1447 2535 poterat
1482 2474 1666 2537 quam
1707 2454 2101 2518 Variolarum
2135 2454 2399 2519 historia
2418 2455 2452 2519 ?

235 2555 609 2638 Eruptionis
643 2556 805 2619 diem
844 2557 915 2619 in
949 2558 1191 2619 utravis
1228 2558 1428 2640 specie
1474 2558 1760 2640 desiynat
1782 2586 1801 2621 .·
1836 2559 2236 2640 pustularum
2282 2559 2450 2641 inqe-

242 2658 415 2721 nium
459 2658 547 2720 ad
582 2677 845 2740 unquem
881 2658 1211 2732 describit,·
1257 2679 1375 2742 quo
1418 2665 1690 2741 tempore
1731 2661 2013 2742 incipiat,
2054 2666 2115 2723 et
2160 2661 2454 2744 quamdiu

245 2760 643 2823 continuetur
684 2761 993 2840 salivatio,
1030 2780 1147 2844 quo
1192 2762 1417 2824 iterum
1446 2761 1650 2844 faciei
1692 2782 2096 2845 manuumque
2142 2769 2346 2827 tumor
2388 2783 2456 2826 se

229 2862 507 2944 prodat5
555 2863 711 2948 quid
724 2863 972 2927 tandem
1000 2862 1267 2946 quolibet
1288 2863 1390 2926 die
1412 2865 1880 2946 expectandum,
1906 2865 2134 2928 diserte
2163 2867 2453 2947 explicat.

239 2965 759 3047 Pareyoricorum
786 2985 963 3028 usum
998 2965 1138 3047 (quo
1162 2967 1557 3029 emolumento
1567 2966 1858 3047 judicent
1873 2967 2198 3050 Practici,)
2209 2968 2458 3048 primus

225 3067 549 3150 persuasit
568 3092 587 3128 .-
648 3069 879 3130 malum
922 3069 1242 3151 inyerendi
1277 3069 1574 3131 cardiaca
1609 3075 1753 3132 ante
1791 3070 2168 3151 eruptionem
2201 3089 2447 3149 morem,

238 3171 401 3234 unde
427 3191 610 3252 saepe
638 3173 1003 3236 accersitum
1015 3170 1225 3253 suerit
1260 3171 1706 3254 Confluentium
1729 3193 1942 3255 qenus,
1975 3174 2192 3236 merito
2208 3175 2458 3255 primus

241 3273 639 3354 improbavit.
729 3275 965 3338 Melius
994 3280 1199 3338 autem
1227 3276 1380 3338 haec
1416 3295 1495 3337 ea‘
1522 3276 1658 3357 ipso
1671 3272 1872 3355 sonte.
1975 3275 2200 3340 Valeas
2227 3277 2455 3359 itaque,

240 3375 460 3440 Amice
486 3377 730 3457 Lector,
761 3383 824 3442 et
849 3378 1047 3443 sicubi
1074 3383 1355 3442 scateant
1382 3377 1658 3457 mendae,
1689 3378 1990 3462 iynoscas.

344 3501 599 3589 [1693]
1583 3526 1588 3530 ·
2107 3509 2178 3573 S.
2223 3493 2366 3572 Md

312 3632 335 3662 ⁴¹
370 3633 418 3680 S.
443 3630 541 3696 M]
565 3633 597 3681 i.
616 3649 657 3681 e.
684 3631 801 3680 Dm*
824 3633 1007 3683 Doctor
1029 3633 1272 3684 Monfort:
1310 3634 1421 3683 vide
1451 3635 1768 3685 miscellanea
1794 3635 2022 3697 literaria,
2046 3637 2128 3686 cui
2151 3653 2327 3686 nomen
2355 3638 2451 3686 The

254 3699 565 3747 Gentleman’s
584 3699 859 3762 Magaaeine‚
882 3701 973 3750 vol.
997 3699 1098 3748 xiii.
1122 3715 1203 3764 pp.
1228 3701 1341 3758 529,
1367 3702 1479 3749 530.
