3138 5006
647 242 779 315 314
1126 295 1133 301 -
1287 251 1678 317 'I'HOMAE
1726 242 2244 317 SYDENHAM

376 428 461 475 Du
485 417 603 476 Lu‘z
650 412 801 476 licet
845 412 1291 495 quadantenus
1336 410 1696 491 subactum,
1744 434 1825 476 ex
1866 412 2184 477 levissima
2229 432 2481 496 quaque
2525 411 2858 475 occasione

342 494 623 541 Vennum.
658 516 721 597 (a
746 521 908 598 potu
936 514 1175 577 scilicet
1203 513 1427 593 nimio,
1448 521 1562 579 aut
1593 514 1896 578 exercitio
1925 514 2212 598 quolibet
2239 506 2722 592 vehementiori,
2743 520 2858 576 aut

653 617 848 679 simili
888 602 1055 698 alia‚)
1090 637 1285 680 novas
1320 616 1558 679 excitat
1586 617 1967 699 tragoedias,
2002 616 2422 682 Gonorrhoea
2462 616 2858 701 postliminio

652 720 1163 797 recrudescente,
1196 719 1251 781 ni
1293 740 1525 801 nempe
1556 740 1750 802 aeger
1785 720 2150 784 catharseos
2193 721 2556 784 molestiam
2599 718 2860 801 defuge-

654 821 762 898 rit,
792 820 1087 884 nondum
1117 820 1436 904 extirpato
1464 820 1774 884 radicitus
1803 821 2052 887 morbo.

348 922 592 1034 ffitffissz
756 920 919 1004 [15.]
966 922 1037 983 Si
1064 928 1210 1005 post
1239 922 1613 1004 hujusmodi
1642 924 2094 1006 purgationem
2119 923 2539 987 Gonorrhoea
2566 922 2860 985 nondum

350 1052 533 1098 endum
553 1050 595 1097 si
658 1023 865 1101 cedat,
896 1044 977 1085 ex
1002 1044 1125 1085 usu
1154 1023 1277 1086 erit
1305 1024 1449 1087 loco
1484 1025 1834 1107 pilularum
1869 1025 2168 1107 (maxime
2190 1026 2262 1089 in
2290 1026 2370 1088 iis
2401 1026 2512 1107 qui
2541 1024 2860 1087 difficilius

346 1114 631 1225 {22822‘225-
658 1126 1067 1208 purgantur,)
1100 1124 1429 1209 potentius
1470 1125 1730 1209 aliquod
1758 1127 2304 1191 medicamentum
2349 1125 2621 1190 subinde
2659 1126 2860 1189 inter-

350 1242 632 1290 rit-Gonor-
660 1225 887 1304 calare,
952 1226 1310 1309 cujusmodi
1378 1235 1475 1290 est
1538 1228 1720 1310 potio
1780 1249 2070 1311 sequens,
2127 1248 2290 1311 quae
2347 1226 2544 1291 semel
2599 1233 2862 1289 tantum

349 1306 522 1355 rhoea:
660 1326 894 1392 hausta
948 1327 1155 1409 magis
1214 1327 1559 1410 aliquando
1617 1330 1771 1393 fecit
1831 1330 1914 1393 ad
1971 1330 2323 1395 sistendam
2377 1328 2862 1393 Gonorrhoeam

660 1450 857 1513 quam
886 1428 1135 1492 leniora
1162 1430 1515 1493 cathartica
1542 1452 2006 1514 saepenumero
2033 1432 2290 1514 ingesta
2309 1456 2415 1494 :—

664 1584 868 1651 [Form.
895 1586 1046 1655 59.]“
1094 1580 1157 1662 R
1196 1584 1639 1641 Tamarindorum
1663 1589 2026 1653 semiunciam,

1190 1669 1459 1725 Foliorum
1485 1670 1694 1727 Sennae
1719 1672 1995 1727 drachmas
2019 1673 2170 1739 duas,

1190 1754 1329 1811 Bhei
1353 1754 1869 1827 sesquidrachmam3

940 1840 1125 1911 Coque
1141 1840 1435 1895 sufficiente
1447 1844 1744 1911 quantitate
1761 1860 1958 1913 aquam
1991 1844 2256 1898 colaturae
2276 1845 2448 1897 unciis
2461 1844 2630 1897 tribus
2643 1842 2861 1896 dissolve

1192 1926 1448 1991 Mannae,

1191 2010 1382 2083 Syrupi
1408 2014 1669 2067 Rosarum
1695 2014 1938 2080 Solutivi‚
1959 2032 2064 2069 ana
2085 2018 2301 2071 unciam
2327 2033 2512 2080 unam,

1191 2096 1383 2165 Syrupi
1408 2096 1474 2150 de
1502 2097 1670 2168 Spina
1693 2098 1940 2163 Cei-vina,

1192 2181 1479 2236 Electuarii
1503 2202 1533 2239 e
1560 2185 1732 2238 Succo
1755 2184 2032 2251 Romi-um,
2056 2203 2162 2241 ana
2185 2186 2464 2241 drachmas
2489 2186 2654 2252 duas;

944 2268 1147 2331 Misce3
1184 2268 1280 2321 fiat
1299 2270 1465 2339 potio.

663 2434 810 2516 Vel,
854 2434 1211 2501 curatione¹
1261 2437 1511 2502 tardius
1560 2441 1966 2525 procedente,
2020 2443 2212 2510 detur
2253 2443 2508 2510 turbith
2555 2444 2864 2508 minerale

664 2537 749 2602 ad
792 2558 995 2620 grana
1028 2543 1173 2602 octo
1214 2543 1479 2603 tantum
1519 2540 1621 2606 bis
1664 2545 1765 2607 vel
1803 2552 1925 2624 ter,
1964 2546 2178 2630 (idque
2224 2547 2602 2630 interposito
2647 2546 2865 2611 debito

662 2627 971 2721 temporis
1000 2639 1227 2722 spatio,
1254 2661 1343 2704 ne
1370 2639 1537 2706 forte
1577 2642 1908 2710 oboriatur
1934 2649 2360 2732 ptyalismus,)
2398 2649 2568 2732 quod
2605 2650 2866 2733 quidem

661 2739 1021 2804 remedium
1065 2741 1140 2804 in
1180 2743 1568 2809 eradicanda
1607 2747 2028 2815 Gonorrhoea
2062 2755 2470 2836 pervicaciori
2511 2755 2699 2818 facile
2738 2755 2864 2837 pri·

661 2861 801 2904 mas
842 2841 991 2906 fert.
1081 2840 1247 2906 Vel*
1280 2843 1382 2908 bis
1416 2845 1487 2908 in
1528 2849 1890 2931 septimana
1919 2853 2158 2935 pilulae
2197 2863 2539 2940 sequentes
2579 2855 2866 2922 exhiberi

663 2949 973 3025 poterunt
994 2967 1101 3008 ε-
1659 2951 1666 2957 ’

666 3073 867 3140 [Form.
892 3075 1035 3147 δα]ι
1087 3073 1150 3155 R
1189 3077 1486 3134 Pilularum
1510 3099 1578 3136 ex
1603 3083 1828 3140 Duobus
1849 3088 2305 3156 semidrachmam‚

1193 3163 1450 3220 Mercurii
1476 3167 1667 3224 Dulcis
1689 3173 1994 3242 scrupulum
2021 3193 2210 3242 unum,

1192 3265 1314 3302 cum
1339 3253 1631 3308 sufficiente
1655 3261 1954 3326 quantitate
1979 3261 2354 3330 Opobalsami3

948 3329 1109 3385 Fiant
1132 3334 1327 3403 pilulae
1351 3345 1592 3408 quatuor,
1616 3343 1904 3400 sumendae
1925 3363 2131 3402 summo
2153 3365 2326 3402 mane.

361 3508 479 3571 quid
504 3507 556 3556 in
762 3485 927 3570 [16.]
983 3488 1103 3551 Est
1148 3497 1366 3555 autem
1393 3493 1509 3558 ubi
1538 3517 1729 3580 aeger
1759 3519 1797 3561 a
1835 3499 2116 3566 catharsi
2154 3502 2327 3568 dicto
2356 3504 2548 3569 modo
2591 3507 2866 3590 repetita

358 3574 577 3688 ἓξὲξ·
665 3605 874 3668 usque
910 3586 1070 3651 adeo
1104 3587 1426 3671 abhorret,
1456 3601 1534 3658 ut
1577 3618 1661 3660 ne
1705 3609 2118 3684 conspectum
2151 3606 2430 3688 quidem,
2460 3609 2560 3671 vel
2604 3609 2864 3672 odorem

668 3687 897 3764 solum,
944 3688 1376 3754 remediorum
1425 3694 1593 3770 ferre
1640 3709 1852 3781 queat.
1940 3704 2062 3768 Est
2109 3706 2306 3770 etiam
2350 3706 2466 3771 ubi
2513 3729 2746 3792 corpus
2789 3730 2865 3772 ex

670 3785 1155 3874 ἰδιοσυγκρασίᾳ
1177 3792 1452 3873 quadam
1474 3796 1569 3860 ita
1595 3801 2011 3883 pertinaciter
2032 3808 2460 3891 purgantibus
2481 3811 2863 3893 refragatur,

666 3895 744 3953 ut
776 3888 994 3954 debita
1030 3894 1355 3975 peccantis
1396 3895 1687 3963 humoris
1719 3906 2046 3985 quantitas
2085 3916 2365 3992 nequeat
2401 3910 2625 3989 educi3
2671 3919 2866 3994 atque

666 3991 781 4070 ita,
814 3989 970 4055 dum
1008 3992 1361 4075 impensius
1398 3997 1471 4060 in
1514 3999 1638 4063 hoc
1675 4002 2005 4071 laboratur
2034 4010 2214 4074 nullo
2244 4031 2394 4075 cum
2422 4013 2662 4092 fructu,
2693 4013 2866 4077 Lues

666 4091 933 4157 tandem
964 4092 1234 4179 obrepit,
1268 4117 1431 4179 quae
1462 4120 1571 4164 eos
1606 4105 1970 4188 saepissime
2011 4131 2234 4194 aegros
2266 4112 2556 4178 adoritur
2593 4136 2865 4198 quorum

668 4215 936 4280 corpora
962 4196 1331 4262 catharticis
1361 4200 1592 4266 fortius
1621 4203 1966 4272 obsistunt.
2059 4211 2227 4275 Cum
2255 4213 2352 4276 ita
2379 4235 2448 4278 se
2476 4235 2580 4279 res
2610 4214 2862 4295 habeat,

730 4343 751 4377 ¹·
789 4345 863 4394 Cf.
878 4346 1069 4395 foi-mm.
1082 4349 1127 4407 8,
1146 4349 1321 4408 2—1·‚97,
1340 4351 1447 4408 101,
1468 4353 1820 4415 103,118‚212.
1909 4359 1935 4395 ἱ
1976 4361 2278 4424 Vel—mane]
2303 4377 2398 4412 om.
2421 4364 2494 4413 ed.
2519 4367 2619 4414 ’80-

731 4409 744 4440 ¹
779 4412 1203 4474 curua-proced]
1228 4429 1321 4462 om.
1346 4415 1418 4463 ed.
1443 4418 1537 4466 ⁹80.
1910 4421 1924 4454 ¹
1959 4423 2038 4472 Cf.
2059 4425 2198 4474 form.
2225 4428 2338 4475 222.
