3138 5006
622 253 752 314 206
1262 251 1652 317 ΤΗΟΜΑΕ
1700 254 2066 318 SYDENH
2071 255 2212 318 AM

332 426 585 476 cotenu.
624 412 836 476 fuerat
886 412 1307 494 imputanda3
1359 413 1510 477 licet
1560 435 1773 493 nemo,
1819 416 1932 498 qui
1980 421 2272 497 aegrotos
2327 413 2452 478 hoc
2505 419 2826 476 autumno
2893 459 2902 468 .

313 494 595 607 AEggssffg
623 516 1011 593 tractaverit,
1058 516 1312 580 nescius
1356 516 1439 580 sit
1485 524 1800 600 quantum
1847 517 2190 582 invaluerit
2227 517 2386 580 haec
2435 516 2660 580 Febris
2665 541 2688 593 3
2747 521 2824 577 ut

356 623 562 674 ’73-’75.
624 637 745 680 nec
786 618 1004 697 etiam,
1054 617 1485 702 dysenteriam
1532 619 1772 683 dictam
1822 628 1888 684 et
1933 619 2332 684 diarrhoeam
2372 641 2492 702 pro
2537 627 2822 700 sympto-

312 711 562 837 3333&
622 721 835 886 Bruttis,
862 722 1067 803 magis
1108 743 1305 805 quam
1345 721 1588 786 morbis
1622 722 2066 786 essentialibus
2111 743 2184 786 ac
2226 722 2565 805 primariis,
2594 719 2824 784 haberi

310 841 473 901 potius
668 844 705 886 e
754 844 943 887 msse.

309 919 595 1017 §ffssgfff'
720 925 841 1008 [6.]
900 925 1100 990 Hunc
1128 926 1353 990 Febris
1391 927 1517 992 ista
1544 949 1804 991 cursum
1846 928 2061 992 tenuit
2104 949 2220 1011 per
2261 948 2522 992 omnem
2561 931 2822 988 autum-

307 1032 521 1090 tialibus,
619 1051 798 1107 num,
831 1051 1014 1093 nunc
1053 1038 1247 1113 caput
1284 1039 1531 1114 petens,
1562 1053 1740 1095 nunc
1781 1032 2042 1109 viscera,
2088 1031 2330 1114 ubique
2365 1030 2652 1093 saeviens
2701 1028 2822 1092 sub

306 1099 554 1210 ζζζῗίἱῗ“
618 1152 892 1214 persona
948 1140 1455 1216 symptomatum
1508 1133 1590 1196 iis
1639 1133 1928 1217 partibus
1981 1134 2430 1210 accidentium,
2483 1132 2570 1195 ad
2617 1132 2820 1195 finem

308 1239 425 1288 Post
446 1242 578 1290 subi·
618 1254 820 1316 usque
864 1234 1198 1300 Octobris:
1257 1257 1386 1318 quo
1438 1243 1748 1318 tempore,
1793 1257 1956 1319 quae
2001 1257 2076 1299 eo
2119 1257 2324 1318 usque
2366 1234 2588 1318 tepida
2629 1239 2824 1316 atque

306 1311 557 1430 {fftssffin‘
617 1337 701 1400 ad
727 1338 935 1401 instar
964 1338 1224 1402 aestatis
1252 1339 1503 1422 placida
1528 1339 1742 1402 fuerat
1771 1346 2140 1422 tempestas,
2165 1338 2512 1421 derepente
2539 1337 2611 1398 in
2641 1336 2824 1417 frigi-

302 1434 591 1546 ζιῑὲῗῃῒέῑξζῂ
616 1440 766 1504 dam
786 1440 1246 1522 humidamque
1266 1446 1365 1504 est
1394 1447 1649 1504 mutata
1656 1467 1674 1518 3
1719 1440 1894 1504 unde
1917 1441 2116 1504 etiam
2139 1439 2438 1504 Catarrhi
2456 1445 2524 1502 et
2548 1435 2823 1501 'fusses‘

302 1561 379 1608 rhi
392 1569 439 1610 et
458 1563 583 1610 'rua-
613 1541 989 1607 increbuere
1034 1543 1240 1624 magis
1300 1563 1495 1626 quam
1546 1543 1673 1606 alio
1721 1543 1854 1607 ullo
1905 1543 2102 1626 (quod
2145 1542 2458 1624 memini,)
2505 1547 2818 1623 tempore.

304 1640 453 1737 {ffbss}
468 1627 585 1738 {ffic
613 1645 807 1710 Quod
828 1651 1049 1708 autem
1073 1639 1338 1708 maximi
1360 1653 1497 1709 erat
1519 1646 1853 1723 momenti,
1872 1645 2184 1709 Tussibus
2205 1644 2382 1709 hisce
2403 1643 2818 1728 supervenire

296 1753 533 1816 jungunt,
609 1747 855 1810 solebat
902 1747 1123 1810 Febris
1171 1746 1365 1832 hujus
1410 1747 1908 1811 Constitutionis
1963 1747 2374 1825 stationaria,
2420 1767 2606 1829 quae,
2655 1765 2818 1809 ansa

300 1819 429 1865 unde
452 1834 563 1867 ¹¹*
612 1848 766 1912 hinc
810 1856 1082 1932 arrepta,
1120 1856 1187 1912 et
1228 1850 1435 1932 magis
1479 1849 1909 1932 grassabatur,
1941 1856 2007 1912 et
2053 1849 2372 1932 quaedam
2411 1849 2608 1912 etiam
2649 1869 2820 1931 sym-

297 1889 476 1930 cuntur

301 1953 555 2056 nymp1303
611 1959 903 2033 ptomata
942 1949 1253 2015 variabat.
1342 1952 1511 2016 Cum
1554 1952 1730 2015 enim
1771 1951 1965 2034 paulo
2009 1959 2180 2028 ante,
2217 1951 2499 2014 insultus
2545 1951 2643 2032 (ut
2679 1951 2820 2032 jam

298 2017 583 2134 ffizmg-n‘
611 2053 901 2134 dictum,)
942 2053 1014 2116 in
1060 2054 1374 2136 praefatas
1417 2061 1632 2138 partes
1674 2054 2056 2137 plerumque
2099 2055 2304 2130 fieret,
2336 2074 2516 2116 nunc
2559 2052 2632 2114 in
2675 2049 2822 2134 pul-

298 2136 533 2248 Ἰξῖξζξίξω
606 2174 831 2217 mones
861 2161 927 2217 et
956 2155 1247 2236 pleuram
1274 2177 1429 2238 prae
1457 2156 1724 2219 caeteris
1761 2153 2286 2237 detorquebatur,
2317 2153 2494 2217 unde
2533 2158 2820 2237 sympto-

298 2261 451 2311 Febre
472 2217 577 2313 αἶ’
604 2260 783 2316 mata
810 2255 1243 2318 nascebantur
1271 2257 1850 2341 Peripneumonica
1878 2264 1945 2320 et
1975 2256 2362 2332 Pleuritica;
2406 2255 2559 2318 licet
2591 2255 2820 2318 eadem

292 2325 536 2438 ,ffffigm'
606 2356 872 2419 omnino
908 2355 1131 2419 Febris
1176 2365 1361 2436 esset,
1394 2381 1557 2441 quae
1589 2360 1632 2423 J
1633 2359 1784 2436 uhu,
1832 2360 2024 2436 1673,
2070 2358 2362 2440 ingressa
2405 2357 2570 2420 sine.
2595 2356 2822 2439 quavis

602 2463 1112 2540 symptomatum
1140 2458 1517 2526 alteratione
1545 2460 2095 2545 progrediebatur,
2127 2459 2334 2525 donec
2373 2459 2676 2525 Catari-hi
2707 2459 2820 2523 isti

602 2558 1001 2625 accederent.

696 2662 818 2746 [7.]
877 2664 971 2727 Hi
994 2665 1293 2729 Catarrhi
1314 2674 1379 2731 et
1402 2667 1634 2731 'fusses
1655 2690 1860 2751 usque
1879 2669 1962 2733 ad
1985 2670 2234 2733 exitum
2254 2667 2648 2733 Novembris
2669 2688 2816 2750 per·-

597 2765 991 2843 severabant,
1017 2789 1143 2849 quo
1172 2768 1385 2850 elapso
1408 2769 1754 2852 derepente
1783 2772 2270 2836 minuebantur.
2343 2770 2568 2836 Febris
2591 2778 2818 2835 autem

596 2866 822 2930 eadem
862 2868 1053 2951 plane
1082 2870 1324 2933 mansit
1367 2877 1561 2953 atque
1592 2879 1730 2936 erat
1770 2880 2124 2955 antequam
2154 2873 2457 2938 Catarrhi
2487 2894 2556 2937 se
2596 2880 2816 2936 osten-

594 2966 860 3045 derent;
902 2970 1053 3033 licet
1090 2992 1212 3035 nec
1241 2972 1334 3034 ita
1362 2994 1620 3055 prorsus
1664 2974 2038 3057 epidemica,
2069 2997 2288 3057 neque
2331 2976 2566 3039 iisdem
2597 2996 2814 3059 symp-

592 3070 853 3131 tomatis
884 3071 1136 3152 stipata,
1156 3093 1305 3135 cum
1326 3074 1561 3137 horum
1583 3082 1933 3158 utrumque
1955 3098 2070 3160 per
2093 3077 2394 3141 accidens
2417 3100 2456 3142 a
2479 3076 2813 3141 Catarrhis

591 3168 922 3250 penderet.
1014 3171 1410 3251 Quinetiam,
1440 3176 1890 3241 recedentibus
1932 3179 2288 3259 Catarrhis,
2317 3180 2620 3244 Variolae
2657 3179 2816 3242 hinc

590 3266 742 3328 inde
788 3269 1001 3350 spargi
1052 3281 1420 3353 coeperunt,
1466 3276 1757 3358 ejusdem
1807 3279 2000 3361 plane
2053 3281 2310 3363 generis
2357 3301 2512 3344 cum
2553 3280 2812 3344 variolis

590 3366 747 3429 anni
773 3370 1211 3448 praecedentis
1234 3398 1255 3449 ς
1301 3376 1414 3438 sed
1444 3398 1592 3440 cum
1625 3380 1764 3461 jam
1793 3382 2156 3445 seeundum
2184 3383 2390 3446 ferme
2419 3403 2670 3445 annum
2699 3404 2812 3446 ex-

586 3466 950 3549 plevissent,
981 3492 1115 3534 non
1159 3472 1253 3535 ita
1287 3479 1529 3541 atrocia
1567 3488 1754 3543 erant
1795 3489 2236 3565 symptomata
2264 3506 2340 3549 ac
2375 3484 2492 3548 ubi
2521 3486 2811 3568 primum

276 3576 528 3649 eonstitu-
586 3567 983 3633 invaderent.
1073 3573 1404 3640 Quamdiu
1446 3579 1656 3644 adhuc
1697 3581 1896 3647 stabit
1937 3585 2098 3649 haec
2129 3586 2552 3666 ConstitutiO,
2591 3586 2817 3651 dicere

272 3646 340 3685 ‘²⁰
362 3640 487 3691 ¹²⁸⁸⁰
586 3689 721 3732 non
762 3668 1007 3749 habe03
1065 3674 1133 3736 id
1179 3686 1355 3741 certo
1406 3681 1554 3759 scio,
1599 3682 1780 3747 illam
1823 3706 2140 3769 perquam
2187 3688 2558 3752 anomalam
2607 3696 2812 3771 atque

268 3715 356 3761 per
392 3720 513 3756 uam

267 3770 351 3874 ἓξ
354 3720 506 3882 31:10-t
584 3769 1002 3849 irregularem
1044 3773 1357 3841 hactenus
1407 3780 1625 3859 fuisse,
1671 3791 1868 3867 atque
1911 3788 2172 3853 morbos
2218 3812 2448 3853 omnes
2497 3812 2618 3874 per
2659 3812 2814 3855 eam

266 3897 316 3935 et
341 3849 483 3953 ejt'uu
583 3877 769 3933 natos
798 3870 1085 3953 ejusdem
1114 3879 1378 3943 omnino
1406 3882 1662 3946 indolis.

266 3958 440 4006 m⁰¹bi·
668 3970 770 4034 De
828 3971 1021 4056 hujus
1082 3976 1580 4045 constitutionis
1633 3986 2024 4067 epidemicis,
2075 4012 2152 4055 eo
2215 4014 2344 4077 quo
2399 4016 2469 4057 se
2521 3996 2806 4060 invicem

580 4070 805 4135 ordine
834 4075 1252 4157 excipiebant,
1275 4080 1415 4161 jam
1444 4104 1655 4164 agam.

1198 4202 1221 4233 Β
1260 4206 1447 4269 Tusses]
1473 4208 1540 4256 sic
1566 4210 1638 4260 ed.
1665 4210 1762 4269 ’76,
1795 4214 1954 4263 Tussis
1977 4218 2052 4265 ed.
2080 4220 2176 4269 ’86.
