3138 5006
654 273 789 336 440
1284 267 1675 334 THOMAE
1725 265 2240 333 SYDENHAM

368 445 453 494 Du
476 442 615 492 Pon·
654 452 805 498 rum
847 430 1369 514 indigestionem,
1404 430 1624 514 (quam
1667 451 1790 514 ego
1831 429 2204 514 primariam
2232 427 2564 511 Podagrae
2597 447 2864 491 causam

420 522 607 610 *⁰⁹:⁸2
658 534 1010 616 constitui,)
1025 539 1091 597 et
1108 531 1192 597 ad
1208 533 1591 616 sanguinem
1606 533 1836 598 iccirco
1852 531 2416 610 corroborandum,
2426 551 2500 595 ac
2515 528 2866 594 firmitudi-

350 597 636 726 3330&
658 657 813 701 nem
833 635 1126 721 partibus
1146 635 1636 714 concinandum,
1659 635 1928 714 faciunt,
1960 634 2338 699 exercitium
2367 633 2646 718 corporis
2673 631 2868 696 saeue

346 725 639 791 impediunt,
658 740 943 824 palmam
974 738 1297 823 praeripit.
1386 737 2054 803 Animadvertendum
2091 745 2190 802 est
2233 742 2474 816 autem,
2509 736 2632 820 (uti
2669 757 2866 820 supra

348 793 639 854 sanguinem

349 857 576 977 legunt-,022-
673 843 739 928 [ᾧ
764 844 847 906 41
858 841 903 924 .]
936 841 1203 923 monui,)
1230 840 1421 925 quod,
1445 840 1690 905 cumin
1710 841 1832 906 hoc
1855 841 2100 919 morbo,
2124 841 2324 905 etiam
2339 839 2546 923 magis
2577 859 2772 922 quam
2787 839 2862 902 in

349 985 569 1048 partibus
656 944 1107 1010 chronicorum
1142 943 1382 1028 quovis,
1411 945 1614 1008 totius
1651 945 1931 1027 corporis
1960 943 2221 1008 habitus
2249 942 2582 1007 immutari
2607 941 2864 1019 debeat,

352 1048 615 1098 firmitudi-
658 1047 1027 1114 exercitatio
1064 1046 1365 1130 corporiS,
1395 1045 1521 1108 nisi
1552 1046 1928 1129 quotidiana
1961 1046 2178 1124 fuerit,
2207 1045 2374 1110 nihil
2404 1042 2695 1129 juvabit:
2739 1043 2862 1107 hu-

348 1127 633 1236 ἓῆἷῗηῖοὲξ-
650 1149 937 1235 jusmodi
978 1151 1155 1214 enim
1189 1149 1559 1214 exercitatio
1595 1171 1712 1233 per
1753 1150 1924 1214 vices
1959 1150 2344 1228 intermissa,
2377 1149 2480 1213 uti
2521 1148 2688 1212 nihil
2725 1149 2864 1212 fere

352 1242 577 1354 aaran?
656 1253 941 1318 conferet
984 1252 1066 1318 ad
1106 1251 1588 1317 immutandum
1631 1251 1927 1316 habitum
1972 1252 2252 1336 corporis
2285 1251 2366 1316 ab
2406 1251 2642 1315 inertia
2669 1257 2866 1334 atque

350 1321 625 1434 girino]-
655 1355 1063 1440 indulgentia
1090 1355 1229 1439 jam
1262 1354 1738 1438 languescentis
1775 1362 1843 1420 et
1889 1355 2302 1432 effoeminati,
2341 1355 2437 1419 ita
2473 1353 2758 1418 fortassis
2795 1361 2866 1417 ct

353 1451 487 1563 ’ἒὲξῖ
495 1450 634 1498 ΡΜ·
658 1479 891 1523 nocere
924 1458 1123 1542 possit
1160 1479 1616 1542 paroxysmum
1653 1457 2055 1537 accersendo,
2077 1457 2194 1522 ubi
2229 1455 2372 1540 quis
2393 1455 2648 1541 jamdiu
2675 1455 2759 1520 ab
2787 1477 2870 1520 ea

356 1575 614 1626 Quotidia-
660 1560 1055 1626 desueverat.
1144 1561 1293 1626 Hoc
1320 1581 1469 1624 vero
1498 1560 1876 1625 exercitium
1909 1560 2254 1624 vehemens
2297 1581 2433 1624 non
2471 1560 2556 1623 sit
2590 1565 2866 1642 oportet,

352 1647 575 1753 Ξξὲθξζ,
658 1665 789 1728 tale
816 1685 966 1728 vero
995 1662 1181 1747 quale
1210 1662 1471 1727 senibus
1508 1663 1834 1746 competit,
1867 1663 1977 1746 qui
2017 1661 2346 1744 Podagrae
2385 1661 2674 1745 subjecta
2708 1667 2870 1724 sunt

356 1768 569 1896 ξῑῧξιῐξξ
658 1767 865 1850 magis
893 1768 1171 1831 usitata:
1214 1771 1431 1830 motus
1475 1766 1652 1829 enim
1691 1765 1971 1848 corporis
1994 1764 2174 1849 justo
2206 1764 2646 1830 vehementior
2682 1763 2872 1846 spiri-

657 1875 767 1934 tus
817 1869 1095 1935 nimium
1144 1865 1429 1951 dissipat,
1476 1874 1543 1931 et
1587 1887 1626 1932 e
1669 1869 2090 1951 consequenti
2131 1867 2577 1933 concoctiones
2625 1867 2870 1945 laedit;

661 1973 918 2057 quando
962 1971 1331 2036 exercitatio
1374 1970 1708 2035 moderata
1753 1991 1828 2035 ac
1875 1992 2288 2055 perseverans
2331 1971 2590 2037 eosdem
2630 1972 2868 2035 firmet.

664 2075 1159 2142 Quantumlibet
1178 2075 1301 2139 hoc
1324 2072 1559 2137 durum
1581 2072 1876 2138 videatur
1891 2073 2162 2153 homini,
2181 2075 2312 2158 qui,
2336 2081 2592 2158 praeter
2613 2074 2870 2138 senium

662 2185 729 2243 et
759 2176 1037 2261 corporis
1066 2176 1151 2240 ad
1177 2182 1431 2241 motum
1466 2174 1988 2259 ineptitudinem,
2021 2182 2088 2239 et
2117 2175 2473 2240 socordiam
2499 2175 2654 2239 huic
2685 2195 2872 2259 prae-

662 2281 885 2345 sertim
912 2280 1082 2343 malo
1114 2277 1296 2362 quasi
1324 2276 1832 2355 connaturalem,
1862 2275 2080 2340 dolore
2105 2275 2372 2358 insuper
2399 2279 2739 2353 mactatur,
2769 2281 2872 2338 ta-

662 2402 835 2459 men,
866 2381 922 2444 si
963 2380 1087 2443 hoc
1125 2378 1481 2456 omittatur,
1510 2376 1680 2441 nihil
1721 2399 1802 2442 ex
1841 2378 2156 2442 hactenus
2199 2377 2482 2443 inventis
2528 2378 2874 2461 quicquam

354 2501 486 2569 quod
504 2499 593 2579 gui
664 2483 989 2597 proficiet:
1033 2487 1237 2565 utque
1280 2500 1810 2566 paroxysmorum
1855 2479 2192 2544 intervalla
2229 2479 2368 2545 sine
2400 2479 2572 2595 jugi·
2592 2478 2876 2563 corporis

358 2573 542 2632 apernit
563 2566 625 2614 ‘d
666 2585 966 2652 exercitio
994 2605 1234 2668 magna
1262 2604 1399 2648 esse
1432 2604 1565 2647 non
1595 2583 1860 2667 possint,
1890 2582 1986 2647 ita
2013 2583 2209 2647 etiam
2240 2583 2325 2648 ad
2351 2584 2578 2647 calculi
2606 2604 2878 2667 genera-

347 2631 648 2773 gssglgngeelg
663 2690 910 2754 tionem
936 2688 1085 2753 talis
1114 2688 1236 2753 erit
1264 2686 1638 2771 proclivior;
1683 2687 1794 2771 qui
1825 2686 2085 2771 quidem
2111 2687 2257 2771 plus
2283 2686 2482 2752 habet
2510 2692 2577 2752 et
2604 2684 2880 2771 periculi

354 2759 638 2885 effipmch·
666 2799 733 2859 et
762 2792 1083 2857 cruciatus
1112 2812 1309 2874 quam
1338 2790 1479 2873 ipsa
1505 2789 1822 2873 Podagra.

356 2927 405 2970 et
425 2921 476 2967 in
498 2918 597 2969 dis-
765 2893 934 2982 [55.]
984 2894 1110 2959 His
1139 2893 1321 2971 adde,
1350 2890 1547 2975 (quod
1575 2912 1890 2975 magnum
1916 2890 2170 2975 pondus
2197 2890 2434 2956 habere
2464 2891 2702 2975 debet,)
2735 2912 2878 2955 ma-

353 2986 647 3098 gffiiffite-
666 2999 899 3064 teriam
947 2998 1325 3080 tophaceam
1376 3015 1417 3058 a
1465 2994 1660 3077 longa
1709 2995 1931 3077 requie
1983 2994 2331 3058 admodum
2381 3002 2638 3059 auctam
2673 2994 2758 3057 iri
2801 2993 2882 3057 in

355 3115 429 3163 ria
450 3114 623 3177 topha-
666 3102 951 3167 articulis
982 3100 1279 3183 corporis,
1302 3099 1581 3163 maxime
1600 3119 1751 3163 vero
1779 3098 2152 3182 digitorum,
2173 3099 2270 3163 ita
2295 3105 2372 3163 ut
2399 3098 2667 3164 tandem
2693 3098 2882 3163 omni

358 3193 525 3290 ξξοζίξζ
538 3194 639 3290 ᾟ,
665 3212 855 3271 motu
891 3205 1245 3287 priventur.
1332 3202 1506 3267 Utut
1542 3202 1719 3265 enim
1757 3200 2035 3265 fidenter
2075 3208 2366 3266 asserant
2406 3201 2724 3281 nonnulli,
2756 3200 2880 3265 ho-

358 3308 619 3419 fffiffm-
666 3330 815 3373 rum
842 3308 1189 3391 tophorum
1215 3306 1555 3371 materiam
1589 3306 1688 3371 nil
1715 3306 1890 3371 aliud
1920 3327 2059 3371 esse
2089 3328 2284 3392 quam
2313 3307 2648 3391 sanguinis
2674 3313 2880 3371 tarta·

356 3434 409 3483 „i
430 3442 571 3483 motu
665 3431 813 3475 rum
844 3410 928 3474 ad
956 3410 1255 3474 articulos
1284 3410 1756 3490 transmissum,
1786 3411 1974 3476 facile
2001 3417 2224 3475 tamen
2259 3412 2582 3477 constabit
2611 3410 2881 3476 cuilibet

358 3500 591 3562 privetur.
665 3534 805 3578 rem
832 3512 1025 3597 paulo
1054 3512 1365 3577 attentius
1394 3513 1840 3597 perpendenti,
1873 3513 2065 3598 quod,
2098 3514 2256 3579 dum
2284 3536 2526 3598 magna
2549 3515 2646 3579 vis
2675 3520 2880 3578 mate·

663 3616 801 3681 riae
855 3616 1269 3680 inconeoctac
1311 3616 1676 3701 Podagram
1721 3618 2014 3683 facientis
2071 3619 2144 3682 in
2203 3618 2507 3684 articulos
2567 3618 2880 3703 quosdam

668 3718 934 3803 depluit,
965 3724 1033 3782 et
1058 3726 1273 3802 partes
1303 3718 1543 3783 vicinas
1575 3720 1818 3785 diutius
1845 3720 2130 3785 tumidas
2157 3720 2391 3800 reddit,
2421 3721 2688 3785 tandem
2715 3720 2880 3785 acci-

668 3821 765 3887 dit
793 3828 870 3886 ut
898 3821 1134 3906 partim
1175 3820 1410 3884 harum
1437 3821 1644 3886 virtus
1673 3823 2086 3887 assimilativa
2121 3823 2613 3903 sufflaminetur,
2643 3823 2884 3908 partim

669 3946 710 3988 a
737 3923 1093 3989 suffocante
1132 3922 1567 3989 obstructione
1606 3946 1802 4008 quam
1839 3926 1912 3989 in
1951 3925 2042 3990 eis
2077 3926 2247 4010 parit
2288 3926 2464 3991 iners
2491 3926 2602 3991 hic
2626 3926 2884 4005 humor,

668 4026 843 4091 dicta
880 4026 1153 4092 materia
1192 4033 1556 4113 generetur,
1597 4049 1762 4112 quae
1797 4050 1837 4093 a
1873 4028 2084 4093 calore
2126 4027 2470 4113 doloreque
2513 4028 2770 4093 articuli
2811 4028 2886 4090 in

668 4130 1041 4215 hujusmodi
1100 4129 1529 4195 substantiam
1573 4132 1845 4214 cogitur,
1899 4138 2091 4216 atque
2141 4130 2350 4195 indies
2395 4137 2690 4215 augetur,
2736 4136 2886 4195 tum

668 4254 937 4299 carnem
984 4240 1130 4297 tum
1184 4234 1389 4298 cutim
1440 4234 1696 4299 articuli
1751 4235 1824 4299 in
1871 4234 2198 4318 propriam
2247 4240 2554 4299 naturam
2603 4239 2884 4317 vertens,

670 4357 833 4421 quae
855 4337 993 4420 jam
1022 4335 1201 4400 nuda
1229 4336 1424 4420 jacet,
1456 4337 1702 4401 acicula
1734 4336 1838 4421 (ad
1869 4337 2078 4401 instar
2103 4343 2336 4415 cretae,
2367 4334 2704 4401 oculorum
2731 4356 2892 4399 can-

356 4442 615 4555 }gtzrgtn-
670 4460 947 4517 crorum,
982 4446 1097 4504 aut
1142 4439 1369 4504 similis
1412 4439 1684 4524 alicujus
1711 4442 1852 4524 rei‚)
1888 4440 2304 4507 extrahenda.
2393 4440 2438 4505 J
2439 4462 2545 4506 am
2583 4460 2734 4504 vero
2761 4438 2890 4504 hoc
