3138 5006
665 290 799 353 410
1276 284 1667 351 THOMAE
1717 283 2012 349 SYDEN
2023 282 2236 349 HAM

378 467 464 516 De
488 466 627 517 Pon·
664 448 939 516 tioribus
995 448 1386 528 utebantur3
1462 446 1784 513 edaciores
1841 445 2108 531 insuper
2163 444 2406 510 fuerint
2463 450 2531 511 et
2587 446 2870 531 liquores

434 546 593 583 ΛΟΜ·
670 553 1042 638 spirituosos
1077 550 1561 616 immoderatius
1595 548 1952 628 hauserint,
1994 555 2218 633 postea
2261 548 2608 633 derepente
2659 550 2742 615 ad
2789 550 2868 613 li-

672 678 900 742 quores
927 662 1158 721 tenues
1188 661 1254 720 et
1282 654 1737 738 refrigerantes
1769 674 1836 717 se
1865 651 2279 718 contulerint.

363 768 465 819 Div
434 783 517 816 ver
518 784 601 817 sus
769 760 891 843 [4.]
950 758 1021 823 Si
1051 780 1242 842 quem
1268 779 1404 821 non
1439 756 1567 820 nisi
1604 758 1743 841 jam
1787 754 1967 821 senio
2005 755 2373 819 confectum
2405 753 2691 839 primum
2718 754 2872 819 ado-

364 834 473 960 0·Ῑὲ
466 848 619 945 ,Πὲοζ
542 912 619 945 ,00
622 912 649 945 e
670 862 895 941 riatur,
941 882 1279 944 nunquam
1324 866 1548 943 postea
1591 858 1694 923 vel
1739 865 1878 923 tam
1931 864 2130 923 statas
2172 856 2371 921 habet
2414 857 2725 939 periodos,
2770 858 2874 921 vel

364 962 533 1024 nubjec
506 962 587 1017 cti,
603 968 651 1009 et
672 972 810 1029 tam
860 964 1231 1028 immaniter
1266 963 1485 1041 saevit,
1543 983 1738 1045 quam
1779 961 1834 1025 si
1873 960 2201 1045 juniorem
2243 958 2682 1043 occupaverit,
2725 964 2874 1022 tum

364 1032 580 1138 {2¹¹¹pr
545 1090 646 1139 ndi.
674 1067 846 1151 quod
872 1067 1006 1131 vita
1024 1072 1101 1129 ut
1129 1064 1484 1150 plurimum
1504 1064 1782 1129 elabitur
1812 1069 2161 1147 antequam
2183 1061 2446 1126 morbus
2465 1061 2876 1125 naturalibus

674 1169 1119 1255 symptomatis
1170 1168 1445 1251 stipatus
1486 1168 1569 1231 ad
1619 1166 1829 1247 ἀκμήν
1864 1166 2247 1251 pervenerit,
2292 1172 2439 1230 tum
2483 1166 2680 1229 etiam
2724 1165 2879 1248 quia

672 1272 883 1335 calore
912 1270 1130 1335 nativo
1160 1278 1225 1334 et
1254 1271 1469 1354 vigore
1499 1268 1778 1353 corporis
1808 1266 2191 1347 imminutis,
2214 1286 2336 1331 nec
2363 1266 2460 1332 ita
2480 1267 2726 1352 jugiter
2753 1286 2880 1330 nec

672 1373 1085 1437 vehementer
1126 1372 1198 1436 in
1238 1372 1541 1437 articulos
1588 1370 1862 1454 displodi
1903 1376 2137 1454 potest.
2224 1372 2318 1435 At
2355 1368 2411 1433 si
2442 1391 2635 1453 quem
2661 1375 2880 1433 matu-

672 1476 807 1540 rius
843 1476 1130 1555 lacessat,
1168 1476 1456 1560 quamvis
1492 1496 1616 1540 nec
1663 1476 1882 1539 sedem
1929 1474 2141 1539 adhuc
2188 1475 2366 1558 figat,
2413 1492 2538 1539 nec
2585 1490 2735 1538 eum
2779 1474 2882 1537 ita

674 1579 844 1642 male
890 1582 1146 1656 tractet,
1199 1578 1312 1641 sed
1356 1577 1606 1642 incerta
1661 1576 1925 1662 periodo
1983 1596 2100 1661 pro
2165 1577 2319 1641 data
2377 1594 2536 1641 ansa
2590 1576 2882 1659 ingruat,

676 1681 902 1746 leviter
941 1680 1025 1745 ad
1068 1695 1307 1765 paucos
1347 1678 1483 1745 dies
1526 1684 1856 1764 torquens,
1889 1686 1956 1745 et
1998 1680 2181 1745 nulla
2221 1680 2530 1745 methodo
2567 1679 2882 1744 invadens

677 1783 1111 1869 recedensque
1117 1810 1138 1865 3
1172 1784 1413 1849 sensim
1432 1791 1658 1850 tamen
1680 1790 1890 1851 castra
1909 1790 2214 1863 metatur,
2233 1784 2448 1867 legem
2469 1782 2593 1848 sibi
2609 1802 2880 1866 ponens,

678 1896 1035 1973 typumque
1070 1886 1529 1972 praeformanS,
1564 1894 1704 1952 tam
1751 1886 1964 1971 quoad
2015 1886 2172 1951 anni
2217 1892 2476 1970 tempus
2528 1906 2656 1970 quo
2699 1898 2882 1949 arma

682 1992 1028 2074 quotannis
1062 1990 1363 2069 movebit,
1403 2008 1599 2073 quam
1638 1990 1851 2073 quoad
1892 1988 2258 2074 paroxysmi
2301 1986 2750 2053 durationem:
2795 1986 2882 2051 ad

677 2090 857 2172 haec,
886 2091 1160 2157 ferocius
1192 2108 1387 2177 quam
1414 2092 1626 2176 primo
1653 2090 1904 2156 insultu
1933 2090 2385 2156 debacchatur.

776 2195 897 2279 [5.]
952 2192 1055 2259 De
1103 2196 1227 2259 hoc
1276 2195 1503 2260 morbo
1554 2193 1712 2259 dum
1759 2194 1857 2259 ita
1903 2193 2196 2277 regulam
2242 2196 2602 2277 typumque
2652 2194 2883 2269 servat,

678 2294 838 2362 libet
878 2296 1085 2380 primo
1120 2296 1465 2376 disserere3
1508 2304 1738 2381 postea
1772 2296 1852 2361 de
1896 2295 2186 2380 ejusdem
2224 2294 2684 2379 phaenomenis
2727 2311 2888 2357 ano·

678 2399 865 2463 malis
923 2406 1117 2482 atque
1173 2400 1646 2479 incertioribus,
1708 2400 1958 2483 quoties
2019 2399 2262 2463 scilicet
2319 2398 2420 2463 vel
2475 2402 2888 2481 praepostero

678 2500 1129 2566 inidoneorum
1184 2500 1804 2568 medicamentorum
1863 2523 1990 2567 usu
2049 2500 2129 2567 de
2188 2502 2366 2566 statu
2421 2515 2540 2564 suo
2597 2498 2890 2584 dejectus

678 2603 826 2684 fuit,
856 2604 957 2668 vel
1000 2605 1083 2668 ob
1120 2602 1394 2690 subjecti
1424 2604 1826 2670 debilitatem
1871 2607 1937 2670 et
1980 2606 2362 2688 languorem
2407 2595 2490 2668 ad
2531 2603 2788 2686 propria
2819 2607 2887 2665 et

378 2719 493 2770 Quo
512 2724 638 2766 tem·
683 2707 968 2791 genuina
1010 2712 1443 2792 symptomata
1490 2708 1719 2792 nequit
1764 2725 2116 2790 assurgere.
2208 2705 2479 2772 Quoties
2521 2706 2742 2788 itaque
2781 2720 2888 2767 re-

374 2799 540 2896 ,Ῑζζξη
458 2848 519 2896 do
532 2847 660 2896 Pod
686 2809 923 2894 gularis
982 2817 1079 2875 est
1138 2809 1452 2894 Podagra,
1512 2811 1638 2875 hoc
1694 2811 1828 2876 fere
1895 2810 2089 2874 modo
2156 2826 2423 2892 aegrum
2489 2806 2886 2891 aggreditur.

374 2929 491 2976 ⁸812
511 2928 589 2961 re-
686 2914 729 2977 J
732 2912 997 2979 anuario
1056 2921 1352 2994 exeunte,
1403 2921 1516 2978 aut
1566 2913 1917 2998 incipiente
1977 2911 2346 2991 Februario,
2409 2911 2756 2994 derepente
2815 2915 2890 2972 et

374 2978 535 3105 {ri-²23
538 2993 663 3104 sagae
684 3017 867 3082 nulla
908 3016 1041 3084 fere
1078 3016 1530 3101 praesensione
1575 3016 1996 3081 antecedente
2038 3016 2309 3098 ingruit,
2348 3013 2476 3078 nisi
2521 3012 2690 3097 quod
2731 3032 2896 3077 ven-

377 3107 609 3170 grechtur.
684 3119 902 3184 triculi
946 3119 1263 3184 cruditate
1308 3125 1503 3202 atque
1545 3117 1809 3206 ἀπεψίᾳ
1847 3117 1931 3182 ad
1975 3119 2366 3201 septimanas
2411 3117 2654 3200 aliquot
2698 3133 2898 3198 aeger

379 3235 545 3287 Quoo
546 3235 647 3283 rdi-
686 3219 1087 3300 laboraverit,
1130 3223 1409 3304 corporis
1451 3221 1714 3306 insuper
1755 3221 2256 3286 intumescentia
2299 3219 2480 3303 quasi
2515 3225 2781 3283 ventosa
2821 3223 2898 3282 et

380 3299 660 3426 ζζζξξίξξῗ
689 3323 1021 3406 gravitate,
1054 3345 1217 3407 quae
1260 3323 1465 3388 indies
1510 3331 1787 3408 augetur
1824 3325 2030 3389 donec
2073 3323 2338 3388 tandem
2369 3321 2636 3386 detonet
2663 3341 2900 3405 parox-

380 3437 431 3476 ta
448 3429 661 3490 ph²e1²⁰-
686 3448 946 3512 ysmus3
992 3449 1184 3511 quem
1236 3428 1459 3510 paucis
1503 3426 1729 3492 diebus
1772 3427 1980 3511 praeit
2025 3434 2246 3510 torpor
2284 3432 2350 3489 et
2391 3424 2576 3508 quasi
2616 3425 2902 3488 flatuum

378 3492 665 3605 ᾞῙῖῗέξζῗ
690 3529 1033 3593 descensus
1075 3549 1191 3613 per
1232 3529 1552 3594 femorum
1596 3551 1841 3608 carnes,
1869 3551 2022 3594 cum
2067 3529 2406 3592 affectione
2451 3523 2900 3607 σπασμοειδεῖ,

687 3637 834 3696 tum
878 3632 1073 3696 etiam
1116 3632 1322 3716 pridie
1365 3633 1732 3718 paroxysmi
1775 3633 2098 3716 appetitus
2140 3627 2445 3710 voracior,
2490 3651 2626 3695 non
2668 3637 2904 3693 tamen

388 3752 628 3815 Paroxys-
688 3735 1023 3800 naturalis.
1116 3735 1328 3798 Sanus
1380 3736 1547 3800 lecto
1600 3755 1953 3820 somnoque
2005 3733 2469 3811 committitur3
2532 3731 2693 3796 hora
2742 3748 2904 3796 vero
3031 3759 3036 3764 ·

381 3833 632 3944 ζ’,ζξζξξζ
690 3836 974 3903 secunda
1022 3845 1168 3922 post
1226 3837 1506 3902 mediam
1555 3846 1811 3904 noctem
1863 3837 2182 3902 excitatur
2231 3853 2271 3901 a
2322 3836 2539 3900 dolore
2596 3833 2904 3918 pollicem

384 3947 618 4012 pingitur.
690 3947 869 4032 pedis
915 3952 992 4009 ut
1037 3943 1389 4029 plurimum
1440 3951 1817 4027 occupante,
1866 3941 2252 4027 quandoque
2299 3961 2448 4006 vero
2499 3936 2904 4020 calcaneum,

342 4043 357 4056 ⁶
691 4069 929 4128 suram,
962 4055 1074 4113 aut
1104 4047 1329 4112 talum.
1423 4043 1554 4110 Hic
1600 4045 1780 4111 dolor
1819 4067 1970 4110 eum
2013 4045 2209 4109 refert
2255 4044 2367 4128 qui
2409 4043 2654 4108 ossium
2691 4041 2908 4106 dicto·

689 4171 837 4216 rum
868 4150 1348 4216 dislocationem
1379 4149 1743 4228 comitatur,
1775 4169 1926 4212 cum
1956 4168 2150 4213 sensu
2180 4147 2364 4232 quasi
2403 4167 2606 4231 aquae
2635 4151 2910 4210 tanturn

690 4277 825 4318 non
854 4253 1125 4337 frigidae
1152 4252 1353 4337 partis
1395 4251 1662 4316 affectae
1705 4251 2099 4316 membranis
2139 4249 2400 4314 affusae.
2493 4249 2654 4313 Mox
2683 4247 2908 4331 sequi·-

690 4366 801 4420 tur
828 4357 1003 4439 rigor
1030 4378 1178 4421 cum
1208 4355 1471 4420 horrore
1500 4361 1565 4419 et
1597 4354 2067 4419 febricitatione
2097 4352 2378 4437 aliquali.
2441 4352 2643 4415 Dolor
2671 4357 2910 4414 autem

690 4460 797 4522 hic
826 4459 1033 4541 primo
1062 4459 1383 4524 remissior
1419 4459 1738 4542 gradatim
1768 4457 2151 4536 intenditur,
2189 4458 2278 4540 (et
2321 4454 2460 4540 pari
2498 4474 2689 4538 passu
2719 4453 2912 4536 rigor
