3138 5006
717 269 1318 336 mssERTATIo
1362 272 2026 339 EPIsToLARIS.·
2149 251 2151 255 ’
2313 277 2446 349 355

244 430 485 517 plantis
544 431 963 515 applicitum.·
1053 432 1247 497 Quod
1306 433 1529 499 allium
1602 456 1823 499 revera
1879 436 2182 516 atnahat,
2234 436 2556 527 mani-‘Dt-¹
2579 451 2752 501 Vim..

246 534 485 603 festum
516 542 614 598 est
643 557 684 599 a
709 535 1002 599 vesiculis
1033 557 1191 618 quas
1227 557 1413 619 saepe
1458 537 1714 615 excitat,
1747 544 1813 603 et
1853 561 1892 602 a
1921 539 2138 605 dolore
2163 540 2276 605 illo
2305 562 2440 607 non
2467 517 2756 627 οξξὲἓξξ·

245 636 510 708 ferendo
540 658 733 719 quem
760 657 1231 720 nonnunquam
1266 638 1438 720 (licet
1466 640 1657 721 rar0,)
1693 640 1898 719 affert,
1931 642 2127 707 etiam
2169 664 2306 707 non
2333 664 2439 707 ex·
2465 648 2527 709 t'is
2549 615 2724 710 admo-⁶

248 739 460 804 citatis
506 738 819 816 vesiculis,
866 739 1170 804 humores
1217 740 1458 804 scilicet
1508 741 1580 803 in
1627 749 1840 825 partes
1882 744 2024 807 illas
2066 744 2440 833 invitando;
2465 728 2692 838 ζεὲἱῖᾝξξ,

245 840 421 906 unde
464 842 647 907 dolor
686 849 825 908 tam
865 842 1211 906 vehemens
1256 842 1641 928 quandoque
1685 851 1944 910 exortus
1989 856 2105 926 est,
2152 856 2228 913 ut
2271 856 2442 913 cata-
2469 855 2621 903 donee
2643 870 2724 903 ae-

246 942 559 1027 plasmate
602 965 639 1008 e
681 944 853 1008 mica
891 944 1075 1027 panis
1118 945 1503 1027 similaginei
1540 946 1614 1009 in
1647 946 1813 1011 lacte
1843 950 2008 1013 cocti
2037 949 2316 1014 eundem
2345 972 2442 1015 se-
2467 926 2736 1045 ξιῗιζῖξξ,

248 1045 399 1109 dare
422 1067 680 1110 necesse
701 1045 1060 1112 habuerim.
1120 1047 1206 1110 In
1229 1046 1465 1111 adultis
1494 1048 1714 1131 itaque
1744 1050 1856 1132 qui
1874 1052 2152 1117 Variolis
2181 1052 2441 1116 Conflu-
2469 1048 2593 1123 ⁸3&ss
2609 1050 2716 1097 fue-

248 1148 507 1213 entibus
543 1148 861 1227 laborant,
892 1148 1113 1211 allium
1143 1148 1437 1213 incisum
1466 1156 1532 1213 et
1571 1149 1774 1215 linteo
1810 1152 2176 1219 involutum
2203 1154 2442 1237 plantis
2467 1120 2547 1162 nt.

244 1250 485 1334 pedum
520 1250 857 1315 admovere
896 1250 1070 1314 soleo
1116 1272 1156 1314 a
1202 1250 1305 1314 die
1348 1258 1595 1331 octavo,
1633 1252 1706 1319 in
1750 1276 1877 1337 quo
1919 1255 2200 1338 primum
2246 1257 2444 1321 facies

244 1354 639 1432 intumescit,
676 1352 882 1417 donec
914 1354 1051 1437 jam
1090 1352 1355 1416 morbus
1393 1354 1678 1437 periculo
1714 1358 1895 1421 omni
1928 1364 2132 1441 vacet,
2174 1360 2444 1443 singulis

246 1455 473 1520 diebus
500 1456 967 1523 renovandum.

244 1628 253 1635 ,
344 1560 455 1643 [45
463 1561 509 1644 .]
562 1561 797 1643 Neque
817 1560 1079 1624 interim
1100 1560 1276 1625 istud
1295 1561 1456 1626 mihi
1475 1562 2017 1644 praetereundum
2037 1570 2154 1643 est,
2180 1586 2446 1649 aegrum
2471 1574 2648 1623 Diaeta
2668 1589 2754 1638 per

246 1664 489 1728 scilicet
527 1686 568 1727 a
604 1663 905 1727 carnibus
946 1662 1224 1728 durante
1261 1663 1489 1729 morbo
1518 1664 1868 1728 arcendum
1899 1664 2164 1730 omnino
2193 1687 2348 1745 esse,
2381 1674 2445 1733 et
2469 1646 2628 1751 ssfflffi
2651 1704 2735 1751 de-

242 1767 613 1833 cerevisiam
655 1767 1017 1851 lupulatam
1059 1787 1329 1849 eamque
1367 1768 1816 1832 tenuissimam
1852 1774 2112 1833 tantum
2141 1790 2258 1852 pro
2286 1777 2448 1853 potu
2471 1783 2690 1815 cursum.

245 1869 743 1941 concedendam.
835 1870 878 1935 J
878 1868 1118 1933 usculis
1148 1868 1497 1947 avenaceiS,
1526 1868 1734 1952 pomis
1764 1869 1981 1946 coctiS‚
2013 1875 2080 1933 et
2107 1869 2247 1952 jam
2277 1870 2450 1935 dicta

242 1973 565 2051 cerevisia,
590 1971 1105 2037 commodissime
1135 1972 1387 2035 interea
1412 1970 1613 2033 vitam
1643 1969 1964 2035 tolerabit.
2051 1969 2145 2034 At
2172 1992 2320 2035 vero
2351 1972 2447 2035 in·
2474 1990 2618 2047 vino,
2642 1990 2720 2037 in-

238 2082 461 2147 stante
506 2076 643 2159 jam
689 2075 1143 2153 maturatione,
1191 2073 1308 2137 ubi
1348 2074 1703 2157 particulae
1753 2073 2138 2156 purulentae
2184 2074 2256 2137 in
2299 2096 2447 2139 san-
2473 2060 2755 2166 ζῇξῗοζΐ

243 2177 461 2259 guinis
490 2198 767 2240 massam
795 2176 1273 2259 regurgitantes
1314 2175 1582 2240 eandem
1611 2176 1765 2240 tabo
1804 2197 1920 2241 suo
1949 2175 2446 2259 inquinaverint,
2473 2182 2736 2245 indulgen-

240 2280 407 2343 utile
450 2280 575 2343 erit
620 2278 974 2343 cochlearia
1001 2279 1136 2342 vini
1179 2278 1422 2361 aliquot
1464 2278 1734 2361 singulis
1779 2278 2023 2343 auroris
2053 2285 2120 2345 et
2149 2280 2449 2345 noctibus
2475 2250 2608 2297 dum.

240 2402 438 2464 aegro
493 2381 853 2464 indulgere.
946 2381 1247 2463 Stragula
1298 2381 1474 2466 quod
1524 2380 1762 2447 attinet
1814 2388 1879 2445 et
1925 2381 2163 2446 lodices
2216 2382 2449 2465 quibus

236 2507 436 2568 aeger
469 2484 540 2549 in
573 2484 741 2550 lecto
784 2490 882 2549 est
917 2482 1377 2566 contegendus,
1418 2503 1636 2570 neque
1673 2484 1862 2568 plura
1904 2483 2036 2549 sint
2079 2484 2192 2549 illa
2235 2507 2448 2572 neque

237 2587 545 2671 pauciora
586 2607 784 2673 quam
806 2586 1055 2670 ‚quibus
1099 2607 1296 2650 sanus
1336 2584 1662 2652 utebatur.
1751 2584 1932 2651 Quin
1967 2593 2034 2651 et
2071 2586 2348 2653 liberum
2387 2590 2448 2652 ei
2476 2603 2685 2680 Sqdores

236 2691 347 2770 sit,
396 2691 647 2776 quoties
684 2688 977 2768 voluerit,
1009 2709 1077 2752 se
1120 2689 1202 2753 ab
1250 2688 1371 2752 hac
1413 2688 1487 2751 in
1527 2688 1711 2752 illam
1753 2688 1907 2753 lecti
1947 2697 2200 2773 partem
2236 2698 2446 2754 trans·
2473 2675 2726 2720 ementur.

234 2796 427 2874 ferre,
462 2816 589 2878 quo
627 2793 987 2878 praepediri
1024 2794 1272 2877 possint
1308 2793 1572 2856 sudores
1614 2793 1725 2856 isti
1762 2795 2256 2878 symptomatici,
2290 2818 2448 2879 quos

236 2918 436 2980 aegro
465 2917 715 2975 nocere,
748 2896 902 2960 satis
940 2896 1233 2979 (opinor,)
1270 2895 1447 2959 evici.
1536 2894 1786 2960 Eodem
1823 2902 2012 2978 pacto
2041 2896 2239 2962 etiam
2265 2919 2450 2980 prae-

228 3000 575 3066 cavebitur
612 2999 935 3063 efferatior
973 2999 1503 3063 exanthematum
1545 2997 1891 3081 phlogosis,
1935 2998 2144 3063 excita
2178 3021 2219 3063 a
2244 2999 2447 3064 nimio

228 3104 451 3168 calore
488 3123 681 3186 quem
717 3122 942 3166 carnes
987 3101 1379 3164 contrahunt
1420 3099 1670 3183 quoties
1711 3120 1901 3182 aeger
1942 3121 2192 3184 semper
2220 3101 2446 3166 eodem

232 3205 307 3270 in
336 3207 499 3283 1000,
533 3225 654 3268 ceu
679 3204 827 3287 palo
857 3204 1119 3282 defixus,
1144 3203 1339 3287 jacet.
1430 3203 1531 3266 De
1560 3201 1684 3265 hoc
1715 3209 1931 3266 autem
1961 3203 2117 3267 alias
2158 3203 2440 3288 [Observ.

227 3309 415 3371 Med.
448 3307 540 3370 iii.
572 3310 635 3370 2.
667 3307 775 3385 46,
808 3304 945 3389 5o.]
985 3305 1293 3388 prolixius
1324 3304 1618 3368 disserui.
2411 3299 2416 3304 ’

328 3410 502 3497 [46.]
559 3411 798 3474 Casum
845 3409 1311 3492 nuperrimum,
1364 3429 1485 3472 ceu
1536 3407 1862 3490 specimen
1905 3407 2198 3491 integrae
2247 3409 2441 3493 hujus
2469 3423 2626 3499 casus

230 3536 528 3600 praxeos,
562 3514 961 3577 subnectam.
1039 3512 1183 3575 Hac
1212 3511 1352 3594 ipsa
1377 3510 1606 3594 hyeme
1636 3531 1742 3573 me
1773 3510 2134 3574 accersebat
2161 3511 2444 3576 foemina
2464 3503 2629 3537 ‘⁸⁸⁰¹'

230 3616 495 3694 nobilis,
541 3615 825 3678 Domina
868 3614 1130 3690 Dacres,
1168 3619 1246 3676 ut
1299 3612 1624 3695 quendam
1667 3633 1859 3675 suum
1899 3620 2222 3695 nepotem,
2269 3615 2441 3678 1)ιωιῐι

230 3717 558 3782 Thomam
596 3717 829 3793 Cheut,
866 3721 1377 3798 temperamento
1420 3735 1732 3798 perquam
1775 3716 2130 3799 sanguineo
2167 3723 2234 3780 et
2269 3725 2442 3781 aeta-

227 3827 301 3884 te
346 3821 687 3883 florentem
731 3815 1031 3881 Medicus
1074 3837 1387 3880 curarem.
1479 3816 1695 3880 Pridie
1739 3824 2034 3900 coeperat
2077 3817 2440 3882 febricitare

226 3922 686 3997 vehementer3
755 3919 1091 3983 colluviem
1127 3918 1425 3981 biliosam
1460 3917 1531 3980 in
1566 3939 1806 4001 magna
1855 3919 2038 4001 copia
2081 3940 2198 4002 per
2239 3921 2438 3983 vomi-

227 4033 381 4089 tum
410 4021 740 4106 rejiciebat
756 4049 776 4100 5
824 4022 1085 4085 dorsum
1115 4019 1466 4104 plurimum
1505 4019 1783 4084 dolebat.
1875 4021 2001 4083 His
2043 4021 2229 4084 malis
2276 4022 2438 4085 sola·

222 4129 407 4191 tium
452 4145 762 4210 quaerens
806 4131 871 4188 et
914 4125 1225 4201 levamen,
1269 4122 1512 4186 lectum
1550 4123 1832 4206 petebat,
1867 4129 1932 4187 et
1960 4129 2106 4186 tum
2136 4125 2437 4206 stragulis

228 4229 585 4293 acervatim
627 4227 903 4310 injectis,
934 4233 1079 4290 tum
1116 4225 1337 4290 calidis
1378 4226 1724 4308 assumptis
1768 4224 2142 4308 liquoribus,
2171 4225 2437 4290 sudores

225 4352 350 4414 per
398 4330 571 4394 diem
608 4330 939 4412 integrum
983 4329 1160 4392 omni
1212 4349 1331 4411 ope
1378 4327 1783 4404 sollicitabat,
1827 4327 1939 4390 sed
1982 4326 2240 4404 frustra,
2287 4348 2436 4391 cum

225 4439 425 4496 tanta
469 4431 550 4496 ad
594 4431 982 4497 vomendum
1013 4431 1395 4515 proclivitaS,
1438 4436 1503 4493 et
1534 4430 1657 4493 alvi
1686 4430 1916 4509 fluxus,
1946 4428 2096 4494 licet
2127 4429 2434 4507 modicus„
