<?xml version="1.0" encoding="UTF-8"?>
<!DOCTYPE html PUBLIC "-//W3C//DTD XHTML 1.0 Transitional//EN"
    "http://www.w3.org/TR/xhtml1/DTD/xhtml1-transitional.dtd">
<html xmlns="http://www.w3.org/1999/xhtml" xml:lang="en" lang="en">
 <head>
  <title>
</title>
<meta http-equiv="Content-Type" content="text/html;charset=utf-8" />
  <meta name='ocr-system' content='tesseract 3.04.00' />
  <meta name='ocr-capabilities' content='ocr_page ocr_carea ocr_par ocr_line ocrx_word'/>
</head>
<body>
  <div class='ocr_page' id='page_1' title='image "./operaomnia00khgoog_0225.png"; bbox 0 0 3138 5006; ppageno 0'>
   <div class='ocr_carea' id='block_1_1' title="bbox 698 287 2276 352">
    <p class='ocr_par' dir='ltr' id='par_1_1' title="bbox 698 287 2276 352">
     <span class='ocr_line' id='line_1_1' title="bbox 698 287 2276 352; baseline -0.001 0"><span class='ocrx_word' id='word_1_1' title='bbox 698 292 825 352; x_wconf 88' lang='grc'><strong>188</strong></span> <span class='ocrx_word' id='word_1_2' title='bbox 1318 288 1708 352; x_wconf 87' lang='grc' dir='ltr'><strong>ΤΗΟΜΑΕ</strong></span> <span class='ocrx_word' id='word_1_3' title='bbox 1759 287 2276 352; x_wconf 88' lang='lat' dir='ltr'>SYDENHAM</span> 
     </span>
    </p>
   </div>
   <div class='ocr_carea' id='block_1_2' title="bbox 392 438 2914 1636">
    <p class='ocr_par' dir='ltr' id='par_1_2' title="bbox 392 438 2914 1039">
     <span class='ocr_line' id='line_1_2' title="bbox 392 438 2908 526; baseline -0.005 -13"><span class='ocrx_word' id='word_1_4' title='bbox 392 465 667 512; x_wconf 64' lang='lat' dir='ltr'><strong>Monam</strong></span> <span class='ocrx_word' id='word_1_5' title='bbox 696 449 763 508; x_wconf 88' lang='lat' dir='ltr'><strong>et</strong></span> <span class='ocrx_word' id='word_1_6' title='bbox 805 441 1305 520; x_wconf 86' lang='lat' dir='ltr'><strong>medicamentis,</strong></span> <span class='ocrx_word' id='word_1_7' title='bbox 1352 462 1515 526; x_wconf 90' lang='lat' dir='ltr'><strong>quae</strong></span> <span class='ocrx_word' id='word_1_8' title='bbox 1568 441 1722 506; x_wconf 86' lang='lat' dir='ltr'><strong>satis</strong></span> <span class='ocrx_word' id='word_1_9' title='bbox 1764 441 1970 504; x_wconf 89' lang='lat' dir='ltr'><strong>multa</strong></span> <span class='ocrx_word' id='word_1_10' title='bbox 2009 447 2444 523; x_wconf 78' lang='lat' dir='ltr'><strong>usurpaverat,</strong></span> <span class='ocrx_word' id='word_1_11' title='bbox 2493 438 2908 503; x_wconf 78' lang='lat' dir='ltr'><strong>calidioribus</strong></span> 
     </span>
     <span class='ocr_line' id='line_1_3' title="bbox 393 529 2912 627; baseline -0.002 -17"><span class='ocrx_word' id='word_1_12' title='bbox 393 531 541 578; x_wconf 71' lang='lat' dir='ltr'><strong>Anm</strong></span> <span class='ocrx_word' id='word_1_13' title='bbox 574 529 673 580; x_wconf 81' lang='lat'><strong>&#39;⁷⁰‘</strong></span> <span class='ocrx_word' id='word_1_14' title='bbox 697 546 823 610; x_wconf 88' lang='lat' dir='ltr'><strong>ista</strong></span> <span class='ocrx_word' id='word_1_15' title='bbox 892 544 1111 608; x_wconf 89' lang='lat' dir='ltr'><strong>omnia</strong></span> <span class='ocrx_word' id='word_1_16' title='bbox 1165 545 1533 623; x_wconf 81' lang='lat' dir='ltr'><strong>tribuerem,</strong></span> <span class='ocrx_word' id='word_1_17' title='bbox 1595 543 1974 627; x_wconf 85' lang='lat' dir='ltr'><strong>sanguinem</strong></span> <span class='ocrx_word' id='word_1_18' title='bbox 2023 565 2060 607; x_wconf 92' lang='lat' dir='ltr'><strong>e</strong></span> <span class='ocrx_word' id='word_1_19' title='bbox 2115 543 2377 607; x_wconf 86' lang='lat' dir='ltr'><strong>brachio</strong></span> <span class='ocrx_word' id='word_1_20' title='bbox 2435 541 2912 606; x_wconf 85' lang='lat' dir='ltr'><strong>extrahendum</strong></span> 
     </span>
     <span class='ocr_line' id='line_1_4' title="bbox 699 646 2914 762; baseline -0.002 -49"><span class='ocrx_word' id='word_1_21' title='bbox 699 647 933 728; x_wconf 84' lang='lat' dir='ltr'><strong>curavi,</strong></span> <span class='ocrx_word' id='word_1_22' title='bbox 993 655 1061 712; x_wconf 87' lang='lat' dir='ltr'><strong>et</strong></span> <span class='ocrx_word' id='word_1_23' title='bbox 1115 647 1435 732; x_wconf 78' lang='lat' dir='ltr'><strong>ptisanam</strong></span> <span class='ocrx_word' id='word_1_24' title='bbox 1490 648 1877 762; x_wconf 81' lang='lat' dir='ltr'><strong>pectoralem</strong></span> <span class='ocrx_word' id='word_1_25' title='bbox 1931 655 2121 730; x_wconf 87' lang='lat' dir='ltr'><strong>atque</strong></span> <span class='ocrx_word' id='word_1_26' title='bbox 2169 646 2657 760; x_wconf 79' lang='lat' dir='ltr'><strong>refrigerantem</strong></span> <span class='ocrx_word' id='word_1_27' title='bbox 2715 666 2914 728; x_wconf 81' lang='lat' dir='ltr'><strong>saepe</strong></span> 
     </span>
     <span class='ocr_line' id='line_1_5' title="bbox 700 747 2912 835; baseline -0.003 -20"><span class='ocrx_word' id='word_1_28' title='bbox 700 750 1151 816; x_wconf 80' lang='lat' dir='ltr'><strong>assumendam</strong></span> <span class='ocrx_word' id='word_1_29' title='bbox 1206 749 1598 835; x_wconf 85' lang='lat' dir='ltr'><strong>praescripsi,</strong></span> <span class='ocrx_word' id='word_1_30' title='bbox 1661 771 1932 834; x_wconf 90' lang='lat' dir='ltr'><strong>quorum</strong></span> <span class='ocrx_word' id='word_1_31' title='bbox 1991 770 2130 833; x_wconf 92' lang='lat' dir='ltr'><strong>ope,</strong></span> <span class='ocrx_word' id='word_1_32' title='bbox 2189 754 2257 813; x_wconf 92' lang='lat' dir='ltr'><strong>et</strong></span> <span class='ocrx_word' id='word_1_33' title='bbox 2314 747 2644 831; x_wconf 84' lang='lat' dir='ltr'><strong>regiminis</strong></span> <span class='ocrx_word' id='word_1_34' title='bbox 2710 747 2912 809; x_wconf 88' lang='lat' dir='ltr'><strong>simul</strong></span> 
     </span>
     <span class='ocr_line' id='line_1_6' title="bbox 703 850 2913 937; baseline -0.002 -20"><span class='ocrx_word' id='word_1_35' title='bbox 703 851 1190 937; x_wconf 83' lang='lat' dir='ltr'><strong>temperatioris,</strong></span> <span class='ocrx_word' id='word_1_36' title='bbox 1256 859 1323 917; x_wconf 92' lang='lat' dir='ltr'><strong>et</strong></span> <span class='ocrx_word' id='word_1_37' title='bbox 1385 853 1676 916; x_wconf 85' lang='lat' dir='ltr'><strong>maculae</strong></span> <span class='ocrx_word' id='word_1_38' title='bbox 1743 858 1934 934; x_wconf 89' lang='lat' dir='ltr'><strong>atque</strong></span> <span class='ocrx_word' id='word_1_39' title='bbox 1998 851 2124 915; x_wconf 91' lang='lat' dir='ltr'><strong>alia</strong></span> <span class='ocrx_word' id='word_1_40' title='bbox 2187 850 2406 914; x_wconf 79' lang='lat' dir='ltr'><strong>omnia</strong></span> <span class='ocrx_word' id='word_1_41' title='bbox 2471 855 2913 934; x_wconf 79' lang='lat' dir='ltr'><strong>symptomata</strong></span> 
     </span>
     <span class='ocr_line' id='line_1_7' title="bbox 700 955 1614 1039; baseline 0 -20"><span class='ocrx_word' id='word_1_42' title='bbox 700 955 1101 1039; x_wconf 85' lang='lat' dir='ltr'><strong>pedetentim</strong></span> <span class='ocrx_word' id='word_1_43' title='bbox 1130 955 1614 1019; x_wconf 86' lang='lat' dir='ltr'><strong>evanescebant.</strong></span> 
     </span>
    </p>

    <p class='ocr_par' dir='ltr' id='par_1_3' title="bbox 700 1053 2912 1636">
     <span class='ocr_line' id='line_1_8' title="bbox 800 1053 2904 1142; baseline -0.002 -22"><span class='ocrx_word' id='word_1_44' title='bbox 800 1058 964 1142; x_wconf 93' lang='lat'><strong>[10.]</strong></span> <span class='ocrx_word' id='word_1_45' title='bbox 1008 1057 1211 1122; x_wconf 88' lang='lat' dir='ltr'><strong>Hicce</strong></span> <span class='ocrx_word' id='word_1_46' title='bbox 1230 1058 1511 1136; x_wconf 86' lang='lat' dir='ltr'><strong>morbus,</strong></span> <span class='ocrx_word' id='word_1_47' title='bbox 1534 1077 1758 1121; x_wconf 87' lang='lat' dir='ltr'><strong>mense</strong></span> <span class='ocrx_word' id='word_1_48' title='bbox 1781 1057 1824 1120; x_wconf 87' lang='lat' dir='ltr'><strong>J</strong></span> <span class='ocrx_word' id='word_1_49' title='bbox 1827 1078 2089 1120; x_wconf 78' lang='lat' dir='ltr'><strong>anuario</strong></span> <span class='ocrx_word' id='word_1_50' title='bbox 2113 1057 2208 1138; x_wconf 90' lang='lat' dir='ltr'><strong>(ut</strong></span> <span class='ocrx_word' id='word_1_51' title='bbox 2249 1056 2317 1142; x_wconf 58' lang='grc' dir='ltr'><strong>[ᾧ</strong></span> <span class='ocrx_word' id='word_1_52' title='bbox 2352 1055 2442 1138; x_wconf 87' lang='grc'><strong>1.]</strong></span> <span class='ocrx_word' id='word_1_53' title='bbox 2485 1053 2734 1118; x_wconf 89' lang='lat' dir='ltr'><strong>dictum</strong></span> <span class='ocrx_word' id='word_1_54' title='bbox 2755 1053 2904 1134; x_wconf 89' lang='lat' dir='ltr'><strong>est‚)</strong></span> 
     </span>
     <span class='ocr_line' id='line_1_9' title="bbox 700 1158 2910 1244; baseline -0.002 -20"><span class='ocrx_word' id='word_1_55' title='bbox 700 1168 913 1240; x_wconf 88' lang='lat' dir='ltr'><strong>natus,</strong></span> <span class='ocrx_word' id='word_1_56' title='bbox 938 1160 1019 1224; x_wconf 87' lang='lat' dir='ltr'><strong>ad</strong></span> <span class='ocrx_word' id='word_1_57' title='bbox 1048 1159 1519 1244; x_wconf 86' lang='lat' dir='ltr'><strong>aequinoctium</strong></span> <span class='ocrx_word' id='word_1_58' title='bbox 1547 1181 1749 1243; x_wconf 89' lang='lat' dir='ltr'><strong>usque</strong></span> <span class='ocrx_word' id='word_1_59' title='bbox 1777 1181 2047 1224; x_wconf 87' lang='lat' dir='ltr'><strong>vernum</strong></span> <span class='ocrx_word' id='word_1_60' title='bbox 2075 1160 2396 1224; x_wconf 88' lang='lat' dir='ltr'><strong>crescebat</strong></span> <span class='ocrx_word' id='word_1_61' title='bbox 2423 1158 2666 1235; x_wconf 82' lang='lat' dir='ltr'><strong>indies3</strong></span> <span class='ocrx_word' id='word_1_62' title='bbox 2711 1178 2752 1219; x_wconf 87' lang='lat' dir='ltr'><strong>a</strong></span> <span class='ocrx_word' id='word_1_63' title='bbox 2778 1177 2910 1239; x_wconf 89' lang='lat' dir='ltr'><strong>quo</strong></span> 
     </span>
     <span class='ocr_line' id='line_1_10' title="bbox 701 1258 2912 1346; baseline -0.003 -19"><span class='ocrx_word' id='word_1_64' title='bbox 701 1272 1009 1346; x_wconf 89' lang='lat' dir='ltr'><strong>tempore,</strong></span> <span class='ocrx_word' id='word_1_65' title='bbox 1027 1262 1369 1326; x_wconf 86' lang='lat' dir='ltr'><strong>imminuta</strong></span> <span class='ocrx_word' id='word_1_66' title='bbox 1386 1263 1701 1346; x_wconf 85' lang='lat' dir='ltr'><strong>paulatim</strong></span> <span class='ocrx_word' id='word_1_67' title='bbox 1721 1261 1802 1340; x_wconf 85' lang='lat' dir='ltr'><strong>vi,</strong></span> <span class='ocrx_word' id='word_1_68' title='bbox 1821 1262 2111 1346; x_wconf 87' lang='lat' dir='ltr'><strong>sequenti</strong></span> <span class='ocrx_word' id='word_1_69' title='bbox 2133 1263 2176 1326; x_wconf 87' lang='lat' dir='ltr'><strong>J</strong></span> <span class='ocrx_word' id='word_1_70' title='bbox 2179 1262 2306 1325; x_wconf 89' lang='lat' dir='ltr'><strong>ulio</strong></span> <span class='ocrx_word' id='word_1_71' title='bbox 2326 1261 2516 1345; x_wconf 91' lang='lat' dir='ltr'><strong>plane</strong></span> <span class='ocrx_word' id='word_1_72' title='bbox 2539 1258 2726 1322; x_wconf 87' lang='lat' dir='ltr'><strong>desiit</strong></span> <span class='ocrx_word' id='word_1_73' title='bbox 2731 1285 2753 1336; x_wconf 76' lang='lat'>3</span> <span class='ocrx_word' id='word_1_74' title='bbox 2783 1278 2912 1321; x_wconf 89' lang='lat' dir='ltr'><strong>nec</strong></span> 
     </span>
     <span class='ocr_line' id='line_1_11' title="bbox 702 1361 2908 1450; baseline -0.003 -20"><span class='ocrx_word' id='word_1_75' title='bbox 702 1373 801 1430; x_wconf 86' lang='lat' dir='ltr'><strong>est</strong></span> <span class='ocrx_word' id='word_1_76' title='bbox 828 1387 1115 1429; x_wconf 88' lang='lat' dir='ltr'><strong>reversus</strong></span> <span class='ocrx_word' id='word_1_77' title='bbox 1142 1387 1257 1450; x_wconf 86' lang='lat' dir='ltr'><strong>per</strong></span> <span class='ocrx_word' id='word_1_78' title='bbox 1279 1388 1500 1431; x_wconf 90' lang='lat' dir='ltr'><strong>omnes</strong></span> <span class='ocrx_word' id='word_1_79' title='bbox 1530 1388 1735 1430; x_wconf 89' lang='lat' dir='ltr'><strong>annos</strong></span> <span class='ocrx_word' id='word_1_80' title='bbox 1757 1367 1988 1450; x_wconf 87' lang='lat' dir='ltr'><strong>quibus</strong></span> <span class='ocrx_word' id='word_1_81' title='bbox 2016 1366 2174 1429; x_wconf 88' lang='lat' dir='ltr'><strong>haec</strong></span> <span class='ocrx_word' id='word_1_82' title='bbox 2197 1363 2586 1429; x_wconf 88' lang='lat' dir='ltr'><strong>Constitutio</strong></span> <span class='ocrx_word' id='word_1_83' title='bbox 2615 1361 2908 1426; x_wconf 88' lang='lat' dir='ltr'><strong>domina-</strong></span> 
     </span>
     <span class='ocr_line' id='line_1_12' title="bbox 702 1465 2910 1553; baseline -0.002 -21"><span class='ocrx_word' id='word_1_84' title='bbox 702 1469 913 1548; x_wconf 88' lang='lat' dir='ltr'><strong>batur,</strong></span> <span class='ocrx_word' id='word_1_85' title='bbox 958 1469 1083 1532; x_wconf 90' lang='lat' dir='ltr'><strong>nisi</strong></span> <span class='ocrx_word' id='word_1_86' title='bbox 1128 1470 1297 1553; x_wconf 91' lang='lat' dir='ltr'><strong>quod</strong></span> <span class='ocrx_word' id='word_1_87' title='bbox 1346 1470 1711 1553; x_wconf 86' lang='lat' dir='ltr'><strong>insequenti</strong></span> <span class='ocrx_word' id='word_1_88' title='bbox 1752 1491 1898 1534; x_wconf 85' lang='lat' dir='ltr'><strong>vere</strong></span> <span class='ocrx_word' id='word_1_89' title='bbox 1936 1468 2299 1532; x_wconf 79' lang='lat' dir='ltr'><strong>nonnullibi</strong></span> <span class='ocrx_word' id='word_1_90' title='bbox 2333 1467 2504 1551; x_wconf 88' lang='lat' dir='ltr'><strong>(licet</strong></span> <span class='ocrx_word' id='word_1_91' title='bbox 2549 1465 2800 1546; x_wconf 85' lang='lat' dir='ltr'><strong>rarius,)</strong></span> <span class='ocrx_word' id='word_1_92' title='bbox 2839 1485 2910 1527; x_wconf 89' lang='lat' dir='ltr'><strong>se</strong></span> 
     </span>
     <span class='ocr_line' id='line_1_13' title="bbox 705 1571 2262 1636; baseline -0.001 -1"><span class='ocrx_word' id='word_1_93' title='bbox 705 1572 1089 1636; x_wconf 87' lang='lat' dir='ltr'><strong>ostenderet.</strong></span> <span class='ocrx_word' id='word_1_94' title='bbox 1179 1573 1281 1636; x_wconf 90' lang='lat' dir='ltr'><strong>De</strong></span> <span class='ocrx_word' id='word_1_95' title='bbox 1308 1572 1631 1636; x_wconf 89' lang='lat' dir='ltr'><strong>Morbillis</strong></span> <span class='ocrx_word' id='word_1_96' title='bbox 1658 1572 1818 1636; x_wconf 84' lang='lat' dir='ltr'><strong>haec</strong></span> <span class='ocrx_word' id='word_1_97' title='bbox 1847 1571 2020 1635; x_wconf 90' lang='lat' dir='ltr'><strong>dicta</strong></span> <span class='ocrx_word' id='word_1_98' title='bbox 2047 1577 2262 1634; x_wconf 90' lang='lat' dir='ltr'><strong>sunto.</strong></span> 
     </span>
    </p>
   </div>
   <div class='ocr_carea' id='block_1_3' title="bbox 413 600 674 608">
    <p class='ocr_par' dir='ltr' id='par_1_4' title="bbox 413 600 674 608">
     <span class='ocr_line' id='line_1_14' title="bbox 413 600 674 608; baseline 0 0"><span class='ocrx_word' id='word_1_99' title='bbox 413 600 674 608; x_wconf 95' lang='lat' dir='ltr'><strong> </strong></span> 
     </span>
    </p>
   </div>
   <div class='ocr_carea' id='block_1_4' title="bbox 1618 1849 2011 1914">
    <p class='ocr_par' dir='ltr' id='par_1_5' title="bbox 1618 1849 2011 1914">
     <span class='ocr_line' id='line_1_15' title="bbox 1618 1849 2011 1914; baseline -0.003 0"><span class='ocrx_word' id='word_1_100' title='bbox 1618 1849 1810 1914; x_wconf 91' lang='lat' dir='ltr'><strong>CAP.</strong></span> <span class='ocrx_word' id='word_1_101' title='bbox 1857 1850 2011 1914; x_wconf 76' lang='lat' dir='ltr'><strong>VLe</strong></span> 
     </span>
    </p>
   </div>
   <div class='ocr_carea' id='block_1_5' title="bbox 960 2034 2656 2114">
    <p class='ocr_par' dir='ltr' id='par_1_6' title="bbox 960 2034 2656 2114">
     <span class='ocr_line' id='line_1_16' title="bbox 960 2034 2656 2114; baseline 0 -16"><span class='ocrx_word' id='word_1_102' title='bbox 960 2037 1249 2098; x_wconf 82' lang='lat' dir='ltr'><strong>Variolae</strong></span> <span class='ocrx_word' id='word_1_103' title='bbox 1280 2035 1624 2098; x_wconf 82' lang='lat' dir='ltr'><strong>Anomalae</strong></span> <span class='ocrx_word' id='word_1_104' title='bbox 1654 2034 1986 2098; x_wconf 76' lang='lat' dir='ltr'><strong>annorumf</strong></span> <span class='ocrx_word' id='word_1_105' title='bbox 2013 2035 2202 2114; x_wconf 92' lang='grc'><strong>1670,</strong></span> <span class='ocrx_word' id='word_1_106' title='bbox 2239 2035 2426 2114; x_wconf 92' lang='grc'><strong>1671,</strong></span> <span class='ocrx_word' id='word_1_107' title='bbox 2465 2035 2656 2101; x_wconf 85' lang='grc'><strong>1672.</strong></span> 
     </span>
    </p>
   </div>
   <div class='ocr_carea' id='block_1_6' title="bbox 699 2194 2910 4430">
    <p class='ocr_par' dir='ltr' id='par_1_7' title="bbox 699 2194 2910 4430">
     <span class='ocr_line' id='line_1_17' title="bbox 790 2194 2902 2282; baseline -0.002 -21"><span class='ocrx_word' id='word_1_108' title='bbox 790 2198 1152 2262; x_wconf 64' lang='lat' dir='ltr'><strong>Moluium</strong></span> <span class='ocrx_word' id='word_1_109' title='bbox 1183 2197 1491 2281; x_wconf 87' lang='lat' dir='ltr'><strong>praedicti</strong></span> <span class='ocrx_word' id='word_1_110' title='bbox 1525 2198 1718 2281; x_wconf 89' lang='lat' dir='ltr'><strong>(quod</strong></span> <span class='ocrx_word' id='word_1_111' title='bbox 1739 2197 1877 2281; x_wconf 88' lang='lat' dir='ltr'><strong>jam</strong></span> <span class='ocrx_word' id='word_1_112' title='bbox 1907 2218 2100 2282; x_wconf 88' lang='lat' dir='ltr'><strong>supra</strong></span> <span class='ocrx_word' id='word_1_113' title='bbox 2139 2197 2221 2280; x_wconf 92' lang='lat' dir='ltr'><strong>[c.</strong></span> <span class='ocrx_word' id='word_1_114' title='bbox 2249 2199 2307 2260; x_wconf 91' lang='lat'><strong>1.</strong></span> <span class='ocrx_word' id='word_1_115' title='bbox 2337 2196 2489 2282; x_wconf 51' lang='lat'><strong>§43</strong></span> <span class='ocrx_word' id='word_1_116' title='bbox 2522 2194 2902 2276; x_wconf 87' lang='lat' dir='ltr'><strong>innuimus,)</strong></span> 
     </span>
     <span class='ocr_line' id='line_1_18' title="bbox 703 2299 2904 2384; baseline -0.001 -20"><span class='ocrx_word' id='word_1_117' title='bbox 703 2301 1108 2364; x_wconf 84' lang='lat' dir='ltr'><strong>Variolarum</strong></span> <span class='ocrx_word' id='word_1_118' title='bbox 1128 2300 1402 2383; x_wconf 89' lang='lat' dir='ltr'><strong>speciem</strong></span> <span class='ocrx_word' id='word_1_119' title='bbox 1420 2301 1502 2365; x_wconf 91' lang='lat' dir='ltr'><strong>ab</strong></span> <span class='ocrx_word' id='word_1_120' title='bbox 1520 2301 1632 2364; x_wconf 88' lang='lat' dir='ltr'><strong>illa</strong></span> <span class='ocrx_word' id='word_1_121' title='bbox 1653 2322 1844 2384; x_wconf 86' lang='lat' dir='ltr'><strong>quam</strong></span> <span class='ocrx_word' id='word_1_122' title='bbox 1862 2307 2318 2384; x_wconf 82' lang='lat' dir='ltr'><strong>propagaverat</strong></span> <span class='ocrx_word' id='word_1_123' title='bbox 2334 2299 2709 2364; x_wconf 88' lang='lat' dir='ltr'><strong>constitutio</strong></span> <span class='ocrx_word' id='word_1_124' title='bbox 2725 2319 2904 2381; x_wconf 88' lang='lat' dir='ltr'><strong>prae-</strong></span> 
     </span>
     <span class='ocr_line' id='line_1_19' title="bbox 704 2401 2907 2483; baseline -0.001 -17"><span class='ocrx_word' id='word_1_125' title='bbox 704 2403 936 2466; x_wconf 88' lang='lat' dir='ltr'><strong>cedens</strong></span> <span class='ocrx_word' id='word_1_126' title='bbox 966 2403 1276 2466; x_wconf 89' lang='lat' dir='ltr'><strong>diversam</strong></span> <span class='ocrx_word' id='word_1_127' title='bbox 1309 2402 1827 2481; x_wconf 87' lang='lat' dir='ltr'><strong>introducebant,</strong></span> <span class='ocrx_word' id='word_1_128' title='bbox 1859 2402 2084 2466; x_wconf 89' lang='lat' dir='ltr'><strong>eodem</strong></span> <span class='ocrx_word' id='word_1_129' title='bbox 2109 2402 2245 2466; x_wconf 91' lang='lat' dir='ltr'><strong>fere</strong></span> <span class='ocrx_word' id='word_1_130' title='bbox 2273 2423 2422 2465; x_wconf 86' lang='lat' dir='ltr'><strong>cum</strong></span> <span class='ocrx_word' id='word_1_131' title='bbox 2451 2401 2575 2464; x_wconf 88' lang='lat' dir='ltr'><strong>illis</strong></span> <span class='ocrx_word' id='word_1_132' title='bbox 2613 2407 2907 2483; x_wconf 88' lang='lat' dir='ltr'><strong>tempore</strong></span> 
     </span>
     <span class='ocr_line' id='line_1_20' title="bbox 702 2503 2906 2589; baseline -0 -21"><span class='ocrx_word' id='word_1_133' title='bbox 702 2505 1191 2589; x_wconf 83' lang='lat' dir='ltr'><strong>ingredientem,</strong></span> <span class='ocrx_word' id='word_1_134' title='bbox 1240 2506 1446 2587; x_wconf 90' lang='lat' dir='ltr'><strong>(initio</strong></span> <span class='ocrx_word' id='word_1_135' title='bbox 1490 2506 1730 2570; x_wconf 92' lang='lat' dir='ltr'><strong>scilicet</strong></span> <span class='ocrx_word' id='word_1_136' title='bbox 1774 2507 1817 2570; x_wconf 87' lang='lat' dir='ltr'><strong>J</strong></span> <span class='ocrx_word' id='word_1_137' title='bbox 1819 2506 2085 2584; x_wconf 89' lang='lat' dir='ltr'><strong>anuarii,</strong></span> <span class='ocrx_word' id='word_1_138' title='bbox 2135 2507 2420 2571; x_wconf 91' lang='grc'><strong>1669-70</strong></span> <span class='ocrx_word' id='word_1_139' title='bbox 2436 2506 2480 2588; x_wconf 79' lang='lat'><strong>3)</strong></span> <span class='ocrx_word' id='word_1_140' title='bbox 2531 2525 2714 2588; x_wconf 86' lang='lat' dir='ltr'><strong>quae,</strong></span> <span class='ocrx_word' id='word_1_141' title='bbox 2755 2503 2906 2567; x_wconf 86' lang='lat' dir='ltr'><strong>licet</strong></span> 
     </span>
     <span class='ocr_line' id='line_1_21' title="bbox 701 2606 2910 2692; baseline -0.001 -21"><span class='ocrx_word' id='word_1_142' title='bbox 701 2630 837 2672; x_wconf 90' lang='lat' dir='ltr'><strong>non</strong></span> <span class='ocrx_word' id='word_1_143' title='bbox 867 2629 1063 2691; x_wconf 86' lang='lat' dir='ltr'><strong>usque</strong></span> <span class='ocrx_word' id='word_1_144' title='bbox 1095 2608 1253 2672; x_wconf 87' lang='lat' dir='ltr'><strong>adeo</strong></span> <span class='ocrx_word' id='word_1_145' title='bbox 1289 2608 1641 2692; x_wconf 88' lang='lat' dir='ltr'><strong>epidemica</strong></span> <span class='ocrx_word' id='word_1_146' title='bbox 1678 2617 1868 2692; x_wconf 92' lang='lat' dir='ltr'><strong>atque</strong></span> <span class='ocrx_word' id='word_1_147' title='bbox 1906 2608 2028 2691; x_wconf 90' lang='lat' dir='ltr'><strong>ipsi</strong></span> <span class='ocrx_word' id='word_1_148' title='bbox 2061 2608 2358 2687; x_wconf 87' lang='lat' dir='ltr'><strong>morbilli,</strong></span> <span class='ocrx_word' id='word_1_149' title='bbox 2385 2606 2642 2671; x_wconf 87' lang='lat' dir='ltr'><strong>eosdem</strong></span> <span class='ocrx_word' id='word_1_150' title='bbox 2681 2613 2910 2670; x_wconf 88' lang='lat' dir='ltr'><strong>tamen</strong></span> 
     </span>
     <span class='ocr_line' id='line_1_22' title="bbox 702 2709 2908 2794; baseline -0.001 -20"><span class='ocrx_word' id='word_1_151' title='bbox 702 2710 1129 2774; x_wconf 87' lang='lat' dir='ltr'><strong>comitabatur</strong></span> <span class='ocrx_word' id='word_1_152' title='bbox 1149 2731 1263 2794; x_wconf 91' lang='lat' dir='ltr'><strong>per</strong></span> <span class='ocrx_word' id='word_1_153' title='bbox 1285 2731 1477 2773; x_wconf 91' lang='lat' dir='ltr'><strong>omne</strong></span> <span class='ocrx_word' id='word_1_154' title='bbox 1505 2710 1668 2773; x_wconf 91' lang='lat' dir='ltr'><strong>illud</strong></span> <span class='ocrx_word' id='word_1_155' title='bbox 1696 2718 1948 2793; x_wconf 88' lang='lat' dir='ltr'><strong>tempus</strong></span> <span class='ocrx_word' id='word_1_156' title='bbox 1979 2731 2102 2792; x_wconf 92' lang='lat' dir='ltr'><strong>quo</strong></span> <span class='ocrx_word' id='word_1_157' title='bbox 2132 2709 2662 2783; x_wconf 84' lang='lat' dir='ltr'><strong>dominabantur3</strong></span> <span class='ocrx_word' id='word_1_158' title='bbox 2711 2714 2908 2791; x_wconf 86' lang='lat' dir='ltr'><strong>atque</strong></span> 
     </span>
     <span class='ocr_line' id='line_1_23' title="bbox 701 2810 2906 2895; baseline 0 -20"><span class='ocrx_word' id='word_1_159' title='bbox 701 2813 778 2876; x_wconf 89' lang='lat' dir='ltr'><strong>iis</strong></span> <span class='ocrx_word' id='word_1_160' title='bbox 808 2813 1003 2877; x_wconf 89' lang='lat' dir='ltr'><strong>etiam</strong></span> <span class='ocrx_word' id='word_1_161' title='bbox 1022 2813 1484 2892; x_wconf 88' lang='lat' dir='ltr'><strong>fatiscentibus,</strong></span> <span class='ocrx_word' id='word_1_162' title='bbox 1508 2834 1624 2895; x_wconf 90' lang='lat' dir='ltr'><strong>per</strong></span> <span class='ocrx_word' id='word_1_163' title='bbox 1651 2812 1938 2876; x_wconf 89' lang='lat' dir='ltr'><strong>residuos</strong></span> <span class='ocrx_word' id='word_1_164' title='bbox 1964 2812 2158 2895; x_wconf 87' lang='lat' dir='ltr'><strong>hujus</strong></span> <span class='ocrx_word' id='word_1_165' title='bbox 2181 2810 2669 2876; x_wconf 77' lang='lat' dir='ltr'><strong>constitutionis</strong></span> <span class='ocrx_word' id='word_1_166' title='bbox 2699 2832 2906 2875; x_wconf 84' lang='lat' dir='ltr'><strong>annos</strong></span> 
     </span>
     <span class='ocr_line' id='line_1_24' title="bbox 702 2913 2906 3001; baseline -0.002 -21"><span class='ocrx_word' id='word_1_167' title='bbox 702 2915 1164 3001; x_wconf 88' lang='lat' dir='ltr'><strong>perseverabat.</strong></span> <span class='ocrx_word' id='word_1_168' title='bbox 1218 2915 1618 3000; x_wconf 89' lang='lat' dir='ltr'><strong>Dysenteriis</strong></span> <span class='ocrx_word' id='word_1_169' title='bbox 1639 2916 2054 2979; x_wconf 88' lang='lat' dir='ltr'><strong>nihilominus</strong></span> <span class='ocrx_word' id='word_1_170' title='bbox 2083 2915 2319 2998; x_wconf 88' lang='lat' dir='ltr'><strong>primas</strong></span> <span class='ocrx_word' id='word_1_171' title='bbox 2348 2913 2758 2991; x_wconf 86' lang='lat' dir='ltr'><strong>concedebat,</strong></span> <span class='ocrx_word' id='word_1_172' title='bbox 2781 2913 2906 2977; x_wconf 87' lang='lat' dir='ltr'><strong>sub</strong></span> 
     </span>
     <span class='ocr_line' id='line_1_25' title="bbox 704 3016 2904 3102; baseline -0.002 -20"><span class='ocrx_word' id='word_1_173' title='bbox 704 3018 995 3102; x_wconf 87' lang='lat' dir='ltr'><strong>auspiciis</strong></span> <span class='ocrx_word' id='word_1_174' title='bbox 1036 3018 1329 3081; x_wconf 85' lang='lat' dir='ltr'><strong>autumni</strong></span> <span class='ocrx_word' id='word_1_175' title='bbox 1366 3018 1593 3081; x_wconf 90' lang='lat' dir='ltr'><strong>iisdem</strong></span> <span class='ocrx_word' id='word_1_176' title='bbox 1621 3018 1894 3081; x_wconf 85' lang='lat' dir='ltr'><strong>faventis</strong></span> <span class='ocrx_word' id='word_1_177' title='bbox 1924 3024 2116 3101; x_wconf 91' lang='lat' dir='ltr'><strong>atque</strong></span> <span class='ocrx_word' id='word_1_178' title='bbox 2145 3016 2526 3094; x_wconf 76' lang='lat' dir='ltr'><strong>amicissimi,</strong></span> <span class='ocrx_word' id='word_1_179' title='bbox 2557 3018 2904 3097; x_wconf 84' lang='lat' dir='ltr'><strong>grassanti-</strong></span> 
     </span>
     <span class='ocr_line' id='line_1_26' title="bbox 703 3117 2906 3203; baseline -0.001 -20"><span class='ocrx_word' id='word_1_180' title='bbox 703 3117 861 3197; x_wconf 86' lang='lat' dir='ltr'><strong>bus;</strong></span> <span class='ocrx_word' id='word_1_181' title='bbox 906 3121 1137 3203; x_wconf 86' lang='lat' dir='ltr'><strong>hyeme</strong></span> <span class='ocrx_word' id='word_1_182' title='bbox 1164 3141 1333 3198; x_wconf 86' lang='lat' dir='ltr'><strong>vero,</strong></span> <span class='ocrx_word' id='word_1_183' title='bbox 1358 3120 1736 3203; x_wconf 86' lang='lat' dir='ltr'><strong>dysenteriis</strong></span> <span class='ocrx_word' id='word_1_184' title='bbox 1767 3120 1976 3183; x_wconf 88' lang='lat' dir='ltr'><strong>aliena</strong></span> <span class='ocrx_word' id='word_1_185' title='bbox 2003 3126 2386 3202; x_wconf 88' lang='lat' dir='ltr'><strong>tempestate</strong></span> <span class='ocrx_word' id='word_1_186' title='bbox 2414 3117 2664 3201; x_wconf 81' lang='lat' dir='ltr'><strong>pressis,</strong></span> <span class='ocrx_word' id='word_1_187' title='bbox 2689 3117 2906 3181; x_wconf 90' lang='lat' dir='ltr'><strong>denuo</strong></span> 
     </span>
     <span class='ocr_line' id='line_1_27' title="bbox 703 3220 2906 3306; baseline -0.001 -21"><span class='ocrx_word' id='word_1_188' title='bbox 703 3222 1187 3285; x_wconf 88' lang='lat' dir='ltr'><strong>recrudescebat</strong></span> <span class='ocrx_word' id='word_1_189' title='bbox 1224 3224 1383 3286; x_wconf 81' lang='lat' dir='ltr'><strong>haec</strong></span> <span class='ocrx_word' id='word_1_190' title='bbox 1413 3222 1493 3286; x_wconf 92' lang='lat' dir='ltr'><strong>de</strong></span> <span class='ocrx_word' id='word_1_191' title='bbox 1523 3244 1651 3306; x_wconf 91' lang='lat' dir='ltr'><strong>qua</strong></span> <span class='ocrx_word' id='word_1_192' title='bbox 1684 3222 1934 3305; x_wconf 82' lang='lat' dir='ltr'><strong>agimus</strong></span> <span class='ocrx_word' id='word_1_193' title='bbox 1965 3222 2223 3306; x_wconf 88' lang='lat' dir='ltr'><strong>species.</strong></span> <span class='ocrx_word' id='word_1_194' title='bbox 2313 3221 2531 3303; x_wconf 91' lang='lat' dir='ltr'><strong>Atque</strong></span> <span class='ocrx_word' id='word_1_195' title='bbox 2568 3220 2743 3282; x_wconf 88' lang='lat' dir='ltr'><strong>hunc</strong></span> <span class='ocrx_word' id='word_1_196' title='bbox 2772 3241 2906 3283; x_wconf 87' lang='lat' dir='ltr'><strong>ser-</strong></span> 
     </span>
     <span class='ocr_line' id='line_1_28' title="bbox 703 3322 2908 3409; baseline -0 -23"><span class='ocrx_word' id='word_1_197' title='bbox 703 3323 939 3387; x_wconf 89' lang='lat' dir='ltr'><strong>vabant</strong></span> <span class='ocrx_word' id='word_1_198' title='bbox 978 3324 1265 3388; x_wconf 91' lang='lat' dir='ltr'><strong>ordinem</strong></span> <span class='ocrx_word' id='word_1_199' title='bbox 1294 3347 1409 3408; x_wconf 91' lang='lat' dir='ltr'><strong>per</strong></span> <span class='ocrx_word' id='word_1_200' title='bbox 1448 3325 1733 3408; x_wconf 86' lang='lat' dir='ltr'><strong>singulos</strong></span> <span class='ocrx_word' id='word_1_201' title='bbox 1760 3326 1950 3409; x_wconf 83' lang='lat' dir='ltr'><strong>hujus</strong></span> <span class='ocrx_word' id='word_1_202' title='bbox 1987 3323 2480 3389; x_wconf 78' lang='lat' dir='ltr'><strong>constitutionis</strong></span> <span class='ocrx_word' id='word_1_203' title='bbox 2525 3343 2749 3400; x_wconf 83' lang='lat' dir='ltr'><strong>annos,</strong></span> <span class='ocrx_word' id='word_1_204' title='bbox 2779 3322 2908 3385; x_wconf 87' lang='lat' dir='ltr'><strong>nisi</strong></span> 
     </span>
     <span class='ocr_line' id='line_1_29' title="bbox 706 3424 2906 3510; baseline -0.001 -21"><span class='ocrx_word' id='word_1_205' title='bbox 706 3426 877 3510; x_wconf 90' lang='lat' dir='ltr'><strong>quod</strong></span> <span class='ocrx_word' id='word_1_206' title='bbox 905 3433 1227 3510; x_wconf 89' lang='lat' dir='ltr'><strong>postremo</strong></span> <span class='ocrx_word' id='word_1_207' title='bbox 1257 3449 1381 3510; x_wconf 92' lang='lat' dir='ltr'><strong>quo</strong></span> <span class='ocrx_word' id='word_1_208' title='bbox 1424 3428 1535 3491; x_wconf 88' lang='lat' dir='ltr'><strong>illa</strong></span> <span class='ocrx_word' id='word_1_209' title='bbox 1562 3428 1818 3510; x_wconf 82' lang='lat' dir='ltr'><strong>vigebat</strong></span> <span class='ocrx_word' id='word_1_210' title='bbox 1848 3434 2183 3504; x_wconf 83' lang='lat' dir='ltr'><strong>autumno,</strong></span> <span class='ocrx_word' id='word_1_211' title='bbox 2215 3447 2386 3489; x_wconf 88' lang='lat' dir='ltr'><strong>anno</strong></span> <span class='ocrx_word' id='word_1_212' title='bbox 2425 3424 2663 3488; x_wconf 89' lang='lat' dir='ltr'><strong>scilicet</strong></span> <span class='ocrx_word' id='word_1_213' title='bbox 2711 3426 2837 3489; x_wconf 87' lang='grc'><strong>167</strong></span> <span class='ocrx_word' id='word_1_214' title='bbox 2837 3426 2906 3501; x_wconf 83' lang='grc'><strong>2,</strong></span> 
     </span>
     <span class='ocr_line' id='line_1_30' title="bbox 709 3525 2904 3611; baseline -0 -22"><span class='ocrx_word' id='word_1_215' title='bbox 709 3526 1178 3608; x_wconf 85' lang='lat' dir='ltr'><strong>(languescente</strong></span> <span class='ocrx_word' id='word_1_216' title='bbox 1192 3528 1329 3611; x_wconf 83' lang='lat' dir='ltr'><strong>jam</strong></span> <span class='ocrx_word' id='word_1_217' title='bbox 1350 3528 1476 3592; x_wconf 90' lang='lat' dir='ltr'><strong>ista</strong></span> <span class='ocrx_word' id='word_1_218' title='bbox 1494 3528 1990 3606; x_wconf 88' lang='lat' dir='ltr'><strong>Constitutione,</strong></span> <span class='ocrx_word' id='word_1_219' title='bbox 2011 3536 2076 3591; x_wconf 96' lang='lat' dir='ltr'><strong>et</strong></span> <span class='ocrx_word' id='word_1_220' title='bbox 2099 3526 2492 3610; x_wconf 85' lang='lat' dir='ltr'><strong>dysenterias</strong></span> <span class='ocrx_word' id='word_1_221' title='bbox 2506 3526 2642 3610; x_wconf 88' lang='lat' dir='ltr'><strong>jam</strong></span> <span class='ocrx_word' id='word_1_222' title='bbox 2664 3525 2904 3589; x_wconf 67' lang='lat' dir='ltr'><strong>exoles-</strong></span> 
     </span>
     <span class='ocr_line' id='line_1_31' title="bbox 703 3627 2906 3713; baseline 0 -23"><span class='ocrx_word' id='word_1_223' title='bbox 703 3635 921 3691; x_wconf 88' lang='lat' dir='ltr'><strong>centes</strong></span> <span class='ocrx_word' id='word_1_224' title='bbox 952 3629 1209 3711; x_wconf 87' lang='lat' dir='ltr'><strong>segnius</strong></span> <span class='ocrx_word' id='word_1_225' title='bbox 1236 3630 1696 3713; x_wconf 86' lang='lat' dir='ltr'><strong>promovente,)</strong></span> <span class='ocrx_word' id='word_1_226' title='bbox 1723 3630 2018 3694; x_wconf 88' lang='lat' dir='ltr'><strong>Variolae</strong></span> <span class='ocrx_word' id='word_1_227' title='bbox 2043 3636 2298 3712; x_wconf 87' lang='lat' dir='ltr'><strong>praeter</strong></span> <span class='ocrx_word' id='word_1_228' title='bbox 2319 3628 2574 3691; x_wconf 88' lang='lat' dir='ltr'><strong>solitum</strong></span> <span class='ocrx_word' id='word_1_229' title='bbox 2602 3627 2726 3690; x_wconf 91' lang='lat' dir='ltr'><strong>hoc</strong></span> <span class='ocrx_word' id='word_1_230' title='bbox 2749 3648 2906 3709; x_wconf 89' lang='lat' dir='ltr'><strong>quo·</strong></span> 
     </span>
     <span class='ocr_line' id='line_1_32' title="bbox 705 3729 2906 3815; baseline -0 -23"><span class='ocrx_word' id='word_1_231' title='bbox 705 3751 825 3814; x_wconf 94' lang='lat' dir='ltr'><strong>que</strong></span> <span class='ocrx_word' id='word_1_232' title='bbox 854 3737 1140 3813; x_wconf 89' lang='lat' dir='ltr'><strong>tempore</strong></span> <span class='ocrx_word' id='word_1_233' title='bbox 1170 3732 1646 3814; x_wconf 84' lang='lat' dir='ltr'><strong>grassabantur,</strong></span> <span class='ocrx_word' id='word_1_234' title='bbox 1679 3738 1871 3814; x_wconf 88' lang='lat' dir='ltr'><strong>atque</strong></span> <span class='ocrx_word' id='word_1_235' title='bbox 1899 3732 1992 3795; x_wconf 90' lang='lat' dir='ltr'><strong>ita</strong></span> <span class='ocrx_word' id='word_1_236' title='bbox 2018 3752 2200 3815; x_wconf 89' lang='lat' dir='ltr'><strong>pares</strong></span> <span class='ocrx_word' id='word_1_237' title='bbox 2231 3729 2610 3811; x_wconf 87' lang='lat' dir='ltr'><strong>dysenteriis</strong></span> <span class='ocrx_word' id='word_1_238' title='bbox 2639 3750 2906 3792; x_wconf 90' lang='lat' dir='ltr'><strong>concur-</strong></span> 
     </span>
     <span class='ocr_line' id='line_1_33' title="bbox 702 3833 2904 3917; baseline 0 -22"><span class='ocrx_word' id='word_1_239' title='bbox 702 3833 959 3911; x_wconf 89' lang='lat' dir='ltr'><strong>rebant,</strong></span> <span class='ocrx_word' id='word_1_240' title='bbox 990 3840 1064 3897; x_wconf 93' lang='lat' dir='ltr'><strong>ut</strong></span> <span class='ocrx_word' id='word_1_241' title='bbox 1090 3835 1264 3898; x_wconf 88' lang='lat' dir='ltr'><strong>haud</strong></span> <span class='ocrx_word' id='word_1_242' title='bbox 1289 3835 1474 3899; x_wconf 71' lang='lat' dir='ltr'><strong>facile</strong></span> <span class='ocrx_word' id='word_1_243' title='bbox 1508 3842 1676 3899; x_wconf 87' lang='lat' dir='ltr'><strong>esset</strong></span> <span class='ocrx_word' id='word_1_244' title='bbox 1705 3835 1898 3910; x_wconf 85' lang='lat' dir='ltr'><strong>dictu,</strong></span> <span class='ocrx_word' id='word_1_245' title='bbox 1931 3834 2068 3917; x_wconf 90' lang='lat' dir='ltr'><strong>quis</strong></span> <span class='ocrx_word' id='word_1_246' title='bbox 2097 3834 2360 3897; x_wconf 89' lang='lat' dir='ltr'><strong>morbus</strong></span> <span class='ocrx_word' id='word_1_247' title='bbox 2393 3833 2608 3916; x_wconf 91' lang='lat' dir='ltr'><strong>plures</strong></span> <span class='ocrx_word' id='word_1_248' title='bbox 2637 3852 2904 3915; x_wconf 88' lang='lat' dir='ltr'><strong>occupa·</strong></span> 
     </span>
     <span class='ocr_line' id='line_1_34' title="bbox 701 3934 2906 4020; baseline -0.001 -21"><span class='ocrx_word' id='word_1_249' title='bbox 701 3943 836 4012; x_wconf 84' lang='lat' dir='ltr'><strong>ret3</strong></span> <span class='ocrx_word' id='word_1_250' title='bbox 882 3935 1031 3999; x_wconf 90' lang='lat' dir='ltr'><strong>licet</strong></span> <span class='ocrx_word' id='word_1_251' title='bbox 1066 3936 1399 4019; x_wconf 88' lang='lat' dir='ltr'><strong>(quantum</strong></span> <span class='ocrx_word' id='word_1_252' title='bbox 1430 3959 1550 4020; x_wconf 87' lang='lat' dir='ltr'><strong>ego</strong></span> <span class='ocrx_word' id='word_1_253' title='bbox 1589 3936 2007 4019; x_wconf 82' lang='lat' dir='ltr'><strong>conjectando</strong></span> <span class='ocrx_word' id='word_1_254' title='bbox 2035 3936 2250 4019; x_wconf 86' lang='lat' dir='ltr'><strong>valui,)</strong></span> <span class='ocrx_word' id='word_1_255' title='bbox 2284 3934 2643 4019; x_wconf 85' lang='lat' dir='ltr'><strong>praevalere</strong></span> <span class='ocrx_word' id='word_1_256' title='bbox 2673 3934 2906 4017; x_wconf 83' lang='lat' dir='ltr'><strong>dysen-</strong></span> 
     </span>
     <span class='ocr_line' id='line_1_35' title="bbox 700 4036 2904 4115; baseline -0.001 -14"><span class='ocrx_word' id='word_1_257' title='bbox 700 4038 863 4101; x_wconf 85' lang='lat' dir='ltr'><strong>teria</strong></span> <span class='ocrx_word' id='word_1_258' title='bbox 891 4038 1099 4103; x_wconf 87' lang='lat' dir='ltr'><strong>adhuc</strong></span> <span class='ocrx_word' id='word_1_259' title='bbox 1128 4039 1465 4104; x_wconf 83' lang='lat' dir='ltr'><strong>videretur.</strong></span> <span class='ocrx_word' id='word_1_260' title='bbox 1556 4039 1732 4105; x_wconf 80' lang='lat' dir='ltr'><strong>Quin</strong></span> <span class='ocrx_word' id='word_1_261' title='bbox 1762 4046 1828 4103; x_wconf 89' lang='lat' dir='ltr'><strong>et</strong></span> <span class='ocrx_word' id='word_1_262' title='bbox 1855 4039 1978 4103; x_wconf 84' lang='lat' dir='ltr'><strong>hae</strong></span> <span class='ocrx_word' id='word_1_263' title='bbox 2007 4039 2201 4102; x_wconf 89' lang='lat' dir='ltr'><strong>etiam</strong></span> <span class='ocrx_word' id='word_1_264' title='bbox 2229 4038 2547 4115; x_wconf 82' lang='lat' dir='ltr'><strong>Variolae,</strong></span> <span class='ocrx_word' id='word_1_265' title='bbox 2579 4036 2664 4099; x_wconf 88' lang='lat' dir='ltr'><strong>ad</strong></span> <span class='ocrx_word' id='word_1_266' title='bbox 2691 4057 2904 4100; x_wconf 85' lang='lat' dir='ltr'><strong>exem-</strong></span> 
     </span>
     <span class='ocr_line' id='line_1_36' title="bbox 699 4137 2906 4224; baseline -0.002 -20"><span class='ocrx_word' id='word_1_267' title='bbox 699 4141 881 4223; x_wconf 89' lang='lat' dir='ltr'><strong>plum</strong></span> <span class='ocrx_word' id='word_1_268' title='bbox 933 4141 1425 4224; x_wconf 89' lang='lat' dir='ltr'><strong>epidemicorum</strong></span> <span class='ocrx_word' id='word_1_269' title='bbox 1472 4142 1744 4205; x_wconf 91' lang='lat' dir='ltr'><strong>aliorum</strong></span> <span class='ocrx_word' id='word_1_270' title='bbox 1796 4141 2242 4224; x_wconf 89' lang='lat' dir='ltr'><strong>quorumlibet,</strong></span> <span class='ocrx_word' id='word_1_271' title='bbox 2285 4141 2494 4223; x_wconf 88' lang='lat' dir='ltr'><strong>primo</strong></span> <span class='ocrx_word' id='word_1_272' title='bbox 2539 4138 2760 4201; x_wconf 87' lang='lat' dir='ltr'><strong>statim</strong></span> <span class='ocrx_word' id='word_1_273' title='bbox 2805 4137 2906 4200; x_wconf 88' lang='lat' dir='ltr'><strong>in-</strong></span> 
     </span>
     <span class='ocr_line' id='line_1_37' title="bbox 702 4240 2902 4329; baseline 0 -26"><span class='ocrx_word' id='word_1_274' title='bbox 702 4244 875 4306; x_wconf 87' lang='lat' dir='ltr'><strong>sultu</strong></span> <span class='ocrx_word' id='word_1_275' title='bbox 934 4244 1271 4308; x_wconf 86' lang='lat' dir='ltr'><strong>atrociores</strong></span> <span class='ocrx_word' id='word_1_276' title='bbox 1324 4252 1527 4322; x_wconf 90' lang='lat' dir='ltr'><strong>erant,</strong></span> <span class='ocrx_word' id='word_1_277' title='bbox 1576 4253 1768 4329; x_wconf 86' lang='lat' dir='ltr'><strong>atque</strong></span> <span class='ocrx_word' id='word_1_278' title='bbox 1826 4244 2031 4308; x_wconf 89' lang='lat' dir='ltr'><strong>indies</strong></span> <span class='ocrx_word' id='word_1_279' title='bbox 2081 4242 2636 4307; x_wconf 88' lang='lat' dir='ltr'><strong>increbrescebant</strong></span> <span class='ocrx_word' id='word_1_280' title='bbox 2694 4240 2902 4304; x_wconf 89' lang='lat' dir='ltr'><strong>donec</strong></span> 
     </span>
     <span class='ocr_line' id='line_1_38' title="bbox 700 4344 2908 4430; baseline 0 -25"><span class='ocrx_word' id='word_1_281' title='bbox 700 4345 781 4406; x_wconf 84' lang='lat' dir='ltr'><strong>ad</strong></span> <span class='ocrx_word' id='word_1_282' title='bbox 818 4352 1058 4408; x_wconf 87' lang='lat' dir='ltr'><strong>statum</strong></span> <span class='ocrx_word' id='word_1_283' title='bbox 1088 4348 1541 4429; x_wconf 81' lang='lat' dir='ltr'><strong>pervenissent,</strong></span> <span class='ocrx_word' id='word_1_284' title='bbox 1577 4370 1770 4430; x_wconf 87' lang='lat' dir='ltr'><strong>quem</strong></span> <span class='ocrx_word' id='word_1_285' title='bbox 1805 4348 2002 4411; x_wconf 88' lang='lat' dir='ltr'><strong>semel</strong></span> <span class='ocrx_word' id='word_1_286' title='bbox 2029 4355 2480 4429; x_wconf 86' lang='lat' dir='ltr'><strong>transgressae,</strong></span> <span class='ocrx_word' id='word_1_287' title='bbox 2511 4353 2652 4408; x_wconf 89' lang='lat' dir='ltr'><strong>tum</strong></span> <span class='ocrx_word' id='word_1_288' title='bbox 2691 4344 2908 4426; x_wconf 84' lang='lat' dir='ltr'><strong>quoad</strong></span> 
     </span>
    </p>
   </div>
   <div class='ocr_carea' id='block_1_7' title="bbox 764 4470 2906 4540">
    <p class='ocr_par' dir='ltr' id='par_1_8' title="bbox 764 4470 2906 4540">
     <span class='ocr_line' id='line_1_39' title="bbox 764 4470 2906 4540; baseline 0 -23"><span class='ocrx_word' id='word_1_289' title='bbox 764 4478 782 4500; x_wconf 84' lang='lat'><em>‘</em></span> <span class='ocrx_word' id='word_1_290' title='bbox 816 4472 966 4519; x_wconf 77' lang='lat' dir='ltr'><strong>Deest</strong></span> <span class='ocrx_word' id='word_1_291' title='bbox 988 4474 1077 4520; x_wconf 89' lang='lat' dir='ltr'><strong>hoc</strong></span> <span class='ocrx_word' id='word_1_292' title='bbox 1102 4491 1203 4538; x_wconf 86' lang='lat' dir='ltr'><strong>cap.</strong></span> <span class='ocrx_word' id='word_1_293' title='bbox 1229 4476 1279 4523; x_wconf 88' lang='lat' dir='ltr'><strong>in</strong></span> <span class='ocrx_word' id='word_1_294' title='bbox 1304 4476 1408 4525; x_wconf 85' lang='lat' dir='ltr'><strong>edd.</strong></span> <span class='ocrx_word' id='word_1_295' title='bbox 1436 4478 1529 4531; x_wconf 74' lang='lat'><strong>⁹66,</strong></span> <span class='ocrx_word' id='word_1_296' title='bbox 1558 4477 1650 4523; x_wconf 78' lang='lat'><strong>‘68.</strong></span> <span class='ocrx_word' id='word_1_297' title='bbox 1809 4472 1828 4504; x_wconf 69' lang='lat'><strong><em>¹</em></strong></span> <span class='ocrx_word' id='word_1_298' title='bbox 1859 4494 2012 4525; x_wconf 72' lang='lat' dir='ltr'><strong>aanor.</strong></span> <span class='ocrx_word' id='word_1_299' title='bbox 2041 4475 2145 4540; x_wconf 58' lang='lat'><strong>6³02]</strong></span> <span class='ocrx_word' id='word_1_300' title='bbox 2171 4476 2306 4539; x_wconf 72' lang='lat' dir='ltr'><strong>hnjus</strong></span> <span class='ocrx_word' id='word_1_301' title='bbox 2332 4477 2678 4521; x_wconf 56' lang='lat' dir='ltr'><strong>Constantiana</strong></span> <span class='ocrx_word' id='word_1_302' title='bbox 2701 4472 2775 4521; x_wconf 82' lang='lat' dir='ltr'><strong>ed.</strong></span> <span class='ocrx_word' id='word_1_303' title='bbox 2804 4470 2906 4521; x_wconf 85' lang='lat'><strong>’76.</strong></span> 
     </span>
    </p>
   </div>
  </div>
 </body>
</html>
