3138 5006
794 285 1285 352 SCHEDULA
1330 283 1890 350 MONITORIA.
2316 289 2446 352 483

241 447 477 511 Iatrica
518 448 797 532 palmam
829 450 1016 533 feras
1030 472 1056 522 ,-
1102 468 1219 510 non
1267 456 1393 510 tam
1444 447 1533 510 ad
1580 469 1852 510 nummos
1887 456 2265 530 posterorum
2307 453 2448 514 usui
2517 465 2700 514 Ena-r.

241 551 657 627 corradendos,
705 551 882 637 (quae
930 551 1169 636 quidem
1218 553 1397 632 ratio,
1450 553 1507 613 si
1562 572 1700 613 cum
1758 559 2030 635 sequente
2073 552 2442 633 conferatur,
2485 530 2532 576 D
2537 543 2746 576 ⁰⁰⁰⁰⁰⁰⁰

239 659 509 718 animam
547 656 692 738 sere
734 657 1046 718 brutorum
1090 653 1361 739 redolet,)
1411 676 1594 740 quam
1641 663 1713 717 ut
1753 655 1990 718 saeculo
2035 656 2278 718 tandem
2327 658 2446 719 ali-

242 759 484 844 quando
522 759 780 844 deteqas,
810 759 1026 842 quibus
1068 758 1260 820 modis
1300 761 1453 821 istae
1489 761 1554 821 in
1598 759 1820 822 morbis
1847 759 2258 842 per-sanandis
2286 760 2446 844 dff·

239 864 506 940 cultates,
530 863 639 927 sub
668 864 881 948 quibus
910 861 1041 926 Ars
1062 862 1312 925 Medica
1335 863 1623 925 kactenus
1637 865 1826 946 qemit
1844 871 1902 924 et
1918 862 2265 938 succumbit,
2285 865 2449 926 vinci

238 976 477 1050 queant.
580 966 763 1044 Quod
797 966 941 1030 dum
982 965 1229 1041 moliris,
1277 967 1407 1028 istis
1449 987 1606 1050 quae
1643 987 1747 1050 eyo
1781 966 2024 1049 primus
2041 967 2175 1050 jeci
2194 965 2444 1048 funda-

236 1073 467 1145 mentis,
509 1073 564 1132 si
601 1071 773 1132 modo
813 1069 967 1145 libet,
1001 1074 1204 1154 possis
1248 1079 1660 1154 superstruere
1676 1093 1698 1132 .·
1745 1072 1835 1132 ita
1874 1079 2091 1146 tamen,
2124 1080 2196 1132 ut
2234 1080 2442 1133 errata

236 1175 301 1236 in
341 1195 495 1258 quae
540 1194 645 1257 eqo
664 1173 840 1255 forte
880 1173 1188 1236 inciderim
1223 1194 1340 1256 pro
1380 1194 1541 1234 more
1580 1173 1844 1236 humano
1883 1175 1948 1236 in
1987 1175 2130 1236 meis
2171 1174 2443 1236 observa-

214 1278 493 1340 tionibus
548 1279 671 1339 sive
727 1276 1040 1339 historiam
1097 1277 1219 1337 sive
1281 1277 1650 1338 curationem
1721 1276 1900 1360 hujus
1959 1276 2189 1338 illiusve
2253 1277 2445 1340 morbi

236 1381 645 1455 attinentibus,
678 1380 784 1442 ubi
819 1381 897 1442 ab
941 1401 1173 1442 annosa
1213 1388 1272 1441 et
1312 1382 1567 1464 repetita
1611 1382 1973 1464 experientia
2015 1382 2223 1444 melius
2230 1383 2442 1464 fueris

236 1484 490 1558 edoctus,
525 1484 703 1548 libere
734 1505 813 1545 ac
845 1482 1056 1566 palam
1098 1504 1349 1567 arquos.
1439 1481 1653 1568 Neque
1680 1483 1790 1544 Iioc
1806 1493 1995 1566 pacto
2023 1484 2295 1566 defuncti
2317 1487 2443 1567 ejus

236 1591 583 1649 memoriam
612 1587 825 1664 laedes,
858 1590 981 1672 qui,
1013 1590 1077 1649 in
1106 1589 1233 1650 vita
1264 1609 1400 1650 cum
1440 1596 1604 1664 esset,
1637 1588 1796 1650 nihil
1803 1591 1990 1670 prius
2019 1590 2233 1651 habuit
2257 1611 2441 1674 quam

236 1699 307 1752 ut
332 1689 462 1752 Ars
490 1689 742 1754 Medica
771 1712 812 1752 a
843 1711 1192 1775 quocunque
1218 1691 1453 1754 demum
1486 1703 1954 1774 promoveretur,
1986 1714 2105 1755 non
2139 1701 2265 1756 tam
2303 1714 2441 1755 eru-

234 1796 377 1857 ditis
404 1794 477 1856 de
518 1796 857 1858 morborum
886 1803 1115 1856 natura
1145 1795 1744 1872 commentationibus,
1777 1796 2014 1880 (quibus
2042 1797 2130 1858 ad
2154 1817 2441 1861 nauseam

235 1909 293 1962 et
301 1901 637 1983 fastidium
666 1921 851 1984 usque
867 1899 1118 1983 jamdiu
1154 1897 1511 1982 eaplemur,)
1542 1920 1728 1984 quam
1758 1909 1922 1962 certa
1935 1899 2201 1984 fidaque
2227 1922 2442 1963 eorun-

234 2004 367 2068 dem
396 2003 803 2066 curandorum
831 2001 1113 2066 methodo.
1225 2000 1390 2076 Vale,
1433 2001 1543 2063 Vir
1583 2003 1838 2086 Optime,
1869 2011 1929 2064 et
1953 2024 2163 2067 amare
2181 2025 2368 2088 perye

1110 2104 1252 2168 Tibi
1276 2127 1505 2188 semper
1532 2106 2006 2170 addictissimum

1333 2208 1551 2273 THO.
1611 2209 2173 2274 SYDENHAM.

343 2307 661 2382 [Septembs
682 2315 769 2365 29.
800 2311 982 2376 1686.]

754 2422 783 2459 ἅ
818 2427 1038 2486 Septemb.
1064 2423 1171 2488 ξω]
1198 2424 1292 2473 Sic.
1311 2425 1396 2475 inf.
1420 2425 1471 2473 in
1495 2424 1606 2484 fine,
1631 2424 1711 2472 hic
1734 2425 1922 2475 desunt.
