3138 5006
750 280 1242 346 SCHEDULA
1286 279 1820 346 MONITORIA
1863 279 1960 343 ΙΙ.
2329 282 2454 342 515

246 441 353 510 1113
386 439 799 506 Variolarum
828 439 1175 524 generibus
1203 440 1471 525 periculi
1501 445 1765 524 aegroto
1795 439 2252 526 impendentis,
2283 440 2456 524 quod
2484 456 2568 504 nn
2587 457 2765 506 Fun.

252 540 497 608 scilicet
540 541 613 614 111
660 563 895 625 genere
942 542 1261 620 Discreto,
1314 563 1461 606 cum
1510 541 1962 626 phlegmonae,
1991 540 2122 606 sive
2165 549 2454 606 tumores
2481 521 2760 664 Ρυῇἲ-
2678 536 2744 570 ⁰⁴⁴

249 662 401 708 cum
428 643 956 723 inflammatione,
990 643 1373 729 (cujusmodi
1402 652 1557 710 sunt
1585 643 1886 728 pustulae
1912 664 2136 708 omnes
2165 645 2280 709 ubi
2321 645 2452 729 pri-

248 765 433 807 mum
483 745 857 829 elevantur,)
911 746 1239 830 pauciores
1289 745 1640 830 extiterint,
1691 766 1767 809 ac
1823 744 2092 829 proinde
2139 765 2276 810 non
2325 747 2456 810 nisi

248 846 481 930 exigua
520 847 697 930 puris
740 846 1065 932 quantitas
1107 847 1179 932 in
1220 847 1604 933 sanguinem
1645 841 1762 932 per
1803 843 2232 912 circulationis
2275 848 2450 932 leges

248 945 417 1012 foret
458 947 830 1036 regerenda,
864 947 981 1012 ubi
1020 947 1169 1024 illae
1204 948 1343 1031 jam
1386 948 1715 1034 coeperint
1755 955 2198 1027 maturescere,
2229 951 2450 1014 nullus

249 1067 331 1112 ex
378 1047 501 1112 hac
548 1055 732 1132 parte
780 1055 995 1112 metus
1046 1055 1145 1132 est
1194 1069 1280 1113 ne
1327 1049 1523 1116 febris
1568 1049 1842 1117 nimium
1891 1051 2222 1140 insurgat;
2293 1073 2446 1116 cum

248 1154 509 1218 Natura
544 1154 1068 1238 impressionibus
1106 1155 1176 1220 in
1220 1156 1602 1238 sanguinem
1643 1155 1833 1220 factis
1871 1177 1911 1219 a
1947 1157 2204 1221 tantillo
2245 1157 2444 1241 puris,

250 1255 624 1322 cohibendis
673 1256 859 1322 facile
902 1279 1020 1341 par
1064 1257 1167 1322 sit.
1276 1258 1443 1322 Cum
1490 1280 1643 1322 vero
1697 1259 1770 1322 in
1815 1279 2052 1344 genere
2100 1260 2445 1324 Confluen-

248 1355 437 1434 tium‚
480 1356 597 1420 ubi
640 1378 867 1442 corpus
908 1357 1043 1422 fere
1086 1358 1456 1424 universum
1497 1360 1601 1426 his
1643 1359 2046 1444 phlegmonis
2088 1361 2448 1444 protegitur

254 1478 420 1542 quae
476 1459 888 1574 postmodum
951 1460 1023 1524 in
1072 1460 1464 1526 abscessulos
1528 1462 1806 1526 totidem
1857 1463 2200 1542 facessunt,
2260 1471 2448 1528 tanta

248 1561 427 1686 puris
460 1561 555 1624 vis
598 1562 823 1626 diebus
864 1561 1166 1646 praefatis
1210 1562 1305 1645 (in
1346 1563 1582 1648 quibus
1621 1564 1938 1648 pustulae,
1969 1564 2130 1628 duce
2169 1541 2445 1643 Natura,

244 1658 458 1744 ἀκμήν
485 1684 685 1742 3113111,
707 1664 808 1728 vel
830 1664 1115 1728 debitam
1141 1665 1604 1744 maturitatem,
1625 1672 1702 1729 ut
1723 1665 2068 1750 plurimum
2098 1667 2442 1750 obtinent)

248 1785 363 1848 per
391 1786 584 1842 venas
626 1765 699 1829 in
742 1765 1123 1850 sanguinem
1162 1766 1529 1846 reducitur3
1575 1774 1762 1854 tanta
1793 1769 1952 1832 item
1979 1768 2300 1854 halituum
2327 1790 2446 1852 pu-

247 1866 565 1930 tridorum
593 1868 775 1951 copia
816 1868 898 1932 ab
942 1868 1119 1932 omni
1161 1870 1459 1952 corporis,
1479 1869 1626 1954 jam
1660 1869 1839 1952 quasi
1879 1871 2232 1954 suppurati,
2262 1869 2449 1958 undi-

248 1989 374 2058 que
416 1969 747 2053 superficie
788 1971 860 2052 in
894 1971 1275 2054 sanguinem
1318 1971 1636 2056 subrepit,
1657 1981 1733 2036 ut
1775 1971 1970 2038 febris
2000 1994 2080 2037 ex
2120 1973 2242 2036 hac
2271 1994 2450 2038 0003-

250 2071 432 2134 sione
476 2072 751 2136 excitata
793 2073 1089 2138 Naturae
1132 2073 1299 2138 vires
1348 2074 1607 2156 penitus
1652 2080 2054 2158 prosternat:
2119 2082 2314 2158 atque
2358 2075 2452 2140 ita

248 2173 653 2257 extinguitur
692 2174 958 2239 tandem
1001 2195 1209 2260 aeger,
1239 2177 1475 2259 partim
1522 2198 1563 2240 a
1601 2176 1801 2256 febre,
1845 2177 2082 2260 partim
2121 2198 2162 2242 a
2203 2197 2452 2247 veneno

251 2276 428 2359 quod
456 2276 787 2360 sanguinis
814 2299 1093 2358 massam
1129 2278 1457 2358 infecerat,
1478 2278 1834 2364 jugulatus.
1933 2279 2058 2363 [6.]
2115 2277 2450 2393 Quaprop-

253 2384 376 2456 ter,
402 2379 657 2462 quando
686 2379 861 2464 30311
888 2379 1292 2448 incolumitas
1320 2401 1524 2466 usque
1544 2381 1708 2445 adeo
1736 2401 1777 2444 a
1796 2380 2206 2447 Variolarum
2234 2380 2450 2464 pauci-
2483 2393 2630 2442 Ratio
2631 2393 2756 2442 nali

249 2487 412 2559 tate,
440 2480 797 2567 periculum
823 2502 973 2547 vero
1010 2503 1047 2547 e
1087 2490 1313 2548 0011113
1348 2482 1432 2547 ab
1475 2482 1824 2547 earundem
1863 2481 2129 2547 auctiori
2157 2503 2448 2562 1111111010,
2479 2459 2760 2572 ωέἓξξῖζε,

248 2584 551 2669 pendeat,
590 2585 791 2649 dictat
835 2586 1045 2665 Ratio,
1074 2586 1175 2649 vel
1218 2586 1414 2650 etiam
1456 2606 1682 2649 sensus
1726 2584 2024 2649 omnibus
2068 2585 2450 2663 communis,

250 2686 446 2771 periti
467 2687 711 2753 Medici
738 2708 897 2770 esse,
919 2688 1012 2751 ita
1037 2708 1177 2751 non
1204 2686 1541 2751 materiam
1563 2686 1965 2749 Variolosam
1993 2684 2115 2749 sub
2145 2686 2457 2770 principio

251 2788 466 2853 morbi
506 2790 819 2874 regimine
861 2796 927 2855 et
972 2788 1277 2855 cardiacis
1328 2787 1714 2853 calidoribus
1754 2786 2166 2851 vehementer
2208 2788 2456 2871 propel-

252 2892 409 2970 lere,
446 2892 641 2975 (unde
676 2892 881 2957 nimia
920 2894 997 2960 fit
1040 2890 1413 2956 assimilatio
1454 2889 1760 2953 materiae
1787 2888 2154 2951 morbificae
2195 2888 2268 2950 in
2311 2910 2458 2951 san-

250 2994 453 3078 guine
480 3001 842 3074 contentae,
863 3002 1129 3079 totaque
1157 2992 1436 3077 corporis
1464 2990 1830 3055 substantia
1856 2989 2038 3073 quasi
2064 2990 2136 3053 in
2163 2990 2458 3075 fomitem

251 3096 467 3161 morbi
491 3098 791 3181 facessit,)
822 3106 899 3163 ut
938 3117 1199 3163 omnem
1224 3095 1437 3179 potius
1480 3114 1741 3177 operam
1782 3090 1855 3157 in
1879 3090 2288 3177 reprimenda
2318 3099 2458 3156 tam

252 3200 526 3263 enormi·
557 3206 624 3265 et
676 3201 895 3265 subtili
950 3199 1457 3264 inflammatione
1514 3196 1826 3261 collocare
1881 3195 2150 3274 debeat3
2224 3216 2458 3279 nempe

250 3300 493 3380 educto
520 3308 675 3383 ante
704 3302 921 3367 omnia
948 3324 987 3365 e
1014 3300 1261 3365 brachii
1286 3300 1464 3364 venis
1504 3297 1837 3381 sanguine,
1869 3296 1924 3361 si
1950 3298 2051 3361 vel
2079 3296 2234 3361 levis
2261 3296 2460 3361 fuerit

252 3404 534 3489 suspicio
568 3404 721 3489 (sive
750 3427 791 3468 a
816 3405 1084 3469 florente
1123 3402 1299 3486 aegri
1334 3407 1567 3479 aetate,
1599 3400 1728 3464 sive
1767 3419 1846 3463 ex
1884 3420 1960 3464 eo
1997 3399 2170 3484 quod
2198 3399 2458 3483 sangui-

254 3528 413 3575 nem
439 3507 795 3591 liquoribus
830 3506 1152 3589 generosis
1182 3504 1563 3581 accenderit,
1594 3502 1723 3566 sive
1753 3501 1924 3586 quod
1951 3502 2456 3565 vehementiores

256 3611 509 3676 dolores
536 3611 608 3673 in
637 3610 853 3692 aliqua
876 3607 1154 3692 corporis
1192 3613 1374 3689 parte
1402 3604 1600 3670 fuerit
1633 3624 1992 3689 perpessus,
2023 3602 2152 3666 sive
2182 3603 2458 3685 denique

256 3712 344 3777 ab
372 3710 641 3775 immani
666 3710 1056 3792 vomitione,)
1083 3708 1377 3786 Variolas
1398 3706 1668 3790 jamjam
1697 3706 1976 3769 exituras
2005 3703 2088 3767 ad
2111 3704 2456 3767 Confluen-

256 3815 427 3885 tium
466 3812 743 3899 speciem
776 3810 1181 3889 referendas,
1224 3816 1449 3894 postea
1487 3829 1638 3873 vero
1679 3807 2018 3892 propinato
2061 3805 2333 3869 emetico
2375 3803 2460 3867 ad

254 3916 536 3983 eundem
578 3936 843 3999 scopum
884 3912 1253 3979 collimabit.
1343 3912 1511 3976 Cum
1548 3931 1698 3974 vero
1739 3910 1907 3973 nihil
1948 3926 2150 3989 aeque
2193 3926 2460 3986 aegrum

257 4018 721 4105 percalefaciat‚
745 4038 867 4081 nec
892 4015 1162 4101 proinde
1189 4013 1383 4078 nimis
1412 4012 1736 4097 copiosam
1763 4008 2069 4073 materiae
2091 4006 2460 4071 Variolosae

259 4122 785 4191 assimilationem
830 4140 1029 4204 aeque
1072 4124 1461 4203 promoveat,
1510 4124 1703 4198 atque
1748 4112 1924 4195 aegri
1959 4110 2136 4195 jugi·
2183 4108 2256 4173 in
2294 4109 2462 4173 lecto

258 4225 638 4307 decubitus,
688 4244 809 4307 ego
859 4222 1045 4285 illum
1087 4221 1168 4285 ab
1213 4242 1337 4283 usu
1386 4217 1608 4282 lectuli
1649 4213 1932 4280 interdiu
1979 4232 2230 4294 semper
2282 4230 2464 4273 arceo

258 4348 467 4412 usqne
496 4326 581 4390 ad
608 4332 855 4390 sextam
884 4324 1055 4388 diem
1084 4346 1125 4387 a
1151 4323 1359 4407 prima
1386 4318 1642 4384 morbi
1623 4316 1972 4392 invasione,
2003 4315 2133 4377 sive
2166 4312 2246 4376 ab
2277 4334 2463 4407 erup-

258 4430 441 4495 tione
488 4428 897 4513 pustularum
948 4432 1265 4509 quartam,
1309 4444 1437 4507 quo
1480 4430 1768 4505 tempore
1817 4438 2008 4481 omne
2059 4398 2468 4498 pustularum
