3138 5006
582 297 1380 363 OBSERVATIONUM
1427 300 1997 366 MEDICARUM
2046 311 2180 366 1.4.
2399 307 2481 366 55

265 457 588 540 qualitate
641 461 850 544 (cujus
899 462 1088 544 signa
1144 462 1623 526 evidentissima
1666 463 1735 526 in
1781 465 1987 546 aegris
2030 485 2167 528 non
2210 473 2481 548 possunt
2550 478 2745 526 Funus

259 582 396 624 non
447 565 809 646 apparere,)
861 572 1198 642 constent;
1244 565 1340 628 vel
1382 566 1579 629 etiam
1625 567 1797 649 quod
1838 567 2087 632 inficias
2131 589 2275 632 eam
2310 589 2483 632 com·
2510 543 2787 655 fssfflffi,

257 663 498 744 plicari
549 667 902 749 aliquando
945 689 1096 730 cum
1143 668 1346 732 Febre
1392 668 1769 733 scorbutum
1813 677 1879 733 et
1924 671 2281 754 complures
2326 671 2483 735 alios
2551 673 2754 719 ’61-·64.

255 766 532 830 morbos
593 789 815 850 posse;
861 769 986 832 hoc
1043 777 1304 832 tantum
1363 769 1526 848 dico,
1581 771 1697 834 has
1746 771 2111 836 affectiones
2158 773 2483 838 immerito
2506 761 2765 872 ⁸¹³⁸⁸b⁰¹t¹¹¹¹

257 888 458 951 saepe
491 871 568 933 in
600 870 784 933 litem
814 872 1044 935 vocari.
2506 840 2735 964 {cogpiiff

355 973 542 1056 [39.]
607 973 678 1036 Si
708 973 1118 1039 fermentatio
1149 976 1480 1058 sanguinis
1502 977 1626 1041 rite
1656 979 2052 1061 processerit,
2074 980 2187 1044 fiet
2218 980 2483 1044 omnino
2508 968 2618 1003 ω’·

251 1077 591 1138 materiae
625 1075 992 1140 morbificae
1029 1077 1430 1160 despumatio
1463 1079 1640 1143 intra
1678 1086 1934 1164 tempus
1976 1082 2171 1146 modo
2211 1082 2481 1146 dictum.

249 1177 350 1238 At
417 1178 478 1240 si
544 1179 834 1241 remedia
901 1179 1347 1261 refrigerantia
1401 1182 1502 1244 vel
1561 1189 1861 1246 enemata
1932 1184 2133 1247 serius
2194 1184 2483 1248 exhibita
2510 1199 2731 1265 Refrige-

249 1279 543 1359 fuerint,
581 1283 791 1345 multo
826 1282 1082 1365 longius
1119 1291 1411 1348 excurret
1453 1285 1695 1364 Febris,
1726 1287 2062 1370 praecipue
2091 1288 2163 1350 iu
2202 1288 2479 1352 homini·
2506 1267 2733 1378 ζζζζζὲ

249 1380 386 1445 bus
439 1384 829 1466 grandaevis
869 1386 1036 1449 male
1073 1408 1112 1450 a
1151 1386 1411 1451 Medico
1447 1389 1722 1465 curatis;
1770 1388 1851 1451 ad
1892 1410 2051 1471 quos
2097 1389 2483 1472 quandoque
2507 1395 2660 1470 agrius
2682 1411 2769 1443 ex—

252 1487 628 1549 acoersitus
671 1495 1014 1570 postquam
1057 1489 1248 1552 Febri
1289 1510 1406 1572 per
1449 1491 1879 1572 quadraginta
1921 1490 2057 1553 dies
2101 1499 2167 1554 et
2206 1492 2481 1574 amplius
2503 1457 2789 1571 ξέζῗῃῗζῖ

249 1586 748 1664 laboraverant,
778 1590 944 1652 nihil
973 1611 1106 1654 non
1136 1598 1434 1674 expertus
1464 1592 1560 1654 fui
1591 1613 1718 1674 quo
1748 1592 2299 1675 despumationem
2334 1615 2479 1656 san-
2503 1586 2772 1698 ξῗξὲξξὲ·

256 1691 464 1772 guini
527 1691 942 1756 inducerem:
1020 1692 1131 1757 sed
1175 1715 1409 1777 nempe
1451 1715 1657 1777 usque
1702 1694 1863 1758 adeo
1908 1694 2283 1758 debilitatus
2342 1701 2481 1758 erat
2505 1666 2784 1770 ulamma·-

258 1794 566 1876 sanguis,
609 1795 846 1875 partim
899 1796 1096 1873 seni0‚
1141 1797 1378 1878 partim
1425 1797 1831 1861 enematibus
1880 1803 1945 1860 et
1996 1796 2481 1860 medicamentis
2505 1778 2814 1890 ffijssgssn'

257 1895 831 1978 refrigerantibus,
861 1905 938 1961 ut
973 1919 1182 1981 neque
1223 1899 1547 1977 cardiacis,
1579 1920 1791 1982 neque
1828 1899 1979 1962 ullis
2016 1899 2155 1961 aliis
2185 1898 2479 1962 corrobo-
2506 1877 2709 1954 tardan't.

261 1999 579 2061 rantibus
623 1999 924 2063 remediis
972 2022 1234 2084 scopum
1281 2023 1500 2065 meum
1553 2002 1806 2085 assequi
1854 2023 2149 2084 possem3
2213 2001 2326 2064 sed
2384 2001 2482 2064 vel

264 2101 542 2165 illorum
571 2102 794 2166 Febris
833 2103 1064 2166 virium
1095 2126 1358 2167 suarum
1387 2112 1585 2168 tenax
1622 2103 2059 2187 permanebat,
2094 2103 2193 2166 vel
2226 2104 2482 2186 alioqui,

265 2205 328 2268 si
376 2205 603 2268 adesse
645 2205 970 2268 videretur
1016 2204 1341 2292 ἀπυρεξία,
1372 2207 1536 2270 vires
1577 2227 1915 2290 aegrorum
1958 2206 2306 2270 admodum
2336 2228 2481 2290 pro-

271 2315 527 2371 stratae
559 2315 765 2385 erant,
797 2315 864 2371 et
891 2316 1153 2373 tantum
1182 2331 1318 2373 non
1347 2317 1698 2373 emortuae.

377 2410 548 2493 [40]
601 2410 898 2474 Aliorum
928 2417 1146 2475 autem
1173 2411 1603 2475 remediorum
1636 2433 1931 2476 successu
1958 2411 2324 2488 frustratus,
2356 2411 2481 2475 alio
2510 2425 2718 2473 Adoles-

273 2514 622 2577 consilium
639 2519 886 2577 vertere
906 2536 1092 2597 saepe
1115 2522 1372 2578 coactus
1392 2516 1508 2594 fui,
1533 2537 1683 2579 cum
1707 2536 2003 2579 successu
2024 2537 2157 2578 non
2186 2514 2432 2597 vulgari
2456 2540 2475 2590 3
2507 2490 2777 2616 ξξῗῐξῖξζω

275 2640 518 2701 nempe
552 2618 1166 2682 adolescentulorum
1217 2620 1428 2681 vivum
1475 2627 1903 2701 vegetumque
1949 2618 2225 2682 calorem
2270 2617 2476 2699 aegris
2505 2620 2789 2694 cubanti-um

279 2720 681 2803 applicando.
743 2720 886 2783 Nec
915 2726 1012 2783 est
1044 2720 1214 2802 quod
1246 2720 1386 2803 quis
1417 2720 1699 2784 multum
1728 2721 2001 2783 miretur
2021 2719 2143 2781 hac
2172 2717 2476 2781 methodo
2507 2682 2751 2807 ξῗὶῗέζέ.

286 2822 462 2903 (licet
503 2823 858 2903 inusitata,)
901 2843 1164 2905 aegrum
1200 2829 1536 2905 tantopere
1574 2821 1987 2897 corroborari,
2026 2820 2477 2901 Naturamque
2505 2811 2619 2920 ξιξ
2632 2812 2790 2920 (Ἐξή-

282 2926 686 2990 debilitatam
707 2928 938 3010 juvari,
953 2935 1032 2990 ut
1064 2934 1266 2990 semet
1287 2949 1326 2989 a
1353 2926 1660 2990 materiae
1681 2923 2109 2988 secernendae
2138 2924 2476 2985 eliminan-
2508 2890 2651 2985 dest?

279 3030 528 3113 daeque
578 3030 860 3113 reliquiis
921 3037 1262 3107 exoneret3
1329 3051 1478 3093 cum
1522 3028 1799 3112 proclive
1844 3026 1927 3090 sit
1970 3026 2331 3107 intelligere
2378 3026 2476 3087 in·
2510 3036 2667 3111 (Jujus
2691 3053 2767 3113 ¹3²·

279 3132 534 3215 signem
557 3133 952 3196 effluviorum
980 3140 1354 3215 vegetorum
1383 3132 1633 3214 copiam
1657 3152 1697 3193 a
1725 3150 1881 3192 sano
1910 3134 1976 3192 et
2006 3127 2311 3191 athletico
2341 3148 2475 3191 cor·
2507 3102 2755 3213 meream-

275 3256 433 3318 pore
464 3235 533 3297 in
564 3256 791 3317 corpus
822 3235 996 3317 aegri
1027 3235 1410 3298 exhaustum
1438 3232 1829 3297 transfundi.
1918 3231 2149 3314 Neque
2190 3252 2476 3313 unquam

276 3337 562 3419 comperi
599 3337 899 3400 iteratam
939 3338 1289 3400 calentium
1327 3337 1679 3400 linteorum
1720 3334 2213 3417 applicationem
2246 3334 2475 3396 ullate-

273 3461 404 3501 nus
449 3438 518 3501 id
568 3446 891 3521 praestare
947 3440 1237 3516 valuisse,
1293 3438 1463 3521 quod
1521 3437 1715 3501 modo
1770 3436 2161 3519 praescripta
2226 3436 2476 3498 metho-

276 3542 402 3605 dus
439 3542 760 3623 praestitit
781 3567 802 3617 3
847 3541 960 3604 ubi
999 3542 1172 3604 calor
1210 3542 1564 3624 applicatus
1613 3547 1758 3602 tum
1796 3539 2001 3619 magis
2047 3546 2145 3600 est
2190 3537 2477 3600 humano

273 3643 532 3726 corpori
588 3664 928 3725 congener,
975 3651 1121 3706 tum
1170 3644 1362 3707 simul
1429 3641 1726 3719 blanduS,
1786 3640 2112 3718 humiduS,
2174 3640 2474 3722 aequaliS,

271 3746 723 3829 perennisque.
843 3748 1061 3829 Atque
1119 3747 1278 3810 haec
1345 3747 1530 3823 ratio,
1592 3744 1853 3827 spiritus
1912 3751 1979 3807 et
2037 3743 2295 3820 halitus,
2348 3742 2475 3805 for-

273 3849 451 3910 sitan
511 3846 907 3925 balsamicOS,
966 3849 1037 3910 in
1097 3848 1272 3931 aegri
1319 3868 1547 3930 corpus
1607 3846 2021 3922 immittendi,
2083 3865 2161 3907 ex
2220 3865 2296 3907 eo
2348 3865 2475 3925 quo

271 3951 413 4032 ipse
481 3950 661 4011 illam
721 3949 985 4012 adhibui
1045 3957 1351 4032 tempore,
1410 3950 1562 4012 licet
1624 3948 1835 4011 aliena
1900 3947 2183 4029 primum
2232 3945 2475 4008 videre-

271 4058 404 4128 tur,
438 4050 521 4114 ab
569 4051 708 4113 aliis
749 4072 898 4114 cum
947 4073 1244 4115 successu
1277 4051 1488 4114 faelici
1526 4050 1655 4113 fuit
1702 4048 2028 4125 adhibita3
2074 4067 2284 4130 neque
2328 4066 2472 4127 pro-

272 4156 446 4217 fecto
505 4173 612 4215 me
669 4153 869 4235 pudet
920 4154 1112 4237 hujus
1159 4153 1426 4218 remedii
1475 4152 1865 4229 meminisse,
1913 4149 2173 4213 tametsi
2232 4145 2474 4229 petulci

277 4254 542 4337 quidam
587 4254 879 4318 homines
939 4262 1132 4339 atque
1185 4262 1577 4337 arrogantes,
1628 4254 1971 4335 omniaque
2031 4248 2319 4331 vulgaria
2374 4247 2472 4310 in-

279 4357 460 4438 genti
528 4356 865 4439 supercilio
924 4364 1430 4435 contemnentes„
1491 4378 1596 4421 me
1654 4357 1926 4421 forsitan
1991 4354 2114 4417 hoc
2168 4351 2307 4433 ipso
2358 4372 2473 4413 no-

277 4458 454 4521 mine
502 4458 1038 4542 aspernabantur.
1136 4461 1278 4543 Ego
1329 4461 1502 4523 euim
1550 4458 1825 4543 proximi
1872 4456 2003 4519 mei
2063 4453 2473 4518 commodum
