3138 5006
579 305 1372 371 OBSERVATIONUM
1420 304 1994 370 MEDICARUM
2042 315 2088 367 1.
2127 318 2176 366 4.
2383 306 2478 368 63

272 466 626 549 exquisitus
655 466 764 529 ille
786 487 862 530 ac
892 466 1355 546 intoleranduS,
1370 465 1551 531 dolor
1573 466 1726 531 huic
1747 466 1973 531 morbo
1995 467 2472 548 superveniens,
2535 474 2732 523 Fam

270 590 407 633 non
446 568 705 633 aliunde
744 569 951 633 oritur
988 592 1184 654 quam
1226 590 1305 633 ex
1338 578 1746 655 praepostero
1787 568 2246 633 intestinorum
2289 578 2474 632 motu
2497 540 2777 653 Λῖζζᾞῇ

268 670 465 736 111οᾶ0
509 671 700 735 dicto.
796 674 964 736 Cum
1008 674 1185 737 enim
1230 673 1409 737 sinus
1450 674 1547 737 illi
1593 694 1760 757 quos
1794 671 2181 755 multiplices
2219 672 2493 745 intesti-‚
2531 671 2735 717 ’⁶¹·'⁶4·
2771 733 2779 740 .,

268 796 507 839 110111111
557 774 1160 840 circumvolutiones
1205 777 1634 855 constituunt,
1681 775 1776 839 ita
1826 798 1866 839 a
1909 774 2168 839 Natura
2211 775 2472 839 formati

266 878 403 942 sint
446 886 523 941 ut
568 878 651 943 ad
670 885 674 889 ’
694 878 1073 943 descensum
1120 880 1375 943 faecum
1421 901 1616 962 quam
1653 878 1981 962 aptissime
2017 877 2470 955 conducerent,

266 1001 421 1044 cum
450 980 499 1044 ii
547 981 881 1065 (inquam,)
928 984 1135 1045 motui
1166 982 1297 1045 suis
1329 982 1504 1046 fibris
1528 981 1850 1045 contrario
1879 981 2104 1045 cedere
2134 989 2468 1063 cogantur,

254 1084 551 1148 exoritur
587 1083 741 1148 inde
780 1084 1145 1167 praedictus
1184 1085 1400 1167 dolor;
1447 1086 1557 1167 qui
1598 1084 1857 1167 quidem
1901 1086 2017 1148 uni
2055 1085 2222 1169 parti
2264 1083 2472 1148 instar

266 1186 563 1250 terebelli
594 1186 909 1269 infigitur,
952 1208 1102 1251 cum
1140 1194 1255 1251 aut
1292 1188 1544 1252 valvula
1590 1208 1752 1270 quae
1781 1186 1864 1251 ad
1893 1187 2156 1251 initium
2199 1187 2324 1251 coli
2359 1208 2467 1271 ap-

265 1290 479 1372 posita
516 1296 1074 1354 excrementorum
1113 1289 1196 1354 ad
1232 1291 1406 1354 ileon
1448 1310 1812 1373 regressum
1855 1289 2145 1374 impedit,
2188 1299 2304 1354 aut
2344 1292 2469 1354 alia

266 1393 526 1475 quaevis
554 1393 933 1457 membrana
961 1392 1043 1457 ad
1072 1393 1289 1457 sinum
1318 1394 1666 1476 pertinens,
1697 1394 1828 1458 vim
1854 1394 2048 1478 hujus
2078 1395 2466 1478 praeposteri
2517 1438 2524 1445 -

262 1493 580 1578 impulsus
608 1496 744 1558 sola
771 1494 1068 1559 sustinet.

357 1596 578 1680 Hujus
594 1618 744 1661 vero
759 1596 1137 1661 inversionis
1156 1597 1331 1661 unde
1350 1597 1531 1661 dolor
1546 1598 1656 1661 ille
1675 1597 1960 1662 exoritur
1982 1598 2302 1682 duplicem
2322 1620 2470 1663 cau·
2496 1613 2744 1663 Passioni·

264 1710 407 1763 sam
436 1700 761 1782 assignare
789 1700 941 1764 licet
964 1704 999 1765 ε’
1030 1701 1538 1764 obstructionem
1568 1722 1821 1784 nempe,
1853 1702 1956 1765 vel
1982 1696 2430 1766 irritationem.
2495 1678 2753 1792 {33:2¹²-

367 1802 531 1887 [54]
586 1804 805 1867 Primo
848 1804 1067 1887 igitur,
1094 1824 1513 1887 quaecunque
1553 1805 1870 1869 intestina
1907 1805 2320 1869 vehementer
2357 1806 2469 1872 ob·
2495 1809 2626 1871 plex,
2649 1810 2734 1884 9¹³·

264 1911 534 1969 struunt
581 1914 657 1971 ut
695 1906 858 1969 nihil
896 1927 1011 1989 per
1055 1907 1360 1971 inferiora
1402 1907 1788 1971 descendere
1828 1907 2057 1988 valeat,
2109 1908 2287 1971 hunc
2320 1930 2470 1972 con·
2494 1880 2766 1987 ἷζᾞξὲᾏα

266 2006 539 2071 trarium
596 2008 669 2071 in
724 2009 1053 2072 intestinis
1104 2015 1355 2075 motum
1402 2016 1480 2073 ut
1523 2010 1886 2093 producant
1931 2031 2188 2074 necesse
2239 2004 2355 2088 est,
2403 2018 2470 2075 et
2499 2018 2610 2068 Quo
2633 2023 2778 2080 pacto

264 2111 515 2173 nemini
543 2132 676 2174 non
706 2118 955 2175 notum.
1049 2111 1132 2174 In
1160 2112 1396 2175 horum
1426 2133 1693 2176 censum
1725 2112 1805 2177 ab
1837 2112 2218 2177 authoribus
2245 2113 2470 2177 referri
2494 2083 2752 2195 &godu-

262 2212 476 2276 solent
503 2212 711 2276 faeces
753 2213 1113 2292 induratae,
1145 2215 1337 2277 flatus
1367 2214 1562 2278 crassi
1589 2236 1830 2297 magna
1868 2214 2052 2297 copia
2093 2214 2362 2294 collecti,
2395 2234 2469 2279 ac

260 2314 579 2379 intestina
622 2316 800 2380 velut
848 2318 921 2381 in
968 2317 1214 2380 nodum
1265 2317 1734 2395 convolventes,
1788 2318 2158 2381 constrictio
2214 2318 2468 2382 intesti-

264 2438 502 2482 norum
529 2418 601 2481 in
620 2418 866 2497 hernia,
889 2420 1314 2485 inflammatio
1333 2419 1630 2503 denique,
1657 2419 1889 2502 aliique
1919 2427 2202 2484 tumores
2227 2421 2466 2503 magni,

262 2523 381 2605 qui
438 2523 776 2588 cavitatem
831 2525 1159 2588 internam
1200 2525 1498 2588 intestini
1541 2524 1910 2588 occludunt.
2001 2525 2278 2588 Interim
2321 2545 2469 2589 vero

261 2624 443 2688 haud
472 2627 842 2709 negandum
874 2627 1044 2711 quod
1077 2633 1293 2691 motus
1322 2629 1680 2693 contrarius
1709 2628 1882 2691 hisce
1917 2628 2124 2691 causis
2154 2627 2469 2710 originem

264 2726 528 2808 debens,
558 2730 773 2813 potius
800 2731 1222 2813 ingestorum,
1255 2753 1449 2814 quam
1492 2731 1952 2795 intestinorum
1981 2737 2197 2793 motus
2225 2729 2467 2793 haben-

264 2829 406 2908 dus,
438 2853 649 2916 neque
694 2833 851 2897 haec
884 2833 1088 2897 totius
1128 2833 1586 2897 intestinorum
1626 2833 1860 2897 ductus
1901 2833 2177 2896 inversio
2206 2839 2324 2910 est,
2353 2832 2467 2895 sed

258 2931 523 2996 illorum
568 2943 825 3000 tantum
872 2957 1035 3019 quae
1082 2957 1279 3019 supra
1324 2936 1543 3000 sedem
1586 2937 1773 3000 istius
1833 2934 2294 3000 obstructionis
2345 2934 2468 2997 sita

256 3043 439 3100 sunt.
533 3036 750 3103 Quam
778 3037 861 3102 ob
898 3059 1157 3102 causam
1192 3038 1473 3102 Affectio
1512 3039 1718 3103 Iliaca
1743 3039 1898 3102 hinc
1933 3037 2238 3121 profecta,
2280 3059 2322 3100 a
2359 3057 2466 3100 me

254 3141 451 3202 notha
482 3141 857 3223 appellatur.

359 3242 525 3326 [55.]
585 3242 881 3308 Secundo
920 3265 1088 3324 ver0,
1120 3243 1349 3328 opinor
1392 3244 1563 3328 quod
1607 3243 1680 3308 in
1721 3244 1990 3308 Affectu
2033 3243 2254 3308 Iliaco'
2275 3264 2468 3307 causa

258 3344 640 3410 inversionis
667 3346 1044 3431 peristaltici
1071 3347 1527 3412 intestinorum
1555 3353 1772 3412 motus
1799 3354 1876 3411 ut
1904 3347 2255 3431 plurimum
2276 3346 2370 3410 ita
2397 3367 2466 3410 se

256 3448 483 3513 habet.
568 3448 904 3514 Nimirum
945 3471 1023 3514 ex
1062 3450 1507 3515 tumultuante
1555 3451 1871 3531 sanguine
1907 3451 1982 3513 in
2015 3450 2222 3514 Febre
2255 3470 2467 3532 nuper

260 3559 592 3635 concepta,
639 3553 712 3615 in
761 3553 1191 3617 ventriculum
1238 3561 1305 3617 et
1353 3553 1644 3638 proxima
1687 3553 1999 3617 intestina
2055 3552 2469 3636 deponuntur

256 3653 565 3718 humores
596 3676 771 3718 acres
801 3662 867 3719 et
896 3655 1184 3738 maligni,
1204 3677 1283 3720 ex
1312 3655 1545 3739 quibus
1571 3654 1965 3718 ventriculus
1982 3654 2190 3738 primo
2217 3663 2468 3718 motum

260 3777 454 3820 suum
484 3757 823 3836 invertere,
856 3779 929 3822 ac
958 3757 1239 3822 violento
1278 3758 1529 3840 impetu
1558 3757 1897 3821 materiam
1925 3757 2264 3820 molestam
2291 3756 2364 3819 in
2393 3776 2469 3819 eo

260 3867 641 3925 contentam
673 3882 788 3944 per
830 3881 901 3924 os
945 3861 1208 3945 rejicere
1238 3861 1530 3943 cogitur:
1576 3860 1918 3923 ventriculi
1960 3859 2227 3923 tandem
2261 3859 2470 3923 motui

174 4022 187 4037 ,
262 3965 554 4030 validiori
581 3965 893 4028 intestina
920 3964 1145 4028 tenuia
1188 3964 1309 4048 ipsi
1340 3963 1652 4028 continua
1673 3963 1810 4047 jam
1841 3963 2177 4027 debilitata
2205 3961 2465 4040 cedunt,

204 4051 242 4073 ”
281 4075 329 4132 st
358 4089 509 4131 cum
540 4067 641 4130 his
671 4067 935 4131 demum
976 4067 1223 4151 majora
1260 4067 1333 4129 111
1362 4087 1745 4131 consensum
1789 4065 2160 4143 trahuntur,
2191 4064 2466 4128 vomitu-

257 4171 471 4236 ‚riente
526 4171 885 4236 ventriculo
928 4171 1111 4256 quasi
1156 4171 1454 4235 choream
1514 4170 1812 4234 ducente.
1903 4165 2104 4232 Hunc
2163 4167 2468 4230 affectum
2493 4179 2696 4257 argenti

183 4252 203 4281 ³
258 4295 471 4339 verum
500 4275 713 4338 Ileum
741 4295 914 4355 voc0,
947 4282 1013 4338 et
1052 4273 1161 4337 ille
1190 4274 1385 4358 hujus
1416 4273 1541 4337 loci
1577 4279 1696 4336 est.
1785 4270 2140 4335 Methodus
2171 4289 2322 4332 eum
2356 4289 2466 4331 cu·
2491 4255 2712 4371 {mdio-

260 4378 451 4444 randi
477 4377 791 4442 hactenus
826 4377 961 4441 fere
997 4376 1331 4458 incognita
1356 4375 1501 4453 fuit,
1534 4374 1837 4458 quicquid
1879 4371 2179 4437 nonnulli
2215 4372 2468 4455 jactent
2491 4389 2601 4448 rum
2617 4389 2738 4421 usus

24 4463 148 4882 ⁴
262 4481 340 4546 de
374 4501 501 4546 usu
540 4482 795 4563 argenti
836 4480 980 4559 vivi,
1020 4487 1086 4545 et
1126 4479 1555 4563 globulorum,
1599 4499 1762 4561 quae
1805 4483 2252 4561 praeterquam
2297 4474 2467 4557 quod
2490 4437 2768 4550 {2323}-
