3138 5006
683 251 809 315 168
1295 251 1687 318 ΤΗΟΜΑΕ
1734 227 2252 317 SYD'ENHAM

393 413 634 464 Dans-r.
679 403 1012 488 sanguinis
1063 426 1177 489 per
1220 426 1480 470 omnem
1529 403 1739 469 morbi
1785 403 2127 468 decursum
2177 399 2407 466 iisdem
2450 399 2882 476 admiscetur3
2948 455 2965 466 .

372 479 653 594 A·}32}{”
679 527 806 589 quo
859 528 992 571 non
1043 507 1364 586 obstante,
1415 507 1631 589 (modo
1672 507 2041 590 frequentes
2093 504 2225 569 sint
2273 503 2680 589 dejectiones,
2724 521 2881 566 cum

675 607 918 674 ventris
958 608 1347 673 torminibus
1383 618 1452 673 et
1491 608 1763 673 colluvie
1799 609 2103 690 mucosa,)
2145 607 2410 672 morbus
2448 605 2625 670 haud
2659 604 2881 668 minus

677 717 850 775 recte
894 711 1273 793 Dyeenteria
1313 709 1670 790 vocabitur,
1717 732 1913 794 quam
1966 709 2021 773 si
2066 732 2201 773 una
2248 716 2545 773 manaret
2588 706 2875 790 sanguis.

373 819 632 870 eas-diaco·
677 811 942 877 Interea
979 811 1290 896 temporis
1327 833 1536 896 aeger,
1567 813 1623 876 si
1656 813 1759 876 vel
1792 819 2005 877 aetate
2033 813 2277 892 floreat,
2308 812 2410 875 vel
2439 810 2879 876 cardiacorum

369 894 638 1012 {affigit-re-
676 935 798 998 ope
818 914 1184 994 incalescat,
1205 915 1530 980 febricitat
1539 941 1558 994 3
1590 915 1817 998 lingua
1834 914 2171 979 subalbida
2187 914 2465 998 quadam
2486 912 2877 994 mucilagine

359 1013 612 1089 Pffldssfiss
677 1016 874 1080 dense
933 1017 1160 1096 obsita,
1208 1023 1293 1095 et,
1341 1017 1394 1080 si
1444 1016 1889 1081 vehementius
1946 1017 2143 1080 fuerit
2195 1015 2641 1098 excalefactus,
2686 1014 2878 1096 nigra

367 1077 536 1189 3033
557 1142 631 1190 in-
675 1117 872 1182 etiam
931 1126 1125 1202 atque
1183 1119 1368 1183 sicca.
1467 1119 1980 1183 Prosternuntur
2046 1117 2397 1182 admodum
2452 1117 2637 1194 vires,
2690 1114 2875 1178 dissi-

367 1208 635 1256 ⁰⁰¹¹²²¹²⁰d²
673 1228 915 1304 pantur
953 1221 1234 1303 spiritus,
1263 1221 1522 1285 nullum
1559 1243 1695 1286 non
1734 1221 1917 1286 adest
1952 1221 2149 1285 febris
2184 1221 2351 1284 male
2391 1225 2677 1285 moratae
2703 1217 2872 1281 indi-

674 1323 866 1386 cium.
955 1323 1112 1387 Non
1172 1323 1422 1388 dolores
1478 1330 1743 1387 tantum
1800 1345 2085 1386 summos
2145 1331 2339 1405 atquc
2398 1319 2871 1404 aegritudinem

673 1423 884 1488 adfert
911 1424 1034 1488 hoc
1072 1425 1335 1503 malum,
1369 1425 1499 1503 sed,
1532 1425 1660 1488 nisi
1699 1426 1907 1509 perite
1942 1431 2279 1503 tractetur,
2310 1425 2543 1508 ingens
2574 1423 2771 1487 etiam
2801 1421 2875 1486 in

673 1526 843 1590 vitae
874 1527 1212 1591 discrimen
1243 1548 1510 1610 aegrum
1538 1526 1871 1613 perducit3
1925 1548 2075 1591 cum
2106 1527 2279 1591 enim
2311 1527 2450 1611 jam
2486 1526 2871 1590 imminutae

675 1629 901 1693 caloris
930 1627 1140 1693 vitalis
1163 1650 1239 1693 ac
1267 1629 1613 1713 spirituum
1636 1629 1855 1713 copiae
1886 1651 1925 1694 a
1946 1629 2186 1694 crebris
2209 1629 2385 1693 hisce
2408 1627 2875 1713 dejectionibus

673 1737 828 1795 ante
868 1731 1331 1795 exhauriantur
1368 1753 1564 1815 quam
1605 1753 1877 1815 peccans
1920 1731 2194 1795 materia
2231 1731 2434 1814 possit
2478 1752 2515 1795 e
2556 1731 2875 1812 sanguine

673 1833 1021 1912 exturbari,
1051 1856 1365 1898 manuum
1397 1855 1471 1899 ac
1499 1832 1740 1918 pedum
1774 1835 2013 1918 frigore
2048 1833 2562 1918 superveniente,
2594 1855 2635 1896 a
2662 1838 2874 1896 morte

673 1934 1159 2020 periclitabitur,
1191 1937 1387 2000 etiam
1425 1936 1603 2000 intra
1643 1937 2017 2001 morborum
2060 1943 2397 2001 acutorum
2430 1934 2725 2019 periodos
2759 1955 2875 2017 op-

672 2037 954 2120 petenda
968 2061 989 2115 3
1036 2036 1207 2121 quod
1247 2037 1302 2100 si
1335 2037 1692 2103 intentatas
1734 2039 2083 2103 Parcarum
2127 2060 2361 2102 manus
2398 2038 2522 2102 hac
2559 2037 2696 2100 vice
2736 2035 2875 2100 elu-

673 2139 848 2217 serit,
880 2139 1068 2223 plura
1105 2146 1328 2203 tamen
1369 2140 1601 2204 diversi
1644 2141 1897 2222 generis
1942 2147 2375 2226 symptomata
2417 2141 2725 2204 miserum
2762 2161 2873 2202 ex·-

671 2247 958 2324 pectant.
1046 2241 1251 2306 Verbi
1295 2243 1522 2324 gratia,
1560 2264 2035 2327 nonnunquam
2069 2263 2403 2327 progresso
2446 2241 2691 2320 morbo,
2730 2241 2877 2304 loco

673 2342 1150 2406 filamcntorum
1189 2344 1693 2426 sanguineorum
1736 2367 1901 2429 quae
1931 2345 2155 2410 eodem
2190 2345 2541 2428 incipiente
2571 2342 2873 2427 dejectio-

672 2444 867 2510 nibus
911 2445 1218 2530 permista
1254 2446 1535 2532 conspici
1576 2448 1887 2528 solebant,
1921 2447 2183 2531 sanguis
2227 2445 2530 2528 sincerus,
2560 2467 2645 2511 ne
2681 2467 2877 2511 muco

675 2548 937 2633 quidem
991 2549 1386 2629 intermixto,
1446 2550 1707 2633 largiori
1768 2552 2133 2636 quantitate
2192 2550 2463 2632 singulis
2532 2547 2875 2614 conatibus

675 2650 999 2733 egeritur3
1062 2651 1254 2735 quod,
1295 2674 1445 2717 cum
1488 2652 1869 2718 corrosionis
1918 2654 2238 2737 majorum
2289 2652 2533 2736 aliquot
2574 2673 2875 2715 vasorum

678 2774 840 2836 quae
879 2753 1192 2819 intestina
1233 2762 1606 2839 per-reptant
1651 2763 2111 2839 argumentum
2156 2754 2258 2833 sit,
2297 2774 2489 2836 aegro
2533 2752 2877 2817 interitum

371 2865 611 2916 Intestina
677 2852 984 2919 minatur.
1044 2855 1536 2939 Nonnunquam
1557 2857 1757 2921 etiam
1774 2856 2085 2921 intestina
2102 2876 2397 2939 amagno
2418 2854 2529 2919 illo
2548 2854 2873 2933 incendic,

367 2932 656 3059 ἓξξξιοξζξ
681 2955 852 3040 quod
891 2956 1188 3021 excitavit
1227 2959 1533 3022 materiae
1577 2959 1819 3022 calidae
1863 2967 2056 3042 atque
2091 2956 2253 3021 acris
2294 2955 2378 3021 ad
2417 2963 2633 3040 partes
2671 2956 2877 3020 laesas

359 3052 657 3113 afficiamur.
683 3059 953 3122 affluxus
982 3058 1310 3141 copiosior,
1343 3081 1715 3144 gangraena
1744 3060 2086 3124 insanabili
2120 3059 2507 3124 afficiuntur.
2568 3057 2877 3143 Aphthae

371 3167 605 3231 Aphthae
681 3160 962 3244 insuper,
993 3169 1270 3225 exeunte
1305 3163 1552 3241 morbo,
1584 3161 1710 3226 oris
1742 3162 1999 3227 interna
2033 3163 2378 3244 faucesque
2418 3181 2877 3245 saepenumero

371 3240 632 3344 {ffgffin
678 3262 1012 3339 obsident3
1059 3262 1372 3345 imprimis
1421 3263 1538 3327 ubi
1588 3285 1817 3349 corpus
1869 3264 1983 3327 diu
2030 3263 2229 3327 fuerit
2278 3263 2758 3339 excalefactum,
2809 3270 2879 3327 et

373 3367 642 3471 tifffiffium
677 3362 984 3427 materiae
1040 3364 1364 3447 peccantis
1422 3366 1752 3431 evacuatio
1810 3364 2296 3430 medicamentis
2365 3364 2877 3447 astringentibus

373 3440 608 3535 genunei-
677 3466 1007 3551 impedita,
1057 3490 1193 3532 non
1251 3475 1473 3533 exacto
1529 3470 1708 3555 prius
1766 3492 1883 3556 per
1940 3468 2295 3534 cathartica
2343 3468 2553 3533 morbi
2608 3468 2873 3533 fomite:

367 3560 471 3601 ⁸¹¹²·
679 3577 874 3652 atque
901 3570 1024 3633 hae
1055 3570 1314 3653 quidem
1341 3580 1619 3637 mortem
1648 3572 2100 3636 imminentem
2124 3578 2203 3635 ut
2231 3571 2583 3655 plurimum
2623 3569 2875 3635 denun-

677 3671 872 3737 ciant.
971 3672 1093 3757 [4.]
1151 3674 1344 3739 Quod
1366 3674 1420 3738 si
1449 3674 1777 3758 praedicta
1798 3681 2229 3759 symptomata
2248 3673 2639 3756 superaverit
2662 3694 2875 3754 aeger,

679 3778 746 3837 et
802 3772 1066 3838 morbus
1123 3774 1194 3837 in
1251 3774 1521 3857 longum
1578 3776 1894 3854 trahatur,
1946 3775 2213 3839 tandem
2280 3774 2592 3839 intestina
2648 3775 2877 3839 ordine

681 3896 970 3958 quaeque
1001 3896 1117 3940 suo
1152 3875 1450 3940 deorsum
1486 3898 1705 3939 versus
1742 3876 1906 3941 affici
1936 3875 2257 3954 videntur,
2290 3876 2495 3941 donec
2524 3877 2594 3940 in
2621 3885 2877 3941 rectum

678 3978 1063 4042 intestinum
1084 3979 1330 4042 malum
1359 4000 1550 4043 omne
1576 3980 1973 4057 detrudatur,
1996 3986 2063 4043 et
2091 3978 2163 4041 in
2190 3986 2557 4043 tenesmum
2587 3979 2879 4059 desinat3

679 4102 808 4164 quo
828 4080 1019 4159 facto,
1041 4080 1234 4165 longe
1264 4102 1444 4144 secus
1475 4087 1670 4162 atque
1692 4080 1763 4143 in
1781 4080 2203 4164 Dysenteriis,
2228 4080 2615 4163 dejectiones
2638 4089 2876 4146 sterco-

677 4202 860 4245 rosae
899 4182 1532 4246 vehementissimum
1572 4182 1896 4245 intestinis
1936 4182 2219 4245 dolorem
2249 4182 2558 4262 inferunt,
2594 4184 2715 4245 alvi
2758 4184 2879 4248 sci-

677 4282 828 4347 licet
870 4283 1156 4347 faecibus
1193 4284 1514 4348 teneriora
1551 4284 1765 4348 adhuc
1800 4284 2111 4348 intestina
2146 4284 2317 4349 inter
2357 4284 2879 4349 descendendum

677 4384 1092 4463 radentibus;
1156 4407 1305 4450 cum
1358 4385 1747 4470 dejectiones
1796 4408 2095 4451 mucosae
2153 4407 2230 4450 eo
2280 4392 2539 4451 tantum
2588 4392 2880 4471 tempore
