3138 5006
670 275 799 341 462
1294 271 1683 336 THOMAE
1731 271 2247 335 SYDENHAM

394 453 478 502 Da
504 453 616 500 nr·
664 442 945 519 purgatu
992 433 1375 498 difficillimis
1422 434 1653 498 unciae
1696 431 1908 513 duae,)
1959 453 2152 496 mane
2195 431 2500 510 exhibita,
2539 437 2610 495 et
2657 430 2884 514 quoti-

407 532 596 565 ¹‘¹²⁰¹'¹³·
666 535 771 598 die
807 556 925 618 pro
965 537 1139 618 aegri
1183 537 1423 600 viribus
1462 536 1784 614 reiterata,
1833 533 2188 618 quamlibet
2233 535 2442 618 prima
2477 533 2642 598 facie
2695 531 2882 596 haud

666 637 841 701 aliud
885 639 1224 721 promittat
1276 661 1471 724 quam
1521 638 1858 702 colluviem
1901 639 1976 700 in
2023 638 2382 702 ventriculo
2427 636 2879 704 stabulantem

667 762 944 824 egerere,
973 742 1240 806 tandem
1282 749 1505 806 tamen
1542 742 1774 806 efficiet
1816 749 1892 806 ut
1933 739 2252 804 abdomen
2292 740 2372 804 ab
2417 761 2730 824 aquarum
2763 761 2874 803 su-

364 865 616 914 Emeticae
666 846 1328 929 per-incumbentium
1363 867 1557 910 onere
1590 845 1938 910 liberetur:
1991 851 2440 926 praeterquam
2467 843 2644 907 enim
2673 842 2870 925 quod,

362 931 651 1042 ‘r’g’gffgflffi'
667 954 957 1012 cessante
994 947 1362 1026 vomitione,
1392 948 1465 1010 in
1498 946 1826 1011 catharsin
1869 943 1985 1026 τὴν
2011 945 2184 1010 κάτω
2223 945 2384 1010 solet
2412 943 2720 1022 desinere,
2751 964 2870 1006 ne-

361 1060 647 1122 vestigatur.
668 1069 841 1112 cesse
870 1055 968 1112 est
1004 1049 1289 1128 omnino,
1319 1055 1414 1127 ut,
1447 1069 1598 1112 cum
1639 1055 1830 1112 tanta
1867 1048 2065 1112 fuerit
2101 1047 2369 1130 agitatio
2407 1047 2870 1127 concussioque

668 1157 805 1214 tam
832 1150 1171 1214 ventriculi
1214 1172 1409 1234 quam
1452 1151 1768 1215 viscerum
1811 1171 1852 1213 a
1885 1155 2024 1213 tam
2051 1150 2294 1232 insigni
2331 1169 2642 1233 aquarum
2671 1147 2868 1210 corri-

667 1253 923 1317 vatione
968 1253 1149 1335 quasi
1188 1254 1781 1337 circumseptorum,
1811 1252 2162 1317 earundem
2197 1253 2526 1318 evacuatio
2566 1273 2682 1335 per
2709 1251 2868 1315 duc-

669 1365 779 1421 tus
820 1358 1151 1422 communi
1178 1359 1472 1422 Naturae
1500 1359 1644 1441 lege
1672 1357 1850 1420 hand
1887 1356 2042 1420 satis
2085 1363 2382 1440 patentes
2425 1363 2730 1420 conatum
2773 1355 2872 1419 ita

670 1460 1116 1524 vehementem
1173 1461 1568 1543 insequatur.
1659 1461 2130 1538 Veruntamen,
2185 1461 2240 1524 si
2297 1461 2698 1544 praedictum
2755 1480 2870 1522 vo-

668 1565 1002 1628 mitorium
1046 1564 1414 1628 inferiorem
1448 1571 1742 1629 ventrem
1791 1563 1970 1628 haud
2005 1563 2348 1628 efficaciter
2397 1562 2870 1646 expurgaverit,

668 1676 809 1732 tam
842 1668 1261 1732 electuarium
1296 1668 1376 1731 de
1416 1689 1606 1732 succo
1649 1688 1943 1731 rosarum
1985 1687 2180 1749 quam
2219 1687 2532 1750 syrnpmn
2571 1664 2653 1728 de
2683 1664 2876 1747 spina

670 1771 926 1835 cervina
975 1771 1146 1835 soleo
1191 1779 1337 1855 post
1384 1771 1646 1835 tertiam
1697 1776 1813 1834 aut
1863 1777 2160 1855 quartam
2207 1769 2392 1834 dosin
2437 1789 2652 1832 merae
2693 1768 2872 1832 infu-

671 1875 867 1939 sionis
920 1876 1089 1940 croci
1136 1875 1545 1939 metallorum
1597 1874 1982 1958 quandoque
2031 1873 2206 1979 (licet
2247 1872 2498 1956 rarius,)
2551 1871 2872 1955 adjicere3

672 1977 948 2060 exempli
976 1978 1222 2060 gratia.
1224 2015 1314 2025 —

673 2161 874 2228 [Form.
906 2166 1052 2229 100.]
1129 2159 1192 2238 R
1230 2164 1417 2231 Aquae
1439 2161 1645 2215 Car-dui
1672 2161 1954 2214 Benedicti
1977 2161 2163 2214 uncias
2185 2168 2308 2224 tres,

1236 2247 1527 2300 Infusionis
1550 2247 1708 2301 Croci
1735 2246 2076 2300 Metallorum
2099 2245 2504 2316 sesquiunciam,

1238 2332 1431 2402 Syrupi
1457 2331 1523 2386 de
1550 2333 1718 2402 Spina
1742 2333 1973 2385 Cervina
1993 2333 2360 2396 semiunciam,

1234 2417 1523 2472 Electum-ii
1546 2417 1614 2472 de
1642 2418 1811 2472 Succo
1835 2417 2098 2472 Rosarum
2122 2417 2401 2472 drachmas
2424 2415 2589 2480 duan

955 2503 1157 2565 Misce,
1195 2503 1289 2559 fiat
1309 2506 1471 2575 potio.

367 2694 548 2741 Caenos
564 2692 646 2739 ‹12-
680 2720 689 2727 -
770 2680 935 2764 [19.]
993 2679 1184 2745 Quod
1227 2701 1377 2745 vero
1420 2680 1661 2745 dentur
1700 2679 2015 2764 ejusmodi
2047 2680 2220 2745 caeci
2262 2684 2515 2743 meatus
2558 2698 2672 2761 per
2709 2698 2878 2760 quos

365 2758 625 2869 {ixmbdssm
674 2804 877 2865 aquae
924 2804 1002 2847 ex
1049 2783 1409 2847 abdominis
1454 2784 1726 2848 cavitate
1773 2784 1856 2847 ad
1899 2784 2210 2848 intestina
2249 2782 2744 2861 transferantur,
2791 2781 2878 2845 de

366 2900 557 2996 Ψὲῒθ,
534 2900 613 2932 0¹²·
672 2888 845 2951 facto
890 2888 1131 2970 liquet,
1179 2908 1329 2950 cum
1375 2888 1661 2970 quotidie
1719 2888 2127 2952 observemus
2183 2887 2562 2973 hydragoga
2615 2894 2878 2951 tantam

365 2964 529 3061 ῑῃῑρεῑῗ
532 2950 595 3061 ἐξ
674 3010 987 3072 aquarum
1015 2988 1089 3051 in
1118 2987 1459 3052 abdomine
1486 2989 1883 3053 inclusarum
1911 2991 2041 3054 vim
2080 3010 2195 3074 per
2229 3002 2546 3055 secessum
2577 2989 2876 3067 educere,

367 3076 579 3203 {lida—‘⁰
672 3091 939 3173 perinde
976 3112 1051 3154 ac
1080 3090 1135 3153 si
1161 3091 1459 3174 primitus
1496 3092 1569 3155 in
1602 3091 1754 3175 ipsis
1797 3092 2122 3156 intestinis
2151 3093 2656 3157 continerentur.
2745 3092 2877 3155 Cui

672 3202 811 3258 tam
850 3196 1013 3258 duro
1049 3195 1223 3258 nodo
1261 3216 1415 3259 eum
1448 3216 1668 3279 parem
1708 3217 1988 3261 cuneum
2015 3195 2188 3260 haud
2225 3196 2411 3261 facile
2445 3196 2874 3274 inveniamus,

672 3296 744 3359 in
777 3304 1063 3361 men-tem
1108 3298 1269 3361 mihi
1307 3298 1483 3363 venit
1522 3300 1772 3365 celebre
1807 3301 1970 3364 illud
2005 3301 2254 3365 dictum
2289 3300 2537 3365 Medici
2578 3299 2874 3363 omnium

371 3414 441 3461 Hi
425 3428 643 3489 xppoera-
675 3401 1073 3465 saeculorum
1101 3402 1346 3485 judicio
1376 3402 1829 3487 sapientissimi
1881 3404 2254 3487 optimique,
2289 3402 2698 3487 Hippocratis
2747 3402 2876 3466 sci-

368 3486 443 3589 ἷξε
436 3494 621 3590 mnffi‘f'
673 3504 844 3581 licet,
877 3504 987 3586 qui
1029 3504 1102 3567 ιιι
1151 3504 1319 3570 libro
1362 3508 1459 3571 De
1487 3508 1715 3570 Prisca
1744 3508 2066 3571 Medicina
2114 3507 2298 3591 [tom.
2338 3505 2382 3571 ι.
2421 3530 2487 3591 p.
2527 3507 2663 3590 49.]
2708 3507 2875 3572 haec

369 3607 507 3655 itur.
675 3607 907 3671 habet:
961 3607 1247 3693 Aequum
1285 3608 1353 3675 δέ
1392 3636 1554 3680 τινες
1593 3609 1702 3675 καὶ
1729 3608 1970 3732 Ἰητροὶ
2007 3608 2116 3674 καὶ
2153 3608 2469 3697 σοφισταὶ
2506 3610 2594 3679 ὡς
2633 3609 2746 3675 οὐκ
2777 3608 2876 3675 ἔνι

676 3708 939 3775 δυνατὸν
965 3708 1285 3797 Ἰητρικὴν
1326 3710 1574 3793 εἰδέναι,
1605 3710 1782 3781 ὅστις
1819 3712 1910 3795 μὴ
1949 3710 2112 3777 οἶδε-ν
2151 3714 2185 3777 ὅ
2213 3711 2284 3777 τί
2315 3713 2496 3779 ἐστιν
2523 3711 2873 3799 ἄνθρωπος,

676 3810 785 3877 καὶ
814 3810 983 3883 ὅπως
1022 3814 1269 3899 ἐγένετο
1298 3818 1572 3902 πρῶτον,
1605 3813 1714 3879 καὶ
1751 3814 1922 3883 ὅπως·
1961 3814 2312 3903 συνεπάγη·
2345 3814 2474 3901 ἐγὼ
2503 3813 2571 3879 δὲ
2603 3814 2880 3880 τουτέων

674 3912 793 3995 μὲν
842 3912 969 3978 <Sera
1018 3913 1143 3979 τινὶ
1200 3915 1440 4002 εἴρηται
1498 3918 1783 4003 σοφιστῇ
1832 3915 1875 3997 ἢ
1924 3915 2159 4005 ’Im-9523
2209 3916 2254 3998 ἢ
2309 3916 2670 4004 γέγραπται
2723 3914 2880 4003 περὶ

680 4016 953 4095 Φύσεως,
1014 4016 1221 4099 ἧσσον
1282 4018 1509 4099 νομίζω
1565 4022 1646 4103 τῇ
1696 4020 1975 4106 Ἰητρικῇ
2032 4022 2225 4107 τεχνῇ
2281 4019 2630 4107 προσήκειν
2681 4018 2728 4100 ἦ
2793 4020 2882 4103 τῇ

678 4121 979 4205 γραφικῇ.
1011 4122 1056 4184 ι.
1090 4142 1145 4184 e.
1178 4122 1417 4185 Medici
1448 4124 1697 4204 quidam
1731 4129 1794 4186 et
1835 4124 2146 4204 sophistae
2185 4124 2400 4188 dicunt
2441 4124 2608 4207 quod
2643 4126 2882 4206 impos-

676 4224 853 4289 sibile
900 4231 993 4287 est
1044 4246 1177 4289 eum
1213 4226 1594 4291 Medicinam
1633 4248 2009 4309 coynoscere,
2063 4228 2170 4310 qui
2207 4248 2330 4291 non
2373 4229 2546 4292 novit
2594 4228 2750 4310 quid
2791 4230 2884 4291 sit

675 4326 868 4402 homo,
911 4331 972 4389 et
1018 4329 1311 4409 quomodo
1337 4331 1610 4410 primum
1641 4329 1860 4410 factus
1901 4335 1962 4391 et
2005 4335 2355 4411 compactus
2395 4333 2478 4392 sit
2495 4357 2515 4402 ;
2577 4350 2686 4411 eqo
2733 4350 2884 4393 vero

678 4445 751 4486 ea
799 4446 953 4506 quae
1001 4429 1078 4491 ab
1114 4432 1319 4513 alioue
1369 4434 1646 4515 sophista
1681 4439 1793 4497 aut
1827 4433 2076 4496 Medico
2119 4434 2194 4496 de
2239 4432 2494 4497 Natura
2541 4433 2716 4497 dicta
2767 4440 2888 4497 aut
