3138 5006
1447 96 1460 132 6

469 270 585 325 634

471 422 602 471 solae
624 437 652 469 a
675 420 814 469 nobis
836 420 1065 484 cognosci
1088 428 1306 483 possunt,
1335 422 1392 469 16
1416 437 1516 483 sq.;
1551 420 1627 467 in-

469 486 733 535 dicationes
754 485 993 549 genuinas
1027 484 1138 548 plus
1173 492 1384 547 praestat
1411 484 1632 532 Medicus

469 552 893 665 ἱκρίεοετίἳῗιηω
925 548 1150 598 remediis
1185 550 1518 612 excogitandis
1553 549 1631 596 in-

509 630 687 673 serere,
773 650 786 662 .

539 680 808 743 Indigestio
837 680 1100 727 humorum
1131 678 1407 727 eommunis
1439 678 1632 725 morbo-

475 761 586 793 rum
621 745 958 793 chronicorum
993 760 1183 806 parens,
1207 746 1318 801 429,
1341 746 1465 797 430,
1510 742 1631 805 pod-

473 825 616 873 agrae
639 810 867 873 primaria
888 825 1052 865 causa,
1075 810 1187 856 441.

473 910 480 915 -
541 875 760 922 Infantes
797 872 1070 921 convulsivi
1113 872 1368 920 materiem
1410 871 1634 918 biliosum

475 939 674 987 viridem
719 939 961 1001 rejiciunt,
1002 938 1126 993 372,
1183 937 1414 985 corticem
1459 935 1635 984 Peruv.

475 1004 715 1067 quomodo
737 1018 982 1051 assumere
1010 1002 1212 1065 possint,
1238 1001 1359 1057 287,
1395 1016 1635 1048 evacuan-

475 1068 605 1121 tibus
652 1068 814 1115 vexati
866 1068 1110 1130 quomodo
1160 1066 1479 1125 restaurandi,
1525 1067 1636 1121 381.

477 1136 596 1189 382,
653 1132 798 1190 febre,
855 1132 956 1179 sive
1007 1132 1213 1180 tertiana
1255 1138 1491 1188 autumn„
1537 1130 1639 1177 sive

476 1206 730 1260 quartana,
751 1196 1041 1251 laborantes,
1065 1204 1236 1259 sponte
1259 1194 1536 1258 saepissime
1559 1211 1637 1241 sa—

477 1270 672 1319 nantur,
695 1264 786 1317 83;
829 1260 1151 1324 purgantibus
1183 1260 1236 1307 in
1268 1266 1458 1307 tumore
1489 1259 1637 1307 abdo-

477 1327 626 1374 minis
667 1342 809 1389 saepe
851 1326 1066 1389 repetitis
1104 1324 1454 1387 quamplurimi
1487 1324 1636 1371 inter-

479 1390 645 1453 empti,
680 1392 973 1444 381-383,
1028 1390 1180 1451 hujus
1223 1388 1426 1436 tumoris
1467 1396 1517 1436 et
1547 1388 1637 1435 du-

479 1456 606 1505 ritiei
627 1455 834 1513 medela,
858 1458 918 1503 89
939 1474 950 1510 ;
985 1454 1072 1501 ubi
1089 1454 1294 1517 spasmis
1316 1453 1642 1515 corripiuntur

481 1521 566 1583 qui
616 1536 646 1567 a
687 1520 952 1567 dentitione
990 1534 1089 1566 non
1133 1517 1344 1581 amplius
1387 1519 1642 1581 procedere

478 1593 698 1648 possunt,
741 1584 802 1632 de
835 1584 1045 1641 variolis,
1085 1582 1337 1639 morbillis‚
1384 1590 1470 1630 aut
1510 1583 1641 1629 febre

481 1650 756 1705 scarlatina,
779 1648 1110 1711 cogitandum,
1135 1649 1244 1704 345,
1269 1648 1394 1702 562,
1428 1646 1482 1693 in
1513 1646 1637 1695 vari-

483 1714 578 1762 olis
617 1714 834 1761 multum
857 1713 1124 1768 dormiunt,
1152 1713 1259 1769 142,
1283 1713 1404 1765 349,
1441 1711 1491 1758 in
1514 1711 1640 1759 vari-

483 1778 576 1826 olis
607 1778 748 1825 confi.
781 1778 917 1841 quali
953 1784 1286 1825 sustentantur
1317 1776 1489 1831 diaeta,
1517 1778 1641 1831 143,

482 1842 733 1891 diarrhoea
765 1842 1060 1900 afficiuntur,
1107 1843 1212 1899 125,
1260 1843 1366 1898 142,
1410 1843 1536 1897 564,
1592 1840 1645 1887 in

481 1906 678 1956 variolis
702 1907 844 1954 discr.
877 1906 1135 1969 erupturis,
1159 1905 1428 1969 epilepticis
1467 1920 1641 1968 parox-

483 1971 638 2035 ysmis
671 1972 755 2020 ubi
786 1971 1080 2028 afficiuntur,
1107 1970 1318 2019 variolae
1349 1969 1465 2017 boni
1497 1970 1645 2017 moris

379 2048 386 2053 “
482 2036 776 2093 indicantur,
802 2038 912 2093 120,
935 2037 1058 2092 562,
1094 2035 1366 2093 sudoribus,
1388 2043 1444 2082 ut
1474 2034 1644 2091 adulti,

483 2101 770 2164 neutiquam
791 2108 1043 2158 vexantur,
1065 2102 1183 2155 120,
1209 2099 1469 2147 infantium
1491 2100 1647 2146 febres

484 2165 739 2213 intermitt.
751 2180 986 2221 cessuras,
1010 2180 1070 2212 ex
1091 2164 1317 2212 indurato
1335 2172 1504 2211 ventre
1531 2180 1645 2211 con·

485 2238 600 2288 stat,
641 2232 732 2284 89,
789 2229 842 2277 in
879 2229 1146 2277 infantibus
1179 2228 1506 2276 venae-sectio
1551 2228 1644 2276 ali-

487 2295 681 2358 quando
703 2294 988 2351 necessaria,
1018 2295 1124 2351 186,
1152 2292 1259 2342 187.

551 2359 881 2407 Iussu-risus
907 2357 1040 2419 (Da)
1067 2356 1248 2405 Fessa
1275 2356 1646 2405 Srarrousnu

486 2435 910 2478 assonanrxsus,
938 2424 1046 2479 552,
1075 2422 1182 2471 553.

550 2486 879 2536 inflammatio
903 2485 1125 2562 specialis
1147 2484 1355 2534 variolas
1377 2486 1646 2544 constituit,

489 2554 608 2608 129,
641 2552 694 2600 in
714 2551 986 2600 interstitiis
1013 2551 1340 2628 pustularum,
1366 2554 1440 2599 δ’·
1461 2551 1538 2598 die
1568 2551 1645 2598 in-

484 2617 931 2732 ῗίἑὶὲειίεέθδῗὲιᾷω,
987 2631 1028 2663 si
1071 2616 1166 2664 cito
1200 2616 1398 2674 recedit,
1441 2616 1645 2675 malum,

549 2716 740 2794 Ihfusio
781 2715 910 2793 ordei
963 2744 1275 2793 metallorum
1313 2744 1366 2793 in
1415 2744 1647 2808 hydrope,

485 2812 577 2858 461
601 2830 612 2867 ,
649 2811 710 2858 ad
728 2825 876 2874 quam
894 2808 1034 2858 dosin
1051 2809 1324 2858 exhibenda
1345 2817 1394 2858 et
1413 2809 1646 2867 iteranda,

485 2877 598 2932 461,
623 2877 734 2934 462,
757 2875 820 2924 cf.
843 2875 966 2930 467,
1002 2871 1245 2937 ᾁιιοπιοᾶο
1263 2881 1498 2938 operetur,
1521 2877 1645 2930 462,

483 2941 666 2989 infusio
683 2940 874 2988 corticis
890 2939 1063 2988 Peruv.
1083 2954 1196 2987 cum
1211 2939 1323 2986 vino
1340 2939 1518 2998 Rhen„
1537 2940 1647 2996 286,

489 3007 584 3055 549
604 3024 616 3061 ,
651 3006 802 3068 hujus
825 3005 994 3052 unciae
1016 3011 1222 3067 quatuor
1242 3003 1434 3052 corticis
1455 3003 1506 3050 in
1529 3004 1645 3051 sub-

488 3071 668 3119 stantia
685 3069 944 3119 drachmae
965 3069 1111 3117 unius
1133 3069 1359 3117 virtutem
1383 3068 1649 3126 continent,

489 3133 612 3191 287,
673 3135 854 3184 infusio
887 3133 1064 3182 radicis
1099 3133 1420 3196 serpentariae
1459 3133 1650 3196 virgin.

489 3207 657 3248 contra
679 3201 908 3248 tertianas
930 3214 1045 3247 cum
1067 3199 1178 3246 vino
1201 3197 1326 3256 albo,
1351 3199 1460 3247 549.

556 3264 889 3327 Ingravidatio
931 3278 1074 3379 saepe
1125 3263 1345 3320 habetur,
1391 3263 1520 3326 quod
1574 3277 1651 3311 res

489 3343 688 3392 prorsus
711 3329 808 3377 alia
829 3335 916 3386 est,
939 3330 1002 3376 45
1037 3361 1052 3376 .

556 3393 853 3456 Injectiones
873 3393 926 3440 in
947 3391 1248 3455 gonorrhoea
1269 3392 1408 3440 virui.
1435 3393 1494 3439 ab
1519 3391 1650 3440 Auc-

487 3463 590 3506 tore
612 3472 711 3505 non
734 3457 1149 3513 commendantur,
1174 3457 1285 3504 316.

557 3521 854 3584 Inquietudo
887 3528 936 3568 et
968 3519 1181 3582 vigiliae,
1201 3519 1252 3568 in
1287 3518 1484 3566 vax-iolis
1505 3520 1652 3568 discr.

491 3586 814 3651 phrenitidem
836 3584 1080 3641 minitant,
1109 3585 1214 3630 139.

558 3649 759 3698 Insania
800 3665 862 3696 ex
903 3647 1172 3696 lochiorum
1215 3647 1556 3710 suppressione
1599 3650 1651 3697 in

491 3715 739 3778 puerperis
775 3713 951 3762 teneris
993 3711 1142 3760 nimis
1185 3711 1281 3759 cito
1321 3714 1649 3774 surgentibus,

557 3845 1045 3892 Iurnacunaswrns
1073 3839 1299 3898 Fssnns,
1325 3843 1599 3890 239-243.

558 3909 938 3958 Intercurrentes
953 3905 1133 3954 Febres
1150 3921 1288 3969 quae,
1307 3909 1384 3965 30,
1400 3908 1512 3963 239,
1527 3910 1649 3966 240,

489 3977 808 4022 numerantur
829 3987 929 4028 sex,
955 3972 1079 4026 239,
1115 3971 1244 4034 quod
1267 3972 1318 4019 in
1342 3972 1403 4019 iis
1425 3972 1651 4020 curandis

481 4038 556 4088 'ad
588 4037 703 4087 anni
743 4036 914 4084 febrim
957 4036 1084 4084 serio
1122 4036 1486 4093 attendendum,
1525 4037 1648 4094 241,

493 4103 622 4168 quod
643 4117 704 4150 ex
727 4101 842 4149 anni
869 4109 1082 4164 ternpore
1103 4101 1371 4150 innotescat
1395 4115 1458 4148 au
1485 4117 1647 4148 essen-

489 4169 629 4217 tiales
645 4166 757 4226 sint,
775 4182 838 4215 an
857 4166 1235 4230 symptomatici,
1255 4169 1374 4220 242,
1407 4167 1649 4228 quomodo

493 4250 522 4281 a
553 4233 766 4283 febribus
797 4231 1090 4280 stationariis
1125 4231 1361 4288 differant,
1387 4232 1496 4286 239,
1525 4234 1648 4288 240,

493 4299 626 4346 omni
661 4299 760 4346 fere
800 4313 927 4346 anno
963 4297 1213 4354 invadunt,
1251 4298 1338 4350 30,
1387 4295 1651 4358 epidemice

491 4377 842 4425 nonnunquam
893 4369 1186 4426 grassantur,
1236 4363 1356 4416 240,
1412 4361 1649 4423 exempla,

494 4428 618 4480 240;
648 4427 752 4487 jam
789 4427 992 4489 parcius,
1025 4427 1128 4488 jam
1167 4425 1506 4474 inclementius
1544 4442 1648 4473 sae-

491 4489 644 4544 viunt,
681 4499 727 4536 et
759 4505 872 4537 cum
908 4490 1208 4548 stationariis,
1244 4499 1290 4537 et
1326 4505 1488 4538 secum
1523 4491 1649 4538 invi-

1363 260 1633 334 JNDEX
1678 258 1983 327 RERUM.

1717 433 1839 475 cem,
1865 418 2035 466 eodem
2065 433 2191 467 anno
2218 416 2546 469 indifferenter
2566 421 2909 469 commiscen—

1716 490 1809 539 tur,
1848 485 1971 539 239;
2017 482 2300 546 praecipuae
2334 500 2459 546 quae
2496 486 2609 543 sint,
2646 489 2730 544 30,
2769 488 2909 541 239,

1717 546 1957 609 quaedam
1992 547 2420 597 intercurrentibus
2446 552 2621 599 merito
2646 566 2903 599 annume-

1718 612 1910 669 randae,
1944 628 2070 674 quae
2096 612 2245 675 vulgo
2270 622 2593 677 symptomata
2622 616 2771 663 modo
2805 616 2905 663 ha-

1716 676 1907 733 bentur,
1964 678 2090 732 267,
2152 681 2505 727 intercurrentes
2563 680 2741 737 morbi,
2810 696 2905 727 seu

1718 745 1963 801 spondit-⁸⁸,
2003 742 2090 803 qui
2122 750 2367 799 vocentur,
2410 746 2489 801 28,
2523 748 2635 801 428,
2672 746 2742 793 cf.
2780 746 2903 799 239.

1721 806 1844 862 240,
1880 805 2142 869 aliquando
2164 814 2279 853 sunt
2308 808 2603 865 essentiales,
2626 809 2905 872 aliquando

1720 870 1927 918 febrium
1962 870 2351 919 stationariarum
2395 884 2736 937 symptomata,
2778 876 2899 931 241,

1722 937 1846 991 242,
1884 935 2243 999 symptomatici
2272 946 2504 985 curantur
2534 940 2625 987 ista
2658 940 2903 987 methodo

1721 1014 1821 1061 qua
1856 1000 2014 1047 febres
2051 1000 2195 1062 cujus
2228 1010 2552 1063 symptomata
2592 1012 2725 1059 sunt,
2765 1006 2899 1057 241,

1722 1064 1905 1111 febrem
1928 1080 2014 1127 pro
2038 1066 2205 1111 morbo
2238 1065 2467 1128 primario
2488 1068 2685 1123 habent,
2708 1076 2759 1115 et
2780 1068 2901 1115 reli-

1724 1128 1809 1190 qui
1845 1128 2059 1187 affectus,
2096 1146 2125 1176 a
2158 1128 2337 1190 quibus
2370 1145 2545 1179 nomen
2588 1140 2902 1187 mutuantur,

1724 1201 1959 1304 tzaffiluam
2004 1201 2331 1257 symptomata
2382 1196 2735 1253 considerandi,
2780 1199 2905 1252 239,

1794 1320 2340 1371 Inrsnmrrsnrrsus
2406 1323 2541 1385 (ΒΕ)
2600 1324 2905 1381 Psanites,

1724 1388 1999 1513 548-]550.
2036 1385 2107 1449 [v.
2148 1390 2410 1445 Quartana,
2438 1392 2739 1447 Quotidiano,
2780 1392 2901 1439 Ter-

1725 1454 1873 1500 tiana.

1794 1514 2281 1563 Inrsnmrrsuras
2347 1516 2557 1565 Fsaass
2619 1530 2895 1567 annnam·

1726 1580 1973 1637 ‘el—⁹64,
1998 1582 2207 1630 66-94.

1796 1645 2059 1693 Intermitt.
2101 1645 2311 1693 febrium
2350 1645 2445 1693 tria
2484 1650 2705 1709 tempora
2756 1663 2897 1711 spee-

1728 1710 1888 1767 tanda,
1924 1712 2021 1766 68,
2056 1710 2185 1759 unde
2221 1716 2295 1757 est
2327 1710 2459 1773 quod
2486 1711 2683 1759 redeant
2722 1726 2897 1775 parox-

1726 1774 1874 1836 ysmi,
1910 1776 2003 1831 69,
2058 1789 2463 1838 paroxysmorum
2498 1776 2779 1839 descriptio,
2820 1778 2899 1833 70,

1728 1842 1854 1897 548,
1912 1839 2094 1886 divisae
2134 1840 2186 1888 in
2224 1839 2447 1887 vernales
2484 1847 2531 1887 et
2570 1842 2900 1899 autumnaloe,

1728 1902 1787 1954 71
1807 1921 1818 1960 ,
1855 1919 1981 1966 quae
2003 1904 2201 1966 quidem
2232 1904 2553 1952 essentialiter
2581 1905 2900 1968 distinguun-

1728 1975 1825 2027 tur,
1863 1968 1955 2023 72,
2014 1968 2287 2016 vernalium
2326 1967 2543 2025 historia,
2580 1968 2673 2027 72,
2732 1980 2782 2019 et
2815 1986 2900 2019 cu-

1730 2032 1866 2091 ratio,
1904 2032 1999 2089 74;
2047 2031 2409 2081 autumnalium
2452 2032 2667 2092 historia,
2714 2036 2807 2090 75,
2854 2044 2901 2083 et

1728 2097 1933 2155 curatio,
1958 2100 2051 2153 80,
2088 2097 2336 2145 intermitt.
2356 2098 2526 2153 febres,
2550 2114 2637 2161 per
2664 2100 2725 2147 13
2750 2116 2905 2147 annos

1730 2162 1827 2209 fere
1860 2162 2125 2218 exulantes,
2147 2161 2441 2225 epidemicae
2474 2178 2639 2211 rursus
2666 2180 2799 2211 anno
2820 2164 2903 2215 ’78

1732 2226 1949 2282 audiunt,
1997 2227 2121 2283 279,
2166 2226 2217 2273 in
2260 2226 2475 2275 febribus
2516 2228 2735 2275 maxime
2776 2244 2897 2277 con-

1731 2290 1883 2338 tinuis
1916 2291 2107 2353 generis
2142 2290 2508 2339 intermittentis
2542 2292 2725 2341 Cortex
2758 2310 2903 2357 prae·

1731 2355 1934 2413 bendus,
1961 2356 2084 2411 286,
2119 2357 2291 2403 vinum
2322 2371 2419 2403 non
2449 2356 2616 2404 obesse
2647 2358 2703 2405 iu
2722 2358 2903 2419 hujus-—

1732 2420 1866 2467 modi
1888 2420 2145 2478 continuis,
2170 2422 2294 2477 286,
2330 2436 2441 2468 vere
2464 2421 2704 2479 subortae,
2724 2432 2907 2471 nasute

1733 2492 1783 2534 et
1816 2492 2049 2533 autumno
2082 2486 2148 2534 ita
2182 2485 2461 2534 saeviebant
2490 2494 2546 2534 ut
2577 2502 2747 2536 omnes
2780 2486 2909 2536 alios

1734 2551 1938 2612 epidem.
1978 2549 2215 2613 fugarent,
2248 2551 2426 2613 hyeme
2468 2551 2665 2600 variolis
2706 2561 2759 2600 et
2792 2553 2909 2602 alii-s

1734 2615 1938 2678 epidem.
1962 2615 2127 2663 locum
2159 2615 2407 2673 cedebant,
2432 2616 2557 2672 279,
2594 2627 2701 2664 tum
2724 2616 2907 2666 iterum

1734 2679 2079 2738 decrescentes,
2098 2680 2301 2728 rariores
2334 2680 2403 2728 ita
2432 2681 2589 2728 factae
2618 2689 2677 2728 ut
2704 2683 2907 2730 tandem

1734 2745 1875 2792 annis
1912 2747 2011 2802 ’82,
2046 2746 2141 2801 ’83,
2176 2745 2259 2792 vix
2292 2745 2587 2808 epidemicae
2608 2745 2907 2802 viderentur,

1733 2810 1859 2865 486,
1896 2823 2022 2857 anno
2046 2809 2124 2860 ’78
2159 2810 2391 2858 tertianae
2420 2821 2559 2858 erant
2578 2811 2653 2858 vel
2688 2811 2903 2873 quotidi-

1735 2889 1870 2931 anae,
1907 2875 2017 2931 279,
2047 2877 2169 2930 280;
2212 2874 2643 2922 intermittentibus
2675 2891 2911 2939 superve-

1734 2937 1875 2986 niens
1907 2937 2163 3002 apoplexia
2195 2939 2435 3002 quomodo
2476 2940 2745 2998 tractanda,
2778 2943 2905 2996 289,

1735 3002 1947 3051 diabetes
2002 3003 2200 3051 senibus
2259 3004 2609 3066 superveniens
2660 3005 2910 3067 quomodo

1736 3068 2031 3127 tractandus,
2056 3069 2178 3123 289,
2216 3069 2599 3116 sudoriferorum
2620 3069 2671 3116 vi
2704 3071 2764 3118 ad
2794 3087 2905 3134 spe-

1735 3131 1859 3180 ciem
1882 3133 2221 3181 continuarum
2241 3141 2515 3196 perventae,
2536 3141 2667 3182 tacto
2696 3136 2907 3191 cerebro,

1730 3197 2038 3259 jugulabant,
2062 3199 2174 3256 280,
2199 3200 2310 3256 285,
2334 3200 2447 3256 286,
2482 3199 2542 3246 cf.
2582 3201 2675 3254 85,
2710 3201 2909 3263 nephri-

1737 3261 1850 3308 tidis
1872 3262 2073 3325 speeieS,
2094 3277 2243 3326 quam
2266 3261 2526 3325 aliquando
2560 3264 2789 3312 comitem
2812 3266 2898 3312 ha·

1740 3326 1899 3383 buere,
1925 3327 2164 3389 quomodo
2198 3327 2427 3386 curanda,
2452 3329 2575 3385 302,
2629 3329 2723 3376 hae
2751 3330 2907 3380 febres

1740 3406 1829 3438 nec
1851 3391 2113 3438 sudorifera
2132 3407 2223 3439 nec
2246 3391 2342 3440 alia
2370 3393 2656 3441 evacuantis
2676 3394 2903 3443 admitte-

1740 3455 1870 3512 bant,
1904 3458 2013 3514 280,
2048 3457 2172 3512 281,
2208 3457 2339 3504 unde
2372 3457 2434 3504 ad
2466 3459 2693 3506 corticem
2730 3459 2908 3508 Peruv.

1740 3520 1959 3582 confugit
2001 3521 2202 3578 Auctor,
2238 3537 2299 3568 ex
2341 3536 2439 3585 quo
2476 3522 2601 3570 nihil
2642 3522 2776 3579 mali,
2824 3525 2909 3572 aed

1740 3585 2006 3648 plurimum
2038 3585 2167 3643 boni,
2196 3585 2333 3644 vidit,
2358 3588 2482 3643 281,
2520 3585 2594 3649 [v.
2619 3589 2783 3636 Cortex
2808 3589 2906 3636 Pe-

1740 3647 1894 3710 ruv.];
1950 3651 2042 3698 hae
2081 3651 2238 3698 febres
2288 3666 2443 3712 usque
2496 3652 2556 3700 ad
2598 3667 2783 3700 annum
2826 3655 2905 3702 ’85

1740 3715 2074 3826 perdurarunt,
2110 3714 2221 3772 297,
2246 3717 2369 3770 298,
2406 3715 2552 3764 febris
2582 3717 2766 3765 contin.
2790 3719 2907 3768 nul·

1760 3795 1789 3826 a
1810 3779 2201 3830 an11is’78—’85
2232 3780 2292 3827 ab
2328 3779 2542 3828 Auctore
2573 3782 2692 3837 viss,
2717 3780 2815 3830 nisi
2848 3799 2909 3830 ex

1738 3858 1963 3906 perversa
1984 3843 2244 3900 curatione,
2263 3846 2386 3900 298,
2410 3845 2566 3893 febres
2580 3847 2753 3908 quales
2770 3857 2913 3896 erant

1739 3921 1866 3956 anno
1884 3907 1980 3964 ¹79,
1996 3911 2120 3963 292,
2146 3907 2312 3971 quales
2325 3925 2452 3958 anno
2469 3911 2565 3967 ⁹80,
2588 3913 2713 3968 332,
2738 3911 2912 3988 quales

1739 3988 1866 4020 anno
1905 3975 1999 4029 ⁹81,
2029 3975 2152 4028 332,
2205 3975 2360 4022 febres
2399 3975 2653 4022 intermitt.
2698 3977 2911 4038 epidem.

1739 4037 1868 4084 unde
1900 4037 2099 4085 nomina
2126 4037 2217 4085 sibi
2250 4038 2513 4086 desumunt
2543 4039 2695 4096 varia,
2719 4049 2769 4088 et
2804 4041 2905 4090 dis-

1737 4101 2070 4160 criminantur,
2107 4105 2198 4157 33,
2244 4102 2511 4164 epidemice
2538 4103 2735 4167 saepius
2768 4121 2909 4168 gras-

1738 4173 1907 4214 santur
1929 4182 2075 4228 quam
2098 4167 2236 4224 aliae,
2260 4170 2384 4224 234,
2416 4183 2525 4216 raro
2544 4168 2756 4217 Londini
2776 4186 2909 4218 com-

1738 4246 2097 4344 ffoe‘ffe'ssirffl'
2108 4237 2909 4362 ffiffiffiffigiissi

1740 4363 1801 4412 27
1821 4381 1832 4412 z
1868 4377 1928 4408 ex
1952 4361 2163 4417 febribus
2187 4363 2367 4410 contin.
2390 4361 2519 4411 circa
2539 4363 2664 4412 veris
2686 4363 2839 4412 finem
2863 4375 2911 4413 et

1741 4425 1934 4473 aestatis
1976 4425 2173 4473 initium
2207 4441 2349 4488 saepe
2387 4428 2735 4490 producuntur,
2782 4431 2907 4481 1103

1738 4489 2102 4554 depurationem
2147 4506 2283 4539 suam
2334 4492 2489 4554 spatio
2531 4493 2625 4539 336
2672 4493 2907 4542 horarum
