3138 5006
906 295 921 302 '
1004 283 1531 351 TRACTATUS
1581 289 1636 350 1.
2293 287 2445 350 425·

222 450 362 506 rate
424 443 905 524 excalefaciunt‚
966 450 1032 509 et
1088 446 1188 510 vel
1251 449 1626 529 amaricant,
1671 451 1786 514 ‘vel
1840 451 2134 536 linguam
2191 450 2426 514 leniter
2471 470 2554 518 Ds
2578 471 2717 519 Pon-

222 544 485 627 feriunt,
522 553 750 632 utpote
797 569 959 633 quae
996 550 1353 616 ventriculo
1396 558 1552 617 sunt
1595 560 1914 640 pergrata,
1951 553 2256 638 sanguini
2290 572 2425 616 me·
2515 549 2678 583 ΝΜ·

226 645 484 727 dentur,
514 654 581 712 et
619 656 902 714 caeteras
936 657 1150 734 partes
1188 651 1407 716 fovent
1445 653 1977 739 confortantque3
2025 655 2240 740 qualia
2272 661 2426 718 sunt
2451 634 2721 752 affine

232 753 431 835 (verbi
471 754 725 838 gratia,)
766 754 1012 820 radices
1052 757 1399 840 angelicae,
1439 759 1688 838 enulae,
1725 759 1880 824 folia
1917 760 2244 839 absinthii,
2275 781 2426 824 cen·
2449 753 2677 865 aigne&

224 858 422 922 taurii
450 859 736 938 minoris,
762 859 1238 945 chamaedryOS,
1262 861 1760 947 chamaepityos,
1791 869 1914 926 etc.
1958 862 2136 927 Addi
2157 870 2426 946 possunt
2451 883 2668 946 implent.

226 959 421 1023 etiam
444 961 949 1026 Antiscorbutica
976 963 1169 1046 vulgo
1200 963 1391 1044 dicta,
1414 971 1491 1030 ut
1518 965 1766 1030 radices
1795 964 2068 1048 raphani
2096 963 2426 1046 rusticani,

224 1063 377 1127 folia
406 1063 795 1129 cochleariae
814 1065 1155 1145 hortensis»,
1178 1068 1483 1132 nasturtii
1512 1068 1811 1152 aquatici,
1835 1076 1958 1133 etc.
2021 1067 2187 1132 Cum
2209 1074 2430 1131 autem
2455 1085 2632 1162 cautio
2654 1087 2705 1133 in

226 1165 463 1231 herbae
506 1167 668 1233 istae
713 1190 889 1234 acres
936 1191 1011 1234 ac
1052 1177 1439 1254 pungentes,
1484 1162 1563 1236 ut
1605 1179 1682 1236 ut
1728 1170 2061 1236 stomacho
2104 1171 2430 1236 arrideant
2453 1151 2733 1264 {asumen-

228 1274 417 1352 atque
456 1270 666 1336 eidem
706 1273 1040 1338 conferant
1080 1273 1151 1336 in
1180 1273 1471 1338 coctione
1503 1274 1808 1359 juvanda,
1839 1274 2050 1339 morbi
2085 1281 2306 1338 tamen
2333 1272 2428 1337 fo-

226 1370 370 1435 miti
391 1373 643 1456 jamdiu
664 1373 941 1440 formato
972 1377 1225 1443 aculeos
1256 1375 1538 1440 subdant
1562 1383 1628 1440 et
1659 1383 1940 1460 augeant
1970 1378 2264 1456 calorem,
2286 1397 2431 1459 par-

226 1473 363 1537 cius
392 1475 800 1559 usurpandae
821 1477 1109 1556 veniunt,
1132 1499 1285 1562 prae
1315 1478 1455 1542 aliis
1483 1479 1624 1542 istis
1655 1499 1820 1562 quae
1839 1478 1986 1542 miti
2007 1478 2214 1542 calore
2238 1484 2431 1561 atque

228 1577 658 1642 amaritudine
689 1585 755 1642 et
775 1581 1206 1644 ventriculum
1236 1580 1672 1661 corroborant,
1697 1589 1763 1646 et
1793 1581 2125 1664 sanguinis
2153 1603 2430 1645 massam

226 1679 619 1763 vegetiorem
646 1681 930 1747 reddunt
960 1704 1035 1747 ac
1062 1684 1269 1768 magis
1297 1685 1580 1752 vitalem.

327 1782 494 1866 [31.]
547 1784 794 1847 Eorum
834 1786 1075 1868 species
1110 1787 1355 1871 aliquot
1392 1785 1633 1850 affabre
1671 1785 2016 1870 permistae
2053 1785 2433 1850 humoribus

230 1888 703 1970 concoquendis
746 1889 985 1953 rectius
1020 1889 1119 1972 (ut
1156 1889 1317 1954 mihi
1351 1890 1652 1972 videtur)
1690 1911 1884 1974 quam
1924 1889 2192 1973 simplex
2233 1888 2433 1972 quod-

228 1989 389 2054 libet
427 2012 507 2054 ex
544 2011 770 2056 eorum
804 1991 984 2056 tribu
1014 1991 1426 2076 desumptum
1466 1993 1894 2077 [ministrant]
1915 1991 1966 2058 ¹¹.
2059 1991 2433 2057 Quamlibet
2461 2007 2577 2057 Quo
2590 2008 2642 2056 in
2659 2023 2738 2055 ca-

228 2093 423 2172 enim,
466 2094 715 2177 quoties
760 2095 1057 2178 specifica
1096 2095 1551 2160 medicamenti
1601 2095 1944 2179 cujuslibet
1987 2095 2227 2160 virtute
2271 2116 2431 2179 opus
2457 2081 2740 2201 ζξὲᾶὲξζξξο

230 2203 329 2260 est
356 2196 563 2276 nobis,
600 2199 837 2282 regula·
860 2206 1061 2278 tenet,
1094 2203 1136 2234 “
1153 2220 1285 2284 quo
1319 2200 1687 2284 simplicius,
1719 2221 1796 2264 eo
1829 2199 2058 2263 melius
2076 2200 2141 2278 ;’'
2186 2206 2427 2277 tamen,
2453 2202 2757 2266 simplicium

232 2320 383 2364 cum
432 2301 501 2364 id
549 2300 863 2366 habemus
914 2302 1224 2386 propositi
1273 2311 1350 2367 ut
1391 2302 1545 2366 huic
1602 2303 1774 2368 illive
1823 2301 2205 2367 indicationi
2249 2302 2430 2366 satis·
2457 2282 2709 2396 {ffifrssffl

232 2403 525 2467 faciendo
576 2425 845 2488 aegrum
902 2425 1221 2484 sanemus,
1270 2405 1525 2488 singula
1573 2403 2010 2488 ingredientia
2068 2403 2432 2488 symbolum
2459 2399 2672 2511 teng-us—

231 2526 349 2588 pro
398 2506 624 2571 morbo
682 2507 968 2572 curando
1027 2508 1209 2591 quasi
1261 2508 1639 2587 conferunt3
1708 2515 1903 2592 atque
1959 2510 2031 2571 in
2081 2507 2206 2572 hoc
2263 2530 2432 2586 casu,
2459 2477 2683 2575 Ξὲηἷῗιῖη

237 2616 480 2691 quanto
508 2609 715 2694 major
742 2618 840 2675 est
870 2611 1253 2694 simplicium
1290 2632 1619 2689 numerus,
1650 2617 1838 2675 tanto
1873 2610 2202 2694 potentius
2233 2610 2433 2675 medi·
2459 2600 2696 2655 operatur.

234 2719 607 2776 camentum
647 2712 1037 2797 operabitur.
1126 2714 1185 2777 E
1225 2712 1567 2796 praedictis
1596 2713 1835 2795 itaque,
1867 2720 1934 2776 et
1975 2713 2224 2796 reliqua
2267 2714 2436 2797 ejus-

235 2812 385 2876 dem
442 2814 685 2879 farinae
742 2814 1013 2878 materia
1062 2815 1329 2894 medica,
1382 2814 1594 2878 variae
1643 2814 2074 2879 remediorum
2123 2816 2438 2879 formulae

238 2915 321 2981 ad
352 2915 527 2980 hunc
558 2938 823 3001 scopum
841 2919 1187 2982 tendentes
1217 2917 1594 2982 concinnari
1622 2924 1912 3000 possunt.
2000 2919 2142 3001 Ego
2164 2919 2438 2982 formam

235 3018 565 3084 electuarii
599 3019 683 3083 ad
722 3020 1084 3104 exemplum
1121 3020 1441 3085 theriacae
1470 3020 1913 3085 Andromachi
1951 3021 2218 3085 caeteris
2255 3041 2437 3104 prae-

232 3122 389 3199 fero,
412 3142 533 3187 ceu
559 3121 801 3187 viribus
830 3123 1467 3207 praestantissimam,
1491 3143 1569 3187 eo
1600 3122 1772 3208 quod
1792 3129 2026 3187 mutua
2053 3123 2440 3207 simplicium

236 3226 771 3293 confermentatio
834 3227 1126 3291 omnium
1184 3227 1494 3291 virtutem
1557 3226 1896 3310 adaugeat,
1957 3227 2138 3310 quasi
2198 3226 2440 3311 aliquid

237 3330 507 3393 tertium
564 3330 976 3415 progignens,
1030 3329 1204 3413 quod
1261 3329 1331 3393 in
1389 3330 1485 3393 ita
1542 3329 1906 3414 conjunctis
1963 3330 2282 3413 majorum
2341 3337 2441 3394 est

236 3431 473 3496 virium
505 3431 575 3496 in
609 3433 749 3517 pari
784 3434 1147 3517 quantitate
1178 3454 1373 3517 quam
1415 3432 1487 3498 in
1527 3454 1747 3497 eorum
1795 3432 2101 3516 quolibet.
2191 3434 2442 3498 Verum

237 3542 377 3600 tam
422 3534 743 3599 delectum
782 3536 1098 3621 ejusmodi
1140 3536 1670 3619 ingredientium,
1709 3558 1904 3619 quam
1945 3534 2255 3599 formulas
2300 3536 2441 3620 qui-

236 3637 363 3703 bus
402 3638 764 3702 exhibenda
802 3646 973 3717 sunt,
1006 3638 1311 3723 prudenti
1351 3638 1612 3702 Medico
1648 3638 1879 3703 lubens
1916 3640 2247 3724 relinqu03
2293 3660 2443 3703 cum

240 3762 577 3824 nunquam
616 3762 723 3804 me
757 3741 946 3805 officii
976 3762 1115 3807 esse
1152 3740 1445 3805 duxerim
1473 3743 1818 3823 receptulas
1853 3744 1950 3826 (ut
1977 3743 2255 3825 vocant,)
2292 3763 2442 3806 con-

242 3844 539 3921 scribere,
580 3850 649 3907 at
690 3844 905 3928 potius
947 3866 1129 3909 veras
1170 3844 1596 3909 indicationes
1647 3852 1874 3909 notare
1917 3845 2002 3909 ad
2052 3868 2210 3930 quas
2261 3867 2440 3909 cura-

242 3948 455 4013 tiones
514 3954 671 4011 sunt
730 3948 1135 4032 dirigendae:
1202 3948 1373 4031 quod
1430 3970 1581 4012 cum
1636 3949 1854 4013 minus
1914 3949 2303 4029 observetur,
2365 3972 2444 4014 ex

240 4052 396 4116 hinc
448 4053 547 4135 (ut
586 4051 741 4116 alibi
791 4052 1073 4136 [Observ.
1106 4052 1281 4115 Med.
1329 4074 1387 4115 v.
1437 4052 1499 4115 6.
1550 4051 1645 4135 8.]
1704 4052 1880 4136 dixi,)
1933 4052 2250 4136 empiricis
2288 4074 2447 4117 ansa

244 4153 399 4219 data
426 4161 525 4218 est
554 4163 631 4218 ut
660 4176 729 4218 se
757 4154 937 4219 Artis
968 4153 1264 4219 Medicae
1292 4154 1609 4239 principes
1632 4156 1901 4237 jactent.

328 4258 781 4322 Verumtamen
816 4264 1128 4343 tyronum
1166 4258 1377 4341 gratia
1408 4257 1771 4322 remedium
1810 4279 1936 4341 quo
1975 4278 2096 4341 ego
2139 4258 2240 4321 uti
2274 4259 2446 4323 soleo

242 4360 315 4424 in
342 4362 629 4428 medium
656 4362 996 4449 proferam,
1029 4363 1201 4447 quod
1230 4362 1315 4426 ad
1342 4362 1519 4426 hunc
1544 4361 1816 4426 modum
1844 4362 2251 4447 componitur
2270 4388 2374 4427 :—

802 4491 825 4525 ¹⁸
862 4491 1179 4555 [ministram]
1208 4492 1286 4541 Sic
1311 4490 1416 4541 edd.
1441 4497 1639 4549 recent„
1663 4508 1757 4539 om.
1785 4490 1900 4554 Syd.

1296 4576 1335 4636 3
1372 4594 1397 4635 1
