3138 5006
525 330 1314 396 OBSERVATIONUM
1361 331 1931 397 MEDICARUM
1980 343 2027 396 Ι.
2052 349 2108 398 4.
2329 339 2411 398 41

207 489 492 556 tionibus
537 493 919 577 stipanturl’,
957 499 1270 558 testatum
1313 493 1505 572 facit3
1551 501 1777 578 utpote
1820 495 1891 559 in
1937 495 2191 578 quibus,
2222 496 2409 561 istius
2484 509 2681 557 Peuma

207 594 602 660 ebullitionis
637 597 970 680 sanguinis
1010 597 1342 676 beneficio,
1376 597 1451 661 fit
1487 597 1767 662 excretio
1816 598 1898 662 ad
1941 599 2147 663 cutim
2194 620 2405 664 excre-
2436 573 2572 684 ἕκοξ
2564 586 2715 685 3112„

206 699 412 762 menti
440 699 514 762 in
542 699 764 764 eodem
794 699 1134 776 latitantia,
1166 707 1234 764 et
1263 722 1459 784 prava
1487 701 1800 783 qualitate
1830 701 2064 764 affecti.
2469 703 2676 750 'fil-'⁶4-

303 801 424 884 [4.]
481 801 792 867 Quinimo
833 824 954 866 nec
1007 804 1176 884 (mea
1213 803 1474 886 quidem
1521 803 1889 886 sententia,)
1936 804 2152 867 minus
2201 804 2405 887 liquet
2431 797 2715 903 ξξζῗξξὶζω

201 902 526 967 Febrilem
569 904 902 986 sanguinis
931 905 1428 969 commotionem
1472 926 1661 988 saepe
1710 907 1817 988 (ne
1861 906 2068 970 dicam
2111 909 2399 989 saepius)
2430 935 2544 966 nem
2568 919 2686 966 diri-

199 1025 338 1068 non
381 1005 508 1069 alio
554 1007 913 1084 collineare,
957 1028 1152 1089 quam
1193 1013 1270 1072 ut
1313 1007 1450 1090 ipse
1495 1027 1635 1071 sese
1676 1008 1747 1070 in
1792 1029 2033 1071 novum
2079 1009 2405 1091 quendam
2430 983 2693 1095 ξξῗῐζζζξι,

199 1113 448 1170 statum
477 1115 544 1172 et
575 1107 896 1172 diathesin
925 1109 1247 1187 immutet,
1279 1109 1737 1193 hominemque
1766 1109 1983 1188 etiam,
2008 1111 2113 1174 cui
2142 1112 2403 1194 sanguis
2429 1113 2625 1186 tundam
2641 1176 2654 1188 ,

197 1230 402 1291 purus
449 1217 516 1273 et
559 1210 986 1274 intaminatus
1023 1218 1290 1295 perstat,
1338 1211 1530 1276 Febri
1568 1212 1803 1294 corripi
1836 1234 2056 1295 posse,-
2104 1213 2294 1276 sicuti
2333 1213 2403 1276 in
2430 1191 2681 1289 {iffi'ffi

197 1310 574 1394 corporibus
619 1313 790 1376 sanis
834 1313 1088 1377 evenire
1129 1313 1455 1395 frequenti
1497 1313 1941 1377 observatione
2001 1321 2403 1396 compertum

193 1419 318 1492 est,
358 1413 432 1476 in
483 1413 718 1496 quibus
765 1415 986 1478 nullus
1034 1423 1376 1498 apparatus
1423 1415 1793 1480 morbificus
1850 1415 1952 1478 vel
2010 1416 2221 1498 quoad
2270 1416 2403 1499 ple-

195 1515 461 1579 thoram
489 1516 588 1580 vel
629 1517 840 1600 quoad
879 1517 1353 1600 cacochymiam
1387 1517 1604 1595 fuerit,
1634 1517 1815 1582 nulla
1854 1516 2201 1580 insalubris
2241 1517 2403 1581 acris

195 1619 526 1683 anomalia
583 1641 748 1704 quae
807 1619 998 1685 Febri
1055 1620 1452 1686 occasionem
1511 1620 2049 1684 subministraret.
2148 1621 2403 1684 Nihilo-

195 1721 420 1784 minus
459 1721 657 1784 etiam
695 1721 1073 1805 hujusmodi
1116 1722 1432 1805 homines,
1462 1723 1889 1807 praecedente
1918 1722 2162 1805 insigni
2192 1722 2407 1805 aliqua

196 1823 390 1900 acris,
409 1823 634 1902 victus,
657 1831 1180 1908 caeterarumque
1201 1845 1419 1889 rerum
1449 1825 1981 1888 non-naturalium
2004 1825 2103 1906 (ut
2122 1827 2399 1908 vocant,)

195 1927 582 2005 mutatione,
631 1927 988 1991 identidem
1040 1927 1244 1992 Febre
1296 1927 1770 2011 corripiuntur3
1836 1933 2176 2010 propterea
2229 1927 2405 2010 quod

197 2049 426 2093 eorum
471 2029 734 2113 sanguis
769 2051 1009 2094 novum
1044 2037 1290 2094 statum
1319 2037 1386 2094 et
1415 2030 1852 2094 conditionem
1884 2030 2148 2114 adipisci
2187 2031 2401 2112 gestit,

197 2133 459 2215 qualem
499 2132 816 2215 ejusmodi
854 2139 969 2196 aer
1007 2140 1121 2199 aut
1150 2132 1358 2196 victus
1396 2132 1899 2217 postulaverint3
1945 2130 2213 2199 minime
2256 2153 2403 2196 vero

197 2235 376 2319 quod
433 2234 896 2318 particularum
954 2235 1329 2299 vitiosarum
1401 2236 1473 2298 in
1545 2235 1863 2318 sanguine
1936 2234 2404 2300 stabulantium

199 2338 482 2402 irritatio
504 2337 762 2402 Febrim
791 2345 1099 2422 procreet.
1146 2337 1290 2401 Etsi
1319 2359 1727 2421 nequaquam
1752 2337 2042 2401 dubitem
2066 2339 2403 2402 materiam

193 2438 266 2502 in
341 2437 678 2523 sanguinis
744 2439 1231 2523 despumatione
1294 2445 1441 2524 post
1503 2439 1825 2505 Febrilem
1884 2439 2400 2519 commotionem,

193 2543 552 2607 solenniter
595 2552 936 2621 excretam,
983 2544 1278 2608 vitiosam
1337 2564 1494 2623 esse,
1541 2546 1829 2629 quamvis
1874 2545 2137 2628 sanguis
2180 2545 2402 2611 lauda·
2522 2558 2529 2565 '

193 2645 396 2710 bilem
425 2652 619 2711 antea
646 2646 969 2711 diathesin
1006 2646 1379 2711 obtinuerat
1399 2672 1420 2724 3
1465 2646 1534 2709 id
1576 2648 1747 2730 quod
1776 2648 1881 2711 vix
1920 2648 2126 2731 magis
2162 2648 2401 2711 miran-

193 2748 358 2812 dum
389 2755 488 2813 est
518 2770 712 2831 quam
735 2749 907 2833 quod
936 2749 1414 2815 esculentorum
1441 2750 1770 2832 portiones
1790 2750 2034 2832 aliquot
2064 2758 2402 2833 corruptae

194 2858 264 2917 et
313 2852 594 2916 foetidae
641 2852 935 2932 evadant,
971 2858 1315 2936 postquam
1357 2852 1683 2935 insignem
1732 2853 1805 2919 in
1856 2872 2117 2935 corpore
2172 2852 2400 2915 altera-

192 2955 444 3019 tionem
475 2953 812 3034 subierint,
845 2976 920 3021 ac
941 2956 1079 3039 jam
1111 2976 1149 3018 a
1177 2954 1440 3037 reliquis
1471 2960 1846 3036 segregatae
1874 2952 2137 3017 fuerint.

293 3056 418 3140 [5.]
477 3057 833 3135 Secundo‘i,
873 3057 966 3121 ita
1015 3078 1273 3121 mecum
1315 3062 1566 3139 reputo,
1614 3054 2041 3119 indicationes
2084 3075 2265 3119 veras
2326 3076 2401 3119 ac
2428 3070 2488 3118 In
2498 3078 2705 3135 utroque

192 3178 534 3241 genuinas,
584 3179 748 3243 quae
791 3158 862 3221 in
908 3158 1030 3222 hoc
1073 3158 1300 3222 morbo
1346 3164 1767 3239 consurgunt,
1805 3157 1877 3220 in
1920 3177 1997 3220 eo
2040 3156 2277 3220 versari
2322 3163 2399 3219 ut
2424 3136 2637 3248 ξζζζιξξο

193 3262 532 3344 sanguinis
579 3261 925 3329 commotio
969 3261 1146 3329 intra
1190 3259 1457 3324 modum
1514 3260 1811 3323 Naturae
1861 3258 2189 3342 proposito
2246 3278 2397 3323 con·
2422 3263 2666 3341 indicatur

193 3370 541 3446 gruentem
591 3364 896 3441 sistatur3
950 3384 1027 3428 ea
1071 3362 1382 3425 nimirum
1431 3362 1703 3440 ratione,
1751 3368 1828 3429 ut
1879 3382 2001 3431 nec
2046 3361 2201 3429 hinc
2252 3362 2399 3444 plus
2421 3334 2690 3440 3³:132?

193 3488 402 3549 aequo
446 3466 692 3548 gliscat,
737 3466 913 3530 unde
969 3464 1326 3549 periculosa
1386 3470 1820 3549 symptomata
1868 3464 2122 3547 insequi
2166 3464 2395 3544 solent,
2424 3456 2699 3568 2¹33?ssOE

191 3590 314 3635 nec
341 3568 524 3633 illinc
553 3568 830 3633 nimium
866 3576 1139 3651 torpeat,
1173 3589 1300 3650 quo
1334 3574 1525 3651 pacto
1553 3567 1656 3631 vel
1684 3567 1991 3632 materiae
2032 3566 2399 3632 morbificae
2424 3536 2702 3647 positofe'on-

193 3672 518 3757 protrusio
575 3670 1016 3756 impediretur,
1063 3672 1165 3734 vel
1223 3669 1558 3753 sanguinis
1612 3690 1850 3733 novum
1904 3676 2150 3737 statum
2209 3670 2398 3734 affec·
2422 3655 2677 3760 ξζζζξὶῗὶῗῌ

193 3776 397 3839 tantis
435 3774 981 3839 labefactarentur
1009 3780 1299 3839 conatus.
1387 3770 1573 3837 Adeo
1602 3778 1679 3838 ut
1718 3772 1849 3835 sive
1878 3772 2188 3836 materiae
2215 3772 2395 3835 hete—
2420 3783 2513 3825 tur.

193 3896 514 3961 rogeneae
539 3876 842 3955 irritanti,
874 3876 1005 3939 sive
1040 3875 1252 3943 cruori
1279 3896 1382 3939 res
1411 3895 1611 3939 novas
1639 3874 1931 3938 molienti
1962 3873 2185 3937 Febris
2214 3882 2395 3939 ortus

195 3978 528 4057 debeatur,
571 3978 880 4044 indicatio
927 3976 1272 4061 utrobique
1317 3976 1543 4041 eadem
1592 3976 1843 4044 existat,
1938 3976 2138 4040 Hisce
2171 3977 2396 4060 positis

193 4081 656 4160 fundamentis,
685 4082 1014 4165 therapiae
1043 4080 1424 4144 methodum
1453 4079 1578 4143 hoc
1604 4079 1741 4143 ritu
1767 4078 2061 4143 instituo.

293 4184 418 4268 [6.]
475 4184 744 4257 Quoties
773 4182 934 4247 mihi
977 4204 1129 4247 cum
1167 4183 1377 4265 aegris
1411 4203 1513 4247 res
1553 4188 1653 4245 est
1684 4202 1956 4265 quorum
1996 4180 2258 4264 sanguis
2296 4180 2399 4244 vel
2425 4194 2618 4243 Quibus

197 4307 311 4369 per
351 4308 422 4350 se
448 4286 826 4351 imbecillior
863 4286 1102 4367 existit,
1137 4286 1260 4369 (uti
1294 4284 1427 4349 fere
1456 4284 1528 4348 in
1568 4284 1829 4367 pueris,)
1864 4284 1965 4347 vel
1993 4284 2173 4367 justa
2214 4268 2703 4379 spiri-{¹¹:12}12312‘ss3'03

203 4461 288 4567 ,ω’
317 4463 612 4571 ᾳέἴ,ἧιιμ.
646 4454 782 4518 σήμ]
811 4457 1118 4517 malignarum
1147 4454 1254 4503 edd.
1410 4450 1432 4481 ⁴¹
1468 4456 1673 4501 Secundo
1696 4451 1801 4517 ξω]
1841 4452 1915 4501 ef.
1940 4454 2142 4501 Process.
2169 4454 2261 4501 Int.
2287 4468 2327 4501 c.
2353 4454 2396 4501 2.

1279 4620 1320 4659 G
