3138 5006
492 298 611 351 620

499 448 583 493 bre
615 447 832 509 hyemali
864 448 1074 504 vitanda,
1095 447 1218 502 477,
1253 448 1305 494 in
1339 448 1552 496 febribus
1585 450 1661 496 in·

1383 296 1643 353 INDEX
1688 298 1997 355 RERUM.

1744 450 1863 505 126,
1919 457 2229 511 praemature
2276 450 2509 499 exhibere·
2548 464 2781 497 nocuum
2832 450 2943 504 esu

503 512 700 557 tei-mitt.
715 520 956 567 autumn„
972 514 1061 566 853
1097 512 1150 558 in
1172 512 1385 559 febribus
1407 513 1662 559 intermitt.
1744 514 1868 570 137,
1900 516 1976 560 4¹⁰
2010 514 2088 561 die
2110 513 2418 575 quandonam
2452 514 2677 561 exhiberi
2713 520 2937 574 queant,

503 575 618 621 anni
639 574 739 629 ’78,
761 578 886 631 280,
919 576 970 621 in
990 575 1120 621 febre
1149 589 1274 622 nova
1293 576 1524 637 hyemali,
1547 577 1661 632 488,
1743 577 1833 627 137
1855 596 1867 633 ,
1888 584 1937 625 et
1957 578 2139 638 qualia,
2166 578 2256 625 137
2281 597 2292 633 ,
2315 578 2557 625 confluere
2578 578 2777 625 faciunt
2798 590 2931 637 pus-

502 639 615 693 489,
639 640 764 691 4933
799 639 849 685 in
883 640 1014 685 febre
1043 637 1293 694 variolosa,
1323 639 1440 694 157,
1482 640 1532 686 in
1567 640 1660 703 hy-

501 701 648 762 drope
686 702 878 762 quando
922 707 971 749 et
1015 716 1164 762 quare
1197 702 1499 759 conveniant,
1530 702 1661 759 470,

503 764 722 811 maculas
744 780 1010 827 purpureas
1030 766 1082 811 in
1103 766 1314 812 febribus
1334 772 1532 826 augent,
1550 768 1666 823 232,

504 830 626 883 233,
662 828 713 874 in
742 828 971 889 malignis
999 828 1180 875 morbis
1215 830 1508 891 quibusdam
1541 846 1662 891 qua-

502 906 554 937 re
577 892 783 947 laedant,
809 895 933 947 232,
967 891 1018 937 in
1051 892 1292 940 morbillis
1323 899 1513 949 nocent,
1541 895 1662 948 185,

439 976 448 983 -
503 954 809 1015 pleni-itidem
865 957 1291 1017 symptomaticam
1355 957 1663 1017 quandonam

503 1017 730 1075 inferant,
775 1020 900 1074 2463·
953 1020 1004 1065 in
1045 1018 1302 1081 pleuritide
1343 1034 1455 1067 vera
1497 1020 1665 1067 obesse

503 1088 722 1143 possunt,
758 1084 875 1137 2293
931 1082 1266 1130 calefacientia
1310 1083 1666 1131 medicamenta

504 1145 792 1205 vegetabilis
817 1161 941 1207 quae
961 1146 1226 1193 amaricant
1246 1146 1324 1193 vel
1349 1146 1568 1209 linguam
1591 1148 1661 1194 fe-

505 1209 652 1265 riunt,
683 1223 794 1255 vera
815 1214 932 1256 sunt
953 1209 1004 1255 in
1033 1209 1248 1271 podagra
1275 1210 1523 1270 digestiva,
1551 1212 1665 1267 424,

507 1273 632 1327 425,
665 1272 716 1318 in
744 1271 852 1319 aliis
877 1272 1116 1319 chronicis
1146 1287 1339 1335 quoque
1371 1273 1667 1331 conducunt,

507 1335 619 1390 427,
659 1336 788 1389 430,
829 1335 1162 1383 calefacientia
1210 1336 1262 1383 in
1313 1336 1667 1383 rheumatismo

507 1405 695 1455 nocent,
733 1399 856 1454 2673
911 1400 964 1446 in
1007 1399 1128 1446 tussi
1167 1399 1372 1461 epidem.
1409 1400 1526 1447 anni
1565 1400 1666 1455 ⁹75,

510 1464 622 1519 228,
659 1464 748 1510 231
772 1482 784 1517 3
821 1462 876 1509 in
909 1462 1120 1519 variolis,
1147 1463 1254 1518 131,
1283 1464 1390 1517 133,
1418 1463 1526 1519 136,
1556 1464 1663 1519 137,

511 1527 636 1581 333,
672 1525 726 1573 in
755 1526 951 1573 variolis
983 1526 1177 1588 quando
1207 1526 1522 1584 concedenda,
1555 1526 1665 1583 147,

518 1590 637 1644 148,
661 1590 712 1635 in
727 1590 925 1637 variolis
945 1589 1181 1637 anomalis
1200 1588 1458 1637 confluent.
1476 1596 1669 1645 nocent,

520 1653 806 1707 190-192,
862 1661 911 1700 et
953 1652 1005 1699 in
1051 1652 1354 1713 regularibus
1397 1652 1673 1711 confluent„

517 1717 637 1771 140,
673 1722 722 1763 et
740 1716 791 1762 in
811 1716 1043 1772 discretis,
1071 1716 1178 1772 126,
1203 1718 1322 1772 143,
1357 1716 1668 1777 quandonam

510 1779 676 1825 minus
703 1788 925 1837 noceant,
950 1780 1057 1828 127.

578 1842 724 1890 Calor
766 1843 912 1889 febris
956 1843 1060 1904 ipse
1101 1843 1202 1891 fere
1243 1842 1425 1890 sufficit
1458 1842 1521 1889 ad
1559 1858 1666 1890 ma-

510 1906 658 1953 teriae
721 1906 1096 1961 concoctionem,
1149 1913 1208 1953 ut
1261 1906 1436 1953 sudore
1489 1906 1669 1967 expelli

512 1975 673 2031 queat,
697 1972 818 2024 213,
855 1968 987 2017 calor
1015 1970 1184 2030 frigori
1215 1968 1502 2015 diuturniori
1533 1970 1669 2017 dere-

511 2041 654 2093 pente
690 2033 965 2089 succedens,
987 2032 1282 2094 pleurifidae,
1309 2033 1527 2093 anginas,
1563 2034 1669 2091 δια,

511 2096 716 2153 inducit,
741 2099 863 2151 240,
899 2095 1029 2143 calor
1051 2096 1162 2143 lecti
1189 2096 1240 2142 in
1271 2096 1486 2143 febribus
1517 2096 1668 2145 inter—

512 2160 636 2207 mitt.
677 2160 780 2206 vim
823 2160 1017 2207 corticis
1063 2160 1236 2206 Peruv.
1281 2166 1490 2215 enervat,
1535 2160 1666 2216 351,

509 2222 916 2270 rheumatismum
951 2230 1215 2285 promovet,
1244 2224 1370 2277 258,
1421 2223 1470 2269 in
1507 2226 1665 2270 vario-

509 2286 574 2333 lis
606 2286 862 2333 confluent.
881 2287 982 2333 vim
1001 2286 1157 2333 morbi
1188 2286 1410 2347 adauget,
1434 2288 1526 2333 351
1548 2305 1560 2340 ,
1616 2286 1667 2333 in

509 2349 767 2411 pleuritide
801 2364 1003 2405 nocuus,
1039 2350 1166 2403 250,
1199 2349 1372 2396 caloris
1403 2350 1582 2409 gradus
1616 2350 1667 2397 in

512 2412 802 2459 variolarum
826 2412 1072 2459 curatione
1095 2412 1224 2459 unde
1245 2412 1498 2474 petendus,
1525 2414 1633 2461 134.

577 2474 746 2523 Cama
771 2475 906 2536 (Da)
933 2474 1132 2522 RAmm
1158 2476 1371 2535 Μοκευ,
1393 2477 1504 2524 603.

579 2539 881 2601 Capillorum
903 2539 1090 2585 abrasio
1111 2538 1160 2585 in
1185 2540 1474 2600 phrenitide‚
1497 2541 1610 2587 494.

579 2602 766 2664 Capitis
782 2602 968 2649 dolores
987 2601 1038 2648 in
1055 2602 1186 2648 febre
1201 2602 1533 2676 dysentericae
1550 2603 1666 2651 anni

511 2665 608 2722 ’69,
651 2667 770 2720 179,
825 2665 998 2727 capitis
1035 2673 1199 2712 motus
1231 2680 1284 2712 m
1310 2667 1573 2714 vomitione
1606 2681 1667 2714 ex

511 2729 750 2791 hysterica
776 2729 926 2776 effect.
967 2729 1128 2791 ipsam
1161 2743 1278 2790 prae
1315 2729 1514 2776 caeteris
1551 2744 1662 2792 pro-

509 2800 666 2850 vocat,
685 2795 811 2848 394,
844 2792 1016 2855 capitis
1048 2793 1254 2840 obtectio
1277 2792 1340 2839 ad
1372 2793 1573 2840 sudores
1592 2792 1665 2840 ci·

510 2857 660 2903 endos
683 2857 896 2904 multum
916 2856 1113 2912 confert,
1141 2858 1247 2903 113.

578 2919 879 2967 carbunculi
896 2935 952 2966 ac
974 2919 1188 2966 bubones
1207 2919 1258 2966 in
1276 2925 1412 2981 peste
1431 2919 1665 2966 materiae

512 2983 786 3044 expulsioni
807 2983 1092 3038 inserviunt,
1118 2984 1224 3030 155.

577 3045 812 3094 Cardiaca
851 3054 1046 3094 servant
1077 3061 1244 3105 aegros
1276 3045 1667 3092 venae-sectione

508 3111 764 3156 temeraria
776 3109 1050 3166 mulctatos,
1061 3113 1148 3162 42,
1173 3108 1411 3155 Naturam
1427 3108 1664 3169 languen-

510 3181 609 3219 tem
640 3173 887 3229 ad'uvant,
909 3171 1298 3234 refrigerantibus
1333 3179 1418 3218 aut
1447 3171 1663 3232 clysteri-

510 3235 602 3282 bus
637 3237 696 3282 de
729 3237 951 3293 ilitatam,
985 3236 1077 3290 78,
1108 3237 1160 3282 in
1190 3234 1442 3297 apoplexia
1473 3243 1665 3292 nocent,

511 3299 637 3353 570,
679 3299 731 3346 in
765 3300 1034 3360 dysenteria
1065 3298 1246 3360 qualia,
1281 3298 1488 3359 quando,
1523 3305 1573 3345 et
1614 3299 1665 3346 in

511 3362 690 3422 quibus
721 3363 1034 3424 propinanda,
1062 3362 1184 3417 172,
1221 3362 1274 3408 in
1312 3361 1442 3408 febre
1485 3361 1664 3411 contin.

509 3439 618 3472 ann.
646 3426 878 3472 ’61-’64
899 3426 1192 3486 quibusnam
1213 3424 1476 3480 conferant,
1498 3431 1546 3471 et
1567 3440 1665 3488 quo

510 3488 666 3534 morbi
689 3493 901 3550 tempore
923 3489 1206 3546 exhibenda,
1228 3491 1318 3543 49,
1343 3489 1668 3550 inopportuna

510 3558 838 3598 transmutant
863 3552 1018 3598 febres
1051 3552 1303 3598 intermitt.
1329 3551 1378 3596 in
1413 3551 1666 3599 continua-

510 3614 1163 3734 {3:21235‘2133233102131222
1183 3614 1665 3725 ἓέἳῐ“ἰε.ῖε’ῑῖ·.ῑῑ

511 3740 784 3788 roborantia
815 3742 866 3789 in
900 3742 1113 3789 febribus
1155 3741 1406 3788 intermitt.
1445 3750 1663 3789 autumn.

513 3805 705 3866 quando
745 3813 792 3852 et
825 3821 912 3854 cur
944 3805 1247 3861 conveniant,
1287 3807 1379 3859 84,
1429 3804 1669 3852 sustinent

511 3869 670 3916 adhuc
711 3883 846 3916 senes
881 3885 967 3930 per
1001 3877 1194 3931 tempus
1232 3867 1431 3929 aliquot,
1467 3869 1557 3923 84,
1616 3869 1668 3916 in

510 3933 641 3979 febre
679 3933 937 3980 scarlatina
968 3932 1214 3988 damnosa,
1238 3933 1362 3985 243,
1394 3937 1443 3978 et
1463 3931 1515 3978 in
1536 3931 1669 3979 febre

511 3996 762 4053 varioloaa,
789 3996 896 4050 157,
925 3999 1045 4051 158,
1089 3995 1142 4043 in
1181 3995 1344 4042 mania
1367 4001 1479 4055 post
1511 3995 1667 4041 febres

511 4059 761 4106 intermitt.
777 4060 1100 4108 diuturniores
1113 4059 1389 4119 exiguntur,
1401 4059 1459 4105 91
1476 4076 1487 4112 ,
1513 4073 1669 4118 quan-

510 4121 572 4168 do
597 4122 896 4178 dimittenda,
921 4125 1014 4176 923
1047 4129 1273 4170 vetantur
1299 4122 1350 4168 in
1377 4121 1664 4182 phrenitide‚

511 4185 601 4240 57,
658 4186 710 4232 in
743 4187 937 4234 variolis
968 4185 1266 4234 ebullitionis
1298 4192 1480 4231 statum
1519 4184 1666 4231 nimis

509 4249 734 4304 evehunt,
758 4251 864 4305 131,
893 4252 1010 4304 132,
1047 4249 1347 4309 eruptionem
1377 4248 1665 4309 impediunt,

513 4315 636 4366 1363
673 4313 1019 4374 intempestiva
1050 4327 1288 4372 quaenam
1321 4311 1452 4358 mala
1483 4310 1663 4372 produ-

510 4383 636 4428 cant,
661 4377 783 4429 343,
832 4377 1001 4424 mortis
1032 4391 1173 4436 saepe
1205 4390 1352 4422 causa
1384 4382 1514 4428 sunt,
1541 4376 1663 4429 135,

509 4440 562 4488 iu
585 4439 776 4488 variolis
800 4438 942 4488 discr.
964 4439 1188 4488 sudorem
1221 4438 1446 4500 urgentia
1471 4445 1662 4494 nocent,

1740 641 1869 688 tulas
1892 641 1933 689 si
1954 641 2279 702 inopportune
2308 641 2631 702 applicentur,
2658 642 2773 695 131,
2810 640 2931 694 136,

1743 705 1868 760 137,
1918 713 2225 765 praemature
2260 705 2478 751 exhibita
2514 704 2765 765 eruptioni
2819 704 2932 749 obi-

1740 783 1845 815 cem
1865 776 2068 830 ponunt,
2093 769 2200 824 136,
2228 768 2352 824 137,
2384 770 2579 829 quando
2612 766 2927 822 adhibenda,

1743 833 1864 887 135,
1902 831 2233 878 cardiacorum
2256 831 2509 888 formulae,
2530 834 2609 887 51,
2634 834 2717 879 91.

1808 895 1991 941 Carnes
2012 902 2238 942 vetantur
2258 894 2309 941 in
2330 896 2571 957 podagrae
2593 908 2924 956 paroxysmo,

1739 960 1870 1012 443,
1902 958 2079 1005 harum
2111 973 2229 1005 usus
2258 958 2707 1019 hypochondriacos
2730 967 2783 1004 et
2822 958 2921 1019 hy-

1740 1022 1941 1069 stericas
1972 1028 2223 1078 restaurat,
2262 1022 2390 1077 375,
2444 1021 2741 1069 abstinentia
2777 1036 2919 1067 mor-

1739 1085 1859 1132 bum
1882 1100 2025 1147 saepe
2046 1086 2235 1143 invitat,
2256 1086 2368 1143 375,
2392 1084 2502 1136 377.

1806 1148 2113 1195 Carunculae
2153 1148 2203 1195 in
2262 1148 2461 1196 urethra
2506 1148 2561 1193 in
2601 1146 2923 1208 gonorrhoea

1739 1211 1901 1266 virul„
1926 1214 2049 1266 311,
2084 1226 2145 1259 ex
2179 1212 2321 1274 aquis
2354 1210 2575 1259 mineral.
2604 1226 2749 1273 saepe
2792 1226 2917 1257 naa-

1740 1282 1932 1331 cuntur,
1956 1276 2065 1322 316.

1806 1338 1965 1385 Casus
1990 1338 2169 1413 oppido
2196 1338 2291 1385 rari
2327 1336 2389 1385 ad
2419 1336 2676 1385 historiam
2707 1336 2913 1384 mrbu-

1738 1415 2189 1525 “affirm
2204 1402 2565 1525 aasz]

1808 1526 2121 1589 cataplasma
2149 1528 2212 1575 ad
2242 1528 2431 1576 dolores
2464 1528 2525 1575 ab
2554 1526 2669 1573 allio
2700 1526 2917 1588 pedibus

1740 1590 1986 1652 applicato
2018 1592 2267 1648 excitatos,
2303 1594 2427 1647 355,
2462 1591 2513 1637 in
2546 1590 2785 1652 hydrope,
2822 1590 2909 1636 ab-

1744 1654 1928 1701 domini
1966 1654 2253 1716 applicitum
2280 1670 2373 1702 nec
2398 1660 2539 1702 nocet
2570 1669 2661 1701 nec
2692 1654 2915 1715 prodest,

1742 1717 1871 1773 473,
1902 1718 1955 1765 in
1987 1718 2227 1780 podagrae
2258 1733 2563 1780 paroxysmo,
2598 1717 2731 1781 quod
2764 1718 2909 1763 Auc-

1741 1780 1833 1827 tori
1872 1796 1987 1843 prae
2012 1784 2215 1829 caeteris
2250 1782 2451 1843 profuit,
2486 1784 2613 1837 448,
2670 1782 2725 1827 in
2758 1781 2911 1827 rheu-

1744 1843 1985 1955 Ξυιαὸῐὶειιιο,
2030 1845 2125 1896 257
2143 1864 2157 1901 3
2209 1845 2263 1893 in
2312 1846 2455 1893 scroti
2504 1845 2911 1899 inflammatione,

1812 1970 2036 2018 Catarrhi
2058 1978 2107 2019 et
2127 1978 2284 2019 tusses
2305 1972 2511 2033 epidem.
2534 1972 2649 2020 anni
2670 1970 2772 2028 ’75,
2796 1971 2911 2019 2⁰6.

1812 2033 2107 2082 Cathartica.
2132 2033 2199 2096 [v.
2226 2035 2538 2098 Pergamia]

1812 2097 2023 2145 Catulus
2043 2098 2227 2155 vivens,
2250 2098 2302 2145 in
2324 2098 2420 2146 ileo
2442 2114 2572 2156 vero,
2592 2098 2728 2146 nudo
2746 2096 2912 2145 ventri

1749 2161 1983 2221 quamdiu
2000 2162 2376 2219 accumbendus‚
2398 2163 2480 2209 64.

1814 2224 2005 2271 Causae
2024 2226 2303 2272 morborum
2332 2225 2581 2287 proximae
2601 2232 2651 2271 et
2673 2224 2911 2283 conjunc-

1748 2292 1823 2333 tae
1846 2288 1977 2334 solae
2007 2302 2038 2334 a
2063 2288 2203 2335 nobis
2224 2296 2427 2351 possunt
2450 2287 2690 2350 cognosci,
2716 2288 2777 2334 16
2798 2302 2872 2347 sq.
2894 2306 2911 2343 3

1748 2364 1923 2397 causae
1960 2350 2237 2399 morbificae
2275 2358 2657 2413 symptomatum
2688 2350 2909 2411 peculia-

1746 2414 2911 2539 '‘uffmpffffi‘ifissssffihfflffiuiiffla

1748 2539 1851 2587 lute
1886 2557 2073 2598 verum,
2108 2557 2259 2603 quam
2300 2542 2419 2603 quid
2460 2542 2675 2590 maxime
2706 2549 2913 2588 naturae

1747 2603 1993 2652 humanae
2013 2605 2397 2661 accommodum,
2416 2606 2636 2667 percipit,
2660 2607 2751 2651 511
2774 2623 2789 2658 3
2822 2619 2909 2651 ex—

1750 2667 1967 2730 emplum
2004 2673 2079 2715 est
2098 2669 2339 2730 quomodo
2362 2669 2581 2716 Naturae
2609 2667 2911 2728 operationes

1750 2731 2171 2839 depdrphendimus,
2210 2746 2309 2779 non
2342 2739 2507 2780 tamen
2544 2731 2746 2778 modum
2789 2746 2910 2794 ope-

1750 2807 1837 2840 ran
1874 2793 1903 2850 ',
1928 2796 2039 2842 363.

1818 2857 2067 2905 Cerevisia
2106 2858 2384 2919 generosior
2422 2858 2475 2906 in
2512 2857 2743 2919 hydrope,
2780 2857 2909 2912 471,

1750 2920 2005 2976 medicata,
2037 2935 2125 2982 pro
2156 2922 2468 2982 pauperibus,
2492 2922 2580 2971 471
2605 2940 2617 2975 3
2650 2936 2806 2968 cerev.
2829 2921 2911 2968 cui

1750 2984 1905 3030 macie
1926 2984 2113 3045 aliquid
2142 2984 2407 3040 incoctum,
2429 2985 2482 3032 in
2502 2984 2911 3045 pestilentialibua

1750 3047 1947 3102 morbis.
1987 3048 2110 3102 114,
2160 3062 2312 3094 cerev.
2348 3063 2465 3095 cum
2496 3047 2789 3094 rhabarbaro
2824 3062 2911 3108 pro

1749 3109 2029 3166 infantibus,
2045 3113 2157 3166 504,
2173 3112 2269 3158 505
2291 3130 2303 3166 ,
2336 3126 2488 3159 cerev.
2508 3111 2671 3158 tenuis
2687 3111 2739 3156 in
2756 3111 2907 3170 poda-

1751 3173 1915 3234 gricis,
1939 3175 2051 3230 433,
2070 3175 2194 3228 434,
2227 3174 2282 3221 in
2304 3174 2507 3230 calculo,
2526 3177 2620 3221 525
2640 3193 2654 3228 ,
2686 3175 2737 3219 in
2758 3174 2904 3220 febri-

1751 3235 1861 3293 bus,
1883 3238 1969 3292 53,
2006 3253 2121 3284 cum
2138 3237 2469 3284 aurantiomm
2492 3252 2656 3292 succo,
2676 3237 2731 3283 in
2749 3237 2909 3283 febrili

1752 3298 1934 3356 ardore,
1958 3301 2049 3357 53,
2084 3315 2201 3347 cum
2222 3300 2405 3347 viu-ioli
2424 3301 2536 3362 spir.
2556 3301 2609 3347 in
2626 3301 2777 3347 micto
2798 3315 2909 3346 cru-

1752 3369 1864 3409 ento
1903 3370 1953 3410 et
1985 3363 2219 3424 petechiis
2252 3379 2313 3410 ex
2344 3364 2477 3411 febre
2509 3371 2669 3418 acuta,
2692 3365 2817 3417 360,
2856 3363 2909 3410 in

1750 3426 1991 3474 morbillis
2002 3441 2159 3474 anom.
2175 3427 2291 3474 anni
2312 3427 2409 3483 ’74,
2426 3429 2551 3482 218,
2582 3428 2635 3473 in
2652 3427 2911 3488 peripneu-

1751 3489 1917 3536 monia
1940 3491 2104 3545 notha,
2131 3491 2255 3545 254,
2290 3490 2343 3537 in
2374 3491 2499 3537 tussi
2519 3491 2743 3551 epidem„
2780 3491 2873 3537 229
2896 3506 2911 3542 ,

1750 3552 1803 3598 in
1840 3553 2051 3610 variolis,
2081 3554 2205 3607 2213
2238 3553 2291 3600 in
2321 3553 2517 3601 variolis
2556 3568 2717 3600 anom.
2750 3553 2908 3608 discr..

1758 3617 1847 3663 193
1867 3635 1878 3670 ,
1910 3616 1963 3663 in
1990 3615 2185 3664 variolis
2206 3617 2482 3673 confluent..
2503 3619 2634 3669 355„

1820 3679 2147 3740 Chalybeatae
2202 3694 2355 3741 aquae
2398 3681 2451 3726 in
2499 3679 2689 3728 calculo
2735 3693 2909 3726 renum

1752 3750 2121 3867 δ’ῗὲεῗζῖῗεῑῗ
2143 3757 2376 3862 imma,
2416 3745 2643 3860 3²:332:
2675 3805 2911 3867 hydrope,

1752 3868 1878 3923 472,
1909 3869 1963 3916 in
1984 3869 2139 3917 colica
2157 3869 2487 3931 hypochondr.
2508 3878 2561 3918 et
2579 3869 2761 3932 hyster.
2786 3871 2911 3926 582,

1752 3931 1804 3978 in
1838 3931 2081 3994 hysterica
2118 3933 2288 3988 effect..
2330 3933 2425 3984 379
2463 3949 2570 3994 sq.3
2622 3933 2826 3994 chalybs
2858 3933 2911 3980 in

1753 3995 2023 4043 substantia
2041 3997 2223 4058 optime
2244 4011 2367 4059 opus
2386 3997 2633 4058 persolvit,
2658 3999 2753 4043 380
2773 4015 2785 4050 ,
2824 3996 2909 4042 de-

1750 4057 1865 4106 inde
1899 4059 1952 4106 in
1992 4059 2161 4122 syrupi
2195 4061 2364 4115 forma,
2392 4063 2522 4115 380,
2554 4061 2605 4107 in
2640 4058 2912 4108 substantia

1752 4136 1816 4168 an
1835 4122 1887 4168 in
1909 4123 2178 4169 visceribus
2194 4123 2397 4170 haerens
2414 4139 2587 4172 nocere
2606 4123 2772 4184 possit,
2788 4125 2913 4177 383,

1752 4185 1855 4232 sine
1892 4186 2219 4248 purgantibus
2260 4188 2585 4248 praestantius
2624 4201 2771 4233 suum
2810 4186 2915 4234 edit

1752 4248 1992 4306 effectum,
2014 4252 2125 4306 380,
2146 4251 2235 4297 381
2260 4268 2271 4304 ,
2305 4251 2347 4296 si
2369 4265 2545 4312 corpus
2562 4249 2708 4297 nimis
2729 4250 2911 4306 turbet,

1748 4311 1959 4360 laudano
1991 4312 2245 4370 utendum,
2270 4315 2362 4360 385
2387 4333 2399 4368 ,
2438 4329 2552 4362 cum
2586 4313 2709 4360 nihil
2746 4313 2911 4375 pmfe-

1750 4376 1869 4422 cerit
1900 4376 1953 4422 in
1981 4376 2163 4424 morbis
2195 4377 2437 4426 emendis.
2466 4393 2619 4440 aquae
2651 4375 2911 4424 minet-ales

1748 4438 1928 4487 ferreae
1944 4439 2210 4496 adeundae,
2224 4442 2317 4489 386
2334 4461 2347 4496 3
2384 4456 2593 4504 cumque
2606 4441 2724 4488 istae
2740 4440 2910 4488 minus
