3138 5006
604 1025 1088 1110 PRAEFATIO
1149 1033 1600 1109 EDITIONIS
1658 1031 2053 1107 TERTIAE.

313 1301 882 1368 Qmuanmonun
919 1323 960 1365 a
996 1301 1258 1365 Natura
1299 1300 1394 1364 ita
1437 1307 1807 1384 comparata
1852 1306 1949 1364 est
1992 1299 2260 1364 humani
2295 1319 2432 1364 cor-

220 1404 399 1487 poris
428 1405 689 1483 fabrica,
719 1411 797 1468 ut
824 1425 946 1467 nec
974 1423 1128 1487 prae
1150 1405 1296 1488 jugi
1324 1403 1787 1487 particularum
1820 1403 1998 1466 fluxu
2028 1403 2151 1466 sibi
2182 1423 2431 1486 semper

220 1513 500 1584 constet,
532 1527 654 1570 nec
691 1527 844 1589 prae
881 1511 1295 1570 externarum
1332 1527 1552 1569 rerum
1590 1505 1653 1568 vi
1690 1504 1792 1568 sui
1813 1505 1978 1588 juris
2007 1504 2249 1587 ubique
2286 1525 2429 1588 per-

217 1615 507 1685 maneat,
537 1607 714 1671 unde
743 1608 1081 1690 multiplex
1127 1607 1611 1689 aegritudinum
1648 1607 1873 1670 cohors
1908 1606 2097 1670 terris
2138 1606 2219 1670 ab
2250 1607 2431 1669 omni

221 1729 381 1773 aevo
409 1708 706 1773 incubuit
727 1734 746 1786 3
794 1709 884 1772 sic
921 1708 1146 1792 procul
1189 1709 1370 1772 omni
1409 1708 1609 1772 dubio
1648 1730 1689 1771 a
1730 1709 1953 1771 multis
1986 1709 2125 1791 jam
2160 1709 2429 1772 saeculis

221 1817 382 1874 ante
422 1817 654 1874 natum
695 1831 832 1874 non
873 1811 1196 1873 Graecum
1233 1809 1446 1888 mode,
1480 1810 1594 1873 sed
1641 1810 1776 1892 (qui
1811 1810 1987 1873 mille
2028 1810 2214 1872 annis
2253 1810 2430 1873 hunc

219 1913 614 1994 antecessit,)
663 1912 1065 1994 Aegyptium
1109 1912 1594 1994 Aesculapium,
1642 1912 1983 1974 hominum
2024 1911 2291 1993 ingenia
2324 1911 2425 1973 in-

216 2014 636 2095 vestigandae
655 2013 944 2077 medelae
965 2013 1312 2077 necessitas
1331 2014 1639 2077 exercuit.
1741 2013 1863 2096 [2.]
1916 2014 2006 2076 Et
2021 2013 2328 2095 profecto,
2350 2019 2428 2076 ut

219 2116 367 2200 quis
412 2115 660 2198 primus
712 2115 1144 2179 aedificiorum
1191 2123 1306 2178 aut
1347 2117 1889 2179 vestimentorum
1932 2135 2125 2177 usum
2185 2109 2285 2178 ad'
2319 2113 2428 2177 de-

216 2217 588 2299 pellendam
631 2217 794 2280 coeli
836 2217 1321 2281 inclementiam
1364 2216 1671 2294 instituit,
1708 2238 1904 2280 nemo
1946 2217 2135 2279 facile
2174 2215 2427 2294 dixerit,

213 2318 318 2381 ita
359 2325 428 2380 et
465 2319 648 2382 Artis
683 2317 982 2402 Medicae
1014 2319 1286 2396 natales,
1317 2325 1393 2381 ut
1437 2319 1580 2382 Nili
1622 2319 1893 2396 fontem,
1922 2318 2271 2400 indigitare
2313 2339 2428 2382 ne-

216 2420 480 2502 quimus
503 2445 522 2496 3
569 2439 720 2482 cum
747 2420 893 2498 ista,
924 2419 1190 2503 perinde
1221 2440 1295 2482 ac
1314 2427 1602 2483 caeterae
1632 2427 1823 2497 artes,
1846 2421 1919 2482 in
1947 2441 2074 2482 usu
2089 2440 2429 2502 nunquam

213 2542 360 2585 non
391 2522 698 2601 extiterit,
729 2523 882 2585 licet
924 2542 1103 2585 nunc
1155 2521 1550 2604 diligentius„
1594 2543 1770 2585 nunc
1808 2522 2105 2604 frigidius
2150 2522 2426 2601 exculta,

211 2644 338 2707 pro
394 2624 570 2688 vario
627 2631 994 2707 temporum
1051 2644 1126 2687 ac
1170 2624 1512 2705 regionum
1557 2623 1807 2687 habitu.
1909 2624 2029 2707 [3.]
2086 2624 2427 2689 Quantum

211 2732 486 2803 veteres,
527 2746 602 2788 ac
637 2726 812 2789 inter
861 2726 1102 2807 primos
1145 2726 1593 2808 HippocrateS,
1639 2725 2122 2809 praestiterunt,
2168 2725 2426 2789 abunde

209 2834 454 2891 notum
487 2836 620 2905 est;
669 2827 904 2909 quibus
943 2827 1206 2904 scilicet,
1253 2848 1328 2890 ac
1367 2848 1593 2891 eorum
1630 2828 1869 2911 scripta
1906 2827 2423 2909 compilantibus,

209 2930 570 2993 maximam
607 2929 1086 3011 therapeuticae
1131 2929 1426 2993 solertiae
1469 2936 1725 3011 partem
1770 2936 2101 3011 acceptam
2132 2929 2422 2992 ferimus.

213 3033 402 3098 Quin
431 3039 500 3095 et
537 3031 1032 3095 succedentibus
1071 3030 1306 3095 deinde
1351 3032 1623 3095 saeculis
1666 3032 1930 3095 emicuit
1961 3031 2425 3095 nonnullorum

207 3136 556 3212 industria,
603 3135 716 3217 qui
750 3140 866 3197 aut
911 3134 1293 3211 anatomiae,
1337 3142 1452 3198 aut
1496 3135 1921 3219 pharmaciae,
1961 3140 2075 3197 aut
2118 3133 2424 3197 methodo

211 3236 470 3321 ἰατρικῇ
511 3256 772 3319 operam
810 3234 1127 3313 navando‚
1159 3235 1530 3300 Medicinae
1573 3237 1899 3320 pomoeria
1948 3236 2255 3319 ampliare
2304 3255 2422 3317 pro

205 3338 382 3403 virili
441 3344 854 3420 sategerunt,
898 3343 976 3399 ut
1033 3344 1286 3401 taceam
1330 3359 1454 3402 nec
1502 3338 1577 3400 in
1626 3338 1749 3401 hac
1792 3344 2015 3402 nostra
2057 3338 2418 3414 Britannia,

207 3441 482 3523 ipsoque
508 3439 632 3502 hoc
663 3438 916 3503 saeculo
948 3438 1245 3517 defuisse,
1267 3440 1378 3521 qui
1405 3440 1478 3503 in
1507 3440 1687 3503 omni
1716 3440 2130 3503 scientiarum
2162 3460 2417 3521 genere,

209 3562 341 3625 quo
369 3560 476 3604 res
505 3540 766 3604 Medica
795 3540 1103 3622 adaugeri
1141 3540 1364 3622 possit,
1395 3541 1637 3623 optime
1682 3546 2096 3617 meruerunt3
2142 3560 2417 3621 quorum

211 3642 478 3725 quidem
526 3641 750 3705 laudes
795 3640 1026 3722 impari
1061 3642 1306 3705 calamo
1342 3662 1477 3705 non
1519 3642 1793 3725 attingo.
1893 3641 2017 3725 [4.]
2071 3641 2417 3704 Caeterum

210 3752 715 3827 quantacunque
751 3742 996 3806 fuerint
1041 3742 1314 3806 aliorum
1357 3745 1717 3823 conamina,
1764 3764 2015 3826 semper
2058 3741 2415 3806 existimavi

207 3845 378 3908 mihi
420 3844 634 3908 vitalis
677 3864 870 3907 aurae
903 3864 1098 3907 usum
1143 3844 1384 3908 fmstra
1428 3845 1655 3909 datum
1697 3845 1855 3923 fore,
1895 3844 2025 3907 nisi
2060 3851 2125 3907 et
2167 3844 2305 3926 ipse
2342 3842 2415 3905 in

206 3947 334 4011 hoc
365 3946 576 4011 stadio
603 3952 910 4025 versatus,
939 3944 1304 4029 symbolum
1333 3947 1613 4029 aliquod,
1632 3954 1964 4029 utcunque
1993 3947 2319 4028 exiguum,
2342 3944 2413 4007 in

208 4070 558 4113 commune
587 4048 957 4111 Medicinae
987 4048 1304 4111 aerarium
1333 4048 1829 4113 contribuerem.
1922 4049 2241 4114 Quocirca
2267 4054 2413 4129 post

210 4150 594 4214 diuturnam
637 4149 1145 4227 meditationem,
1193 4170 1268 4213 ac
1315 4151 1693 4233 diligentem
1731 4150 2055 4233 fidamque
2094 4170 2413 4213 annorum

209 4253 852 4335 aliquammultorum
889 4250 1420 4330 observationem,
1452 4253 1719 4316 tandem
1758 4251 2103 4335 aliquando
2142 4250 2409 4326 decrevi,

209 4355 422 4439 primo
473 4352 863 4417 sententiam
909 4372 1122 4415 meam
1167 4354 1240 4415 in
1285 4354 1572 4419 medium
1618 4356 1921 4439 proferre,
1970 4373 2099 4436 qua
2148 4352 2413 4415 demum

209 4456 465 4520 ratione
507 4454 822 4521 Medendi
864 4453 1134 4519 scientia
1173 4456 1444 4521 ulterius
1487 4457 1845 4539 promoveri
1885 4454 2123 4539 possit,
2177 4452 2411 4517 deinde

1320 4578 1355 4619 c

2502 1308 2694 1358 Pau-:n

2457 1371 2552 1422 En.
2568 1375 2733 1423 Tzur.
