3138 5006
676 283 804 348 162
968 303 973 308 ·
1290 284 1680 349 THOMAE
1733 277 2249 351 SYDENHAM

382 459 631 508 cons-m.
674 448 832 511 adeo
860 447 1183 511 faventem
1210 446 1353 510 illas
1381 446 1682 511 habuisse
1705 469 1897 532 supra
1927 447 1996 532 [i.
2021 451 2083 511 3.
2115 447 2202 532 1.]
2227 448 2610 511 notavimus.
2655 446 2872 530 Atque

364 524 645 635 ffissssssz‘g,
671 550 813 628 hae,
864 570 981 633 pro
1040 570 1218 614 more
1262 549 1840 614 intermittentium
1888 571 2250 629 vernarum,
2305 551 2578 616 solstitio
2637 550 2878 613 aestivo

390 654 471 700 ’69
484 651 606 701 ³⁷2·
672 655 777 717 vix
814 654 1262 738 praeterlapsO,
1295 655 1561 720 omnino
1605 675 1941 719 evanuere.
2031 655 2395 738 Incipiente
2423 676 2646 718 mense
2677 654 2720 716 J
2721 653 2876 732 ulio',

674 759 1135 844 Dysentericae
1164 759 1401 823 Febres
1432 781 1628 842 quam
1665 759 2198 842 praecedentibus
2243 759 2429 822 annis
2459 757 2880 821 obtinuerant

672 863 1020 926 stationem
1072 861 1152 925 de
1209 883 1375 926 novo
1424 862 1843 944 repetebant3
1905 869 2222 926 autumno
2272 881 2420 924 vero
2472 860 2882 942 aliquantum

673 965 1082 1049 provectiore,
1107 964 1495 1049 Dysenteria
1514 966 1654 1048 jam
1683 966 1877 1028 tertio
1899 986 2188 1047 regressa
2209 971 2327 1042 est,
2353 963 2467 1026 sed
2489 961 2882 1026 contractior

677 1089 871 1151 quam
895 1089 1067 1132 anno
1094 1067 1326 1130 ultimo
1357 1068 1591 1150 elapso,
1617 1089 1744 1151 quo
1775 1068 1856 1130 ad
1879 1065 2088 1147 ἀκμήν
2114 1065 2473 1150 pervenisse
2501 1063 2879 1142 videbatur3

678 1172 1152 1256 supervenienti
1194 1179 1413 1234 autem
1452 1170 1672 1255 hyemi
1711 1171 1978 1234 tertium
2020 1168 2217 1233 etiam
2255 1169 2465 1247 cessit,
2496 1166 2704 1231 Febre
2741 1167 2882 1251 Dy-

676 1273 993 1337 senterica
1022 1280 1087 1336 et
1124 1273 1395 1337 Variolis
1424 1272 1738 1357 reliquam
1779 1293 1924 1336 eam
1950 1278 2406 1355 tempestatem
2447 1270 2686 1334 iterum
2727 1289 2883 1334 con-

675 1374 1107 1439 tristantibus.

424 1474 599 1535 1672.
770 1475 899 1564 [6.]
948 1478 1114 1542 Cum
1140 1499 1291 1542 vero
1324 1479 1424 1562 (ut
1446 1478 1587 1563 jam
1614 1479 2030 1562 monuimus)
2065 1479 2185 1542 sub
2215 1479 2514 1561 ingressu
2540 1478 2885 1561 utriusque

371 1577 616 1692 3335&
679 1581 835 1646 anni
877 1582 1315 1665 praecedentis
1360 1582 1624 1646 morbus
1667 1582 1896 1666 aliquis
1938 1582 2120 1646 valde
2173 1581 2563 1664 epidemicus
2608 1581 2884 1644 invales-

606 1676 617 1688 ’
678 1693 869 1765 ceret,
906 1685 1218 1767 (Morbilli
1260 1685 1501 1748 scilicet
1545 1684 1870 1748 exoriente
1911 1705 2081 1748 anno
2126 1685 2315 1762 16⁷0,
2356 1682 2886 1747 Intermittentes

680 1796 897 1853 autem
934 1789 1273 1852 Tertianae
1314 1809 1486 1852 anno
1535 1788 1692 1852 167]
1744 1785 2089 1868 inchoato,)
2124 1807 2400 1869 quorum
2439 1783 2887 1870 praedominio

678 1896 773 1959 ita
792 1890 1347 1957 intercidebantur
1366 1889 1778 1954 Variolarum
1800 1888 2037 1973 copiae,
2055 1897 2132 1951 ut
2153 1889 2316 1951 fines
2339 1909 2509 1965 suoS,
2532 1884 2880 1969 praedictis

678 1993 867 2058 annis
897 1992 1291 2069 ineuntibus,
1314 1991 1508 2074 longe
1528 1991 1787 2074 lateque
1808 2012 2160 2074 propagare
2188 1989 2534 2072 nequirent
2541 2015 2561 2067 3
2607 1988 2731 2052 hac
2759 1987 2880 2068 (in-

681 2095 919 2178 quam,)
948 2093 1027 2157 de
1052 2115 1269 2172 causa,
1288 2099 1537 2156 remoto
1560 2093 1698 2175 jam
1729 2091 1927 2170 obice,
1966 2094 2222 2175 (nempe
2252 2091 2439 2155 initio
2471 2091 2626 2155 anni
2660 2091 2873 2172 1672)

678 2219 829 2260 cum
888 2195 1057 2259 solae
1103 2194 1592 2258 dominarentur
1633 2194 1951 2270 Variolae,
1996 2193 2347 2276 epidemice
2394 2192 2744 2258 admodum
2802 2212 2882 2256 ex

679 2295 1098 2380 consequenti
1157 2295 1634 2378 grassabantur,
1699 2295 1902 2360 donec
1961 2294 2369 2359 subintrante
2427 2317 2652 2358 rursus
2704 2295 2747 2357 J
2747 2291 2881 2358 ulio

674 2395 914 2462 Febres
945 2397 1403 2481 Dysentericae
1435 2397 1649 2461 denuo
1679 2397 2075 2476 invaderent,
2105 2419 2268 2481 quae
2297 2397 2721 2462 redeuntibus
2742 2397 2884 2480 jam

678 2508 911 2585 quarto
959 2500 1260 2584 Augusto
1311 2500 1716 2586 Dysenteriis
1768 2524 1916 2565 mox
1957 2499 2394 2566 facessebant:
2453 2497 2882 2584 Dysenteriae

676 2627 826 2669 vero
856 2628 991 2670 non
1019 2604 1348 2689 pauciores
1379 2612 1640 2669 tantum
1672 2627 1866 2689 quam
1894 2604 2215 2689 prioribus
2246 2606 2434 2669 annis
2463 2606 2741 2686 fuerant,
2767 2606 2884 2671 sed

678 2705 937 2771 mitiora
992 2706 1256 2790 insuper
1312 2707 1742 2791 apportabant
1801 2716 2251 2793 symptomata.
2339 2708 2544 2773 Porro
2601 2709 2884 2773 Variolis

676 2806 831 2872 hinc
868 2807 1145 2891 indeque
1182 2806 1375 2873 simul
1413 2810 1666 2892 sparsis,
1697 2810 1874 2873 haud
1909 2810 2097 2875 facile
2128 2819 2266 2875 erat
2306 2810 2488 2875 dictu
2529 2811 2674 2895 quis
2711 2834 2882 2876 mor-

677 2910 801 2976 bus
830 2912 1269 2996 praepolleret.
1322 2909 1639 2975 Existimo
1672 2912 1932 2995 quidem
1960 2934 2081 2996 ego
2113 2913 2668 2978 constitutionem
2696 2913 2882 2993 aeris,

678 3014 762 3077 ad
793 3014 1209 3098 Dysenterias
1250 3012 1726 3097 progignendas
1768 3014 1988 3077 minus
2030 3015 2396 3094 facientem,
2427 3014 2709 3080 Variolis
2739 3036 2884 3079 eam

678 3115 1195 3179 subministrasse
1230 3114 1625 3192 facultatem,
1658 3138 1787 3198 qua
1813 3118 1952 3199 pari
1982 3138 2177 3199 passu
2201 3118 2544 3200 procedere
2573 3118 2884 3196 valerent,

674 3238 860 3280 secus
892 3224 1085 3299 atque
1116 3216 1193 3279 iis
1232 3217 1417 3279 annis
1450 3217 1684 3301 quibus
1716 3217 2118 3303 dysenteriae
2149 3220 2450 3301 Augusto
2478 3239 2701 3282 mense
2730 3240 2888 3282 con-

674 3318 893 3381 fertim
934 3317 1138 3399 magis
1174 3317 1607 3383 trucidabant.
1703 3320 1952 3404 Hyems
1987 3320 2086 3402 (ut
2128 3320 2416 3403 solebat,)
2463 3320 2888 3404 Dysenterias

678 3418 1016 3502 ablegavit,
1063 3419 1176 3482 sed
1231 3441 1444 3503 neque
1495 3421 1790 3501 Febrem,
1834 3444 1956 3486 nec
2006 3421 2321 3487 Variolas.
2418 3421 2720 3487 Variolae
2778 3422 2890 3487 hic

675 3522 876 3586 etiam
920 3543 1036 3605 pro
1080 3543 1257 3585 more
1302 3544 1437 3601 suu,
1485 3523 1892 3587 exulantibus
1937 3523 2359 3608 Dysenteriis,
2400 3545 2618 3587 rerum
2669 3522 2889 3587 denuo

678 3623 1110 3706 potiebantur,
1157 3629 1223 3687 et
1279 3644 1396 3706 per
1445 3646 1705 3688 omnem
1756 3624 2071 3707 reliquam
2129 3626 2427 3690 brumam
2485 3624 2888 3708 regnabant3

681 3725 969 3809 quinimo
1005 3724 1436 3808 subsequente
1464 3748 1633 3805 vere,
1663 3735 1738 3790 ut
1770 3727 1966 3791 etiam
2006 3729 2265 3791 aestatis
2295 3730 2501 3807 initio,
2532 3728 2662 3791 11110
2691 3738 2890 3811 atque

676 3830 833 3893 illuc
855 3829 1327 3907 deferebantur,
1351 3830 1545 3911 longe
1566 3835 1789 3893 tamen
1817 3829 2103 3893 mitiores
2135 3852 2328 3913 quam
2349 3853 2465 3913 pro
2481 3830 2604 3894 11οο
2626 3851 2888 3913 genere.

780 3932 902 4017 [7.]
956 3933 1204 3995 Verum
1250 3932 1575 3995 enimvero
1621 3933 1877 4014 quando
1922 3954 2134 3996 assero
2179 3932 2676 4015 epidemicorum
2729 3932 2892 3995 alte-

680 4058 831 4100 rum
860 4035 939 4099 ab
972 4034 1191 4113 altero,
1215 4041 1292 4097 ut
1321 4032 1573 4096 clavum
1604 4054 1643 4096 a
1672 4032 1900 4111 clavo‘,
1929 4034 2102 4117 pelli,
2126 4055 2261 4098 non
2291 4035 2510 4098 statim
2539 4033 2684 4097 dico
2713 4054 2890 4111 eum,

682 4139 795 4221 qui
823 4136 1083 4220 pellitur
1112 4157 1186 4199 ac
1224 4136 1412 4213 cedit,
1444 4134 1744 4198 morbum
1780 4135 1854 4199 in
1891 4137 2166 4200 solidum
2206 4158 2600 4215 evanescere,
2633 4143 2699 4200 at
2737 4158 2894 4201 vero

680 4240 887 4302 rarius
932 4236 1253 4302 invadere.
1372 4238 1670 4301 Durante
1718 4237 1892 4301 enim
1936 4237 2058 4301 hac
2089 4238 2568 4302 Constitutione
2611 4245 2894 4320 uterque

748 4398 769 4421 θ
802 4398 854 4437 ut
875 4392 1052 4466 chemm-
1066 4408 1097 4437 α
1115 4388 1268 4452 clavo]
1285 4390 1347 4436 cf.
1364 4389 1563 4437 Erasini
1579 4392 1737 4467 Αάαᾳ.
1827 4390 1932 4453 ἥλῳ
1953 4390 2042 4439 τὸν
2062 4386 2184 4447 ἧλον
2203 4388 2429 4455 ἐκκρούει.

682 4454 713 4502 i.
756 4457 803 4501 2.
839 4455 883 4501 4.
903 4472 914 4510 ς
958 4454 1200 4511 Gaisford,
1234 4456 1439 4501 Paroem.
1484 4456 1650 4503 Graec.
1690 4469 1742 4501 111
