3138 5006
678 245 810 309 864
1294 243 1686 309 THOMAE
1734 245 2254 313 SYDENHAM

406 416 492 465 Ds
524 414 627 465 Ar·
778 408 956 493 [57.]
1000 406 1221 493 Atque
1274 406 1435 473 haec
1484 407 1566 473 de
1616 406 1894 473 Variolis
1943 406 2474 473 Confluentibus:
2547 405 2796 491 quibus
2853 404 2920 470 ti

376 480 663 593 ’,ξζξέζ
687 511 1027 592 adaman,
1090 533 1255 595 quae
1318 512 1393 577 in
1444 512 1739 575 Historia
1794 508 2162 575 Morborum
2217 512 2568 575 Aeniorum
2637 509 2772 594 [iii.
2823 512 2874 573 2
2893 532 2918 574 ε

682 614 767 678 iv.
786 615 855 678 6:
885 636 944 678 v.
964 612 1063 701 4.]
1096 614 1176 678 de
1204 613 1327 680 hoc
1348 614 1588 678 affectu
1613 612 1872 692 tradidi,
1894 634 2211 678 summam
2237 612 2440 678 habes
2467 632 2706 677 eorum
2733 632 2920 695 quae

684 716 847 781 mihi
888 715 1201 781 hactenus
1243 716 1605 794 innotuere,
1635 736 1836 798 eaque
1863 715 2084 781 omnia
2111 715 2621 799 diligentissime,
2655 714 2848 799 quod
2877 736 2924 780 a

686 841 791 885 me
820 818 959 882 fieri
980 818 1215 902 potuit,
1242 819 1563 883 trutinata
1591 824 1788 902 atque
1817 838 2116 901 expensa.

786 1024 953 1109 [58]
1007 1025 1319 1089 Accmso
1359 1044 1466 1088 me
1486 1023 1626 1109 jam
1661 1021 1991 1107 (quoniam
2019 1028 2098 1087 tu
2129 1020 2198 1085 id
2224 1021 2531 1107 postulas,
2563 1022 2696 1085 Vir
2735 1021 2922 1085 Eru-

688 1128 1048 1211 ditissima)
1084 1126 1165 1192 ad
1194 1148 1273 1191 ea
1312 1126 1693 1210 exponenda
1721 1146 1884 1209 quae
1911 1125 1994 1189 de
2027 1124 2496 1191 Affectionibus
2529 1123 2922 1209 Hysterieis

689 1231 999 1295 hactenus
1028 1228 1471 1294 observatione
1508 1228 1844 1313 comperi‘.
1937 1228 2114 1295 Quas
2151 1226 2410 1311 quidem
2439 1226 2922 1311 perobscurum

692 1337 759 1397 et
794 1330 1114 1395 difficilem
1154 1350 1309 1415 prae
1358 1330 1626 1397 caeteris
1669 1330 1780 1415 qui
1818 1329 2113 1395 homines
2142 1336 2376 1395 vexant
2423 1327 2675 1395 morbis
2721 1328 2920 1411 diag-

692 1432 881 1498 nosin
906 1432 1165 1513 habere,
1182 1442 1323 1497 tum
1354 1433 1551 1504 etiam
1582 1432 1834 1516 aegrius
1849 1432 2249 1499 curationem
2277 1432 2646 1511 admittere,
2667 1430 2918 1495 lubens

692 1537 917 1601 fateor.
1005 1538 1339 1617 Attamen,
1363 1543 1439 1600 ut
1464 1544 1711 1619 potero,
1733 1555 1984 1600 morem
2012 1536 2159 1600 Tibi
2185 1556 2428 1619 geram,
2451 1556 2548 1614 ea,
2567 1554 2740 1617 quae
2767 1532 2912 1616 epi-

694 1640 897 1705 stolae
936 1638 1257 1720 convenit,
1294 1638 1646 1718 brevitate3
1691 1660 1884 1722 quam
1927 1660 2082 1703 sane
2125 1660 2166 1703 a
2207 1660 2313 1705 me
2355 1637 2560 1721 exigit
2593 1635 2916 1703 valetudo

694 1740 1007 1806 infirmior
1049 1748 1117 1806 et
1152 1742 1331 1825 quasi
1357 1741 1680 1820 vacillans,
1710 1741 1832 1805 hae
1870 1740 2244 1824 praesertim
2285 1740 2444 1805 anni
2485 1745 2912 1823 tempestate,

696 1867 825 1930 qua
844 1844 1005 1909 mihi
1024 1844 1373 1909 verendum
1394 1852 1512 1922 est,
1544 1865 1651 1921 ne,
1671 1843 1726 1906 si
1747 1843 2135 1927 pertinacius
2165 1842 2666 1925 cogitationibus
2688 1841 2914 1905 indul-

696 1972 856 2031 ser0,
902 1950 1221 2035 podagrae
1270 1971 1421 2014 mox
1471 1970 1922 2035 paroxysmum
1967 1972 2306 2015 accersam.
2395 1950 2630 2015 Paucis
2683 1950 2914 2033 itaque

390 2064 505 2113 Non
527 2080 652 2127 quae
698 2052 1029 2137 expediam
1074 2074 1237 2137 quae
1278 2049 1385 2116 hic
1427 2052 1636 2117 habeo
1685 2051 1975 2133 dicenda,
2011 2052 2340 2131 methodo,
2385 2072 2516 2135 qua.
2557 2050 2664 2115 uti
2707 2052 2908 2130 soleo,

387 2129 671 2255 ffirt‘i'ffig,
697 2156 1036 2234 insistens3
1080 2155 1341 2221 brevem
1376 2154 1616 2220 scilicet
1644 2155 1854 2220 morbi
1879 2154 2216 2220 historiam
2244 2155 2504 2219 tradens
2539 2154 2908 2218 secundum

388 2258 655 2384 53:⁸35&
698 2280 849 2323 vera
898 2258 1192 2322 Naturae
1248 2258 1730 2341 phaenomena3
1784 2266 1930 2321 tum
1976 2258 2174 2322 etiam
2219 2257 2524 2322 medendi
2579 2258 2910 2321 rationem

390 2400 498 2448 pm
526 2400 673 2449 expe-
701 2360 1087 2425 subnectens
1117 2381 1279 2444 quae
1308 2359 1469 2423 mihi
1497 2360 1737 2449 optime
1767 2359 1974 2439 cessit,
2006 2380 2324 2444 quamque
2353 2380 2488 2422 non
2523 2366 2666 2423 tam
2711 2359 2914 2423 libro·

390 2449 673 2571 ῗζίῗὶζὶξο·
697 2486 845 2530 rum
864 2464 1073 2545 lectio,
1105 2486 1299 2550 quam
1322 2465 1714 2549 experientia
1751 2466 2023 2550 propria,
2055 2464 2363 2549 magistra
2398 2462 2912 2548 haudquaquam

391 2579 539 2627 n-uffit
562 2579 669 2627 Au·
700 2569 918 2647 infida,
942 2569 1081 2652 jam
1110 2568 1635 2667 olimpuggessit.

392 2641 515 2693 ‘¹²⁰⁸‘
798 2671 963 2755 [59.]
1001 2671 1128 2735 Hic
1152 2671 1411 2736 morbus
1432 2671 1510 2754 (si
1530 2678 1703 2736 recte
1725 2672 2042 2736 calculum
2061 2673 2277 2755 pono,)
2293 2670 2742 2736 chronicorum
2769 2691 2916 2735 om·

700 2775 887 2838 nium
913 2773 1423 2858 frequentissime
1458 2775 1769 2852 occurrit,
1815 2782 1882 2840 et
1927 2774 2112 2840 sicuti
2155 2775 2366 2840 febres
2403 2796 2552 2839 cum
2591 2775 2915 2858 appendi·

392 2903 615 2954 Affecti„
701 2878 881 2945 cibus
904 2878 1032 2942 suis
1056 2877 1213 2942 duas
1234 2882 1447 2960 partes
1474 2877 1700 2940 tertias
1711 2876 1842 2955 fiad
1863 2877 2194 2942 chronicos
2217 2876 2474 2942 morbos
2501 2877 2702 2941 simul
2729 2899 2914 2941 sum-

394 2969 645 3083 ξὶζξξζὶῑξξ
700 2988 847 3065 ptos
876 2981 931 3044 si
958 2987 1429 3065 comparentur,
1460 2979 1804 3062 complent,
1833 2979 1931 3044 ita
1956 2980 2248 3044 Affectus
2281 2979 2608 3064 Hysterici
2645 2980 2774 3062 (vel
2805 2981 2916 3044 isti

394 3113 505 3146 rum
526 3114 639 3161 pm
703 3087 934 3150 saltem
961 3085 1072 3169 qui
1100 3105 1177 3149 eo
1204 3083 1469 3149 nomine
1496 3083 1983 3167 insigniuntur,)
2019 3083 2104 3147 ad
2129 3083 2411 3167 reliquae
2439 3083 2644 3166 partis
2673 3083 2917 3148 tertiae

393 3163 557 3275 ffiffl⁸
704 3188 1045 3252 dimidium
1084 3193 1450 3270 assurgunt,
1481 3187 1606 3251 hoc
1645 3193 1762 3265 est,
1794 3185 2243 3251 chronicorum
2279 3207 2426 3270 pars
2463 3184 2685 3250 media
2725 3195 2914 3251 sunt.

396 3318 643 3367 Paucimi-
706 3290 1157 3354 Foeminarum
1187 3289 1361 3354 enim
1388 3287 1807 3373 paucissimae
1841 3287 1977 3372 (qui
2007 3309 2195 3352 sexus
2232 3287 2606 3353 adultorum
2637 3287 2918 3354 dimidia

394 3383 643 3494 ’,ἓξὲξ
643 3447 661 3494 1
704 3398 802 3456 est
842 3391 1035 3475 pars,)
1084 3390 1166 3454 ab
1210 3393 1389 3454 omni
1429 3392 1665 3456 horum
1708 3391 2059 3455 affectuum
2103 3390 2312 3474 specie
2358 3409 2620 3473 prorsus
2663 3389 2915 3455 liberae

397 3511 487 3558 viri
506 3511 671 3559 seden-
705 3503 878 3573 sunt,
902 3495 957 3558 si
984 3495 1139 3557 istas
1168 3494 1443 3578 excipias
1472 3514 1637 3578 quae
1665 3493 1988 3559 laboribus
2019 3501 2310 3557 assuetae
2333 3492 2495 3556 dure
2515 3492 2716 3556 vitam
2745 3494 2914 3558 tole-

396 3575 680 3690 ἷζζὲτξῐξζὲἰῐ·
703 3604 873 3660 rant.
984 3595 1292 3662 Quinimo
1342 3619 1477 3662 non
1520 3596 1712 3681 pauci
1757 3617 1836 3661 ex
1880 3595 1960 3660 iifl
2003 3595 2152 3660 Viriss
2199 3595 2309 3680 ‘1¹¹i
2351 3595 2552 3659 Vitam
2594 3595 2916 3678 ‘'egent‘'

704 3699 1131 3764 sedentariam
1152 3699 1393 3764 chartis
1422 3699 1633 3763 solent
1655 3699 2110 3782 impallescere,
2143 3699 2370 3762 eodem
2386 3697 2613 3762 morbo
2641 3705 2914 3763 tentan-

703 3809 833 3866 tur.
923 3803 1011 3866 Et
1056 3801 1409 3884 quamlibet
1451 3801 1661 3865 omnis
1703 3809 1880 3865 retro
1923 3800 2275 3884 antiquitas
2319 3807 2760 3886 symptomata
2801 3801 2916 3866 illa

704 3904 1059 3969 Affectibus
1098 3903 1453 3988 Hystericis
1483 3903 1901 3968 adnascentia
1927 3910 2114 3968 utero
2147 3923 2398 3986 semper
2423 3902 2580 3966 vitio
2617 3903 2912 3982 verterit,

397 4019 679 4094 Affeetqum
706 4009 759 4072 si
779 4017 999 4073 tamen
1024 4007 1393 4070 affectiones
1403 4006 1998 4088 Hypochondriacm
2018 4005 2210 4089 vulgo
2233 4005 2436 4070 dictas
2459 4006 2644 4089 (quas
2667 4005 2916 4089 splenis

391 4084 683 4209 ξξζῖῗῖζ
706 4119 817 4176 aut
865 4110 1175 4175 viscerum
1222 4108 1437 4172 nescio
1485 4129 1760 4190 quorum
1810 4107 2238 4172 obstructioni
2275 4107 2718 4192 imputamus,)
2755 4129 2916 4173 cum

393 4210 678 4323 ffssffigdri'
705 4213 1045 4277 mulierum
1096 4211 1584 4296 Hystericarum
1615 4211 2061 4294 symptomatis
2109 4209 2530 4287 conferamus,
2566 4209 2672 4273 vix
2713 4228 2916 4274 ovum

396 4341 630 4402 analossiffl
830 4381 851 4404 ⁰
885 4371 959 4422 Cf.
986 4375 1187 4422 Process.
1213 4375 1303 4421 Int.
1328 4387 1369 4421 c.
1398 4367 1440 4420 l.

828 4442 845 4475 ί
878 4439 955 4486 Cf.
994 4441 1176 4486 Observ.
1214 4439 1337 4487 Med.
1366 4437 1427 4484 vi.
1456 4435 1497 4487 7.
1528 4439 1620 4494 103
1657 4439 1808 4498 Epist.
1830 4439 2046 4498 Rapum.
2073 4438 2112 4485 1.
2139 4439 2162 4496 5
2191 4437 2284 4493 523
2325 4438 2476 4485 Traet.
2503 4437 2570 4484 11.
2593 4437 2618 4497 ἱ
2643 4437 2721 4483 21.
