<?xml version="1.0" encoding="UTF-8"?>
<!DOCTYPE html PUBLIC "-//W3C//DTD XHTML 1.0 Transitional//EN"
    "http://www.w3.org/TR/xhtml1/DTD/xhtml1-transitional.dtd">
<html xmlns="http://www.w3.org/1999/xhtml" xml:lang="en" lang="en">
 <head>
  <title>
</title>
<meta http-equiv="Content-Type" content="text/html;charset=utf-8" />
  <meta name='ocr-system' content='tesseract 3.04.00' />
  <meta name='ocr-capabilities' content='ocr_page ocr_carea ocr_par ocr_line ocrx_word'/>
</head>
<body>
  <div class='ocr_page' id='page_1' title='image "./operaomnia00khgoog_0187.png"; bbox 0 0 3138 5006; ppageno 0'>
   <div class='ocr_carea' id='block_1_1' title="bbox 405 3665 620 3716">
    <p class='ocr_par' dir='ltr' id='par_1_1' title="bbox 405 3665 620 3716">
     <span class='ocr_line' id='line_1_1' title="bbox 405 3665 620 3716; baseline -0.009 0"><span class='ocrx_word' id='word_1_1' title='bbox 405 3665 420 3696; x_wconf 89' lang='lat'>¹</span> <span class='ocrx_word' id='word_1_2' title='bbox 432 3668 508 3716; x_wconf 77' lang='lat' dir='ltr'><strong>Cf.</strong></span> <span class='ocrx_word' id='word_1_3' title='bbox 534 3668 620 3716; x_wconf 82' lang='lat' dir='ltr'><strong>inf.</strong></span> 
     </span>
    </p>
   </div>
   <div class='ocr_carea' id='block_1_2' title="bbox 704 260 833 324">
    <p class='ocr_par' dir='ltr' id='par_1_2' title="bbox 704 260 833 324">
     <span class='ocr_line' id='line_1_2' title="bbox 704 260 833 324; baseline -0.008 0"><span class='ocrx_word' id='word_1_4' title='bbox 704 260 833 324; x_wconf 81' lang='lat'><strong>150</strong></span> 
     </span>
    </p>
   </div>
   <div class='ocr_carea' id='block_1_3' title="bbox 1322 258 2280 362">
    <p class='ocr_par' dir='ltr' id='par_1_3' title="bbox 1322 258 2280 362">
     <span class='ocr_line' id='line_1_3' title="bbox 1322 258 2280 362; baseline 0 -39"><span class='ocrx_word' id='word_1_5' title='bbox 1322 258 1712 323; x_wconf 79' lang='lat' dir='ltr'><strong>THOMAE</strong></span> <span class='ocrx_word' id='word_1_6' title='bbox 1761 258 2280 362; x_wconf 70' lang='lat' dir='ltr'><strong>sYDnNHAM</strong></span> 
     </span>
    </p>
   </div>
   <div class='ocr_carea' id='block_1_4' title="bbox 861 462 2758 705">
    <p class='ocr_par' dir='ltr' id='par_1_4' title="bbox 861 462 2758 705">
     <span class='ocr_line' id='line_1_4' title="bbox 1602 462 2008 529; baseline 0.007 -3"><span class='ocrx_word' id='word_1_7' title='bbox 1602 462 1794 527; x_wconf 88' lang='lat' dir='ltr'><strong>CAP.</strong></span> <span class='ocrx_word' id='word_1_8' title='bbox 1841 462 2008 529; x_wconf 72' lang='lat' dir='ltr'><strong>III.k</strong></span> 
     </span>
     <span class='ocr_line' id='line_1_5' title="bbox 861 622 2758 705; baseline -0.001 -16"><span class='ocrx_word' id='word_1_9' title='bbox 861 626 1078 689; x_wconf 62' lang='lat' dir='ltr'><strong>Febris</strong></span> <span class='ocrx_word' id='word_1_10' title='bbox 1112 625 1415 688; x_wconf 73' lang='lat' dir='ltr'><strong>Continuo</strong></span> <span class='ocrx_word' id='word_1_11' title='bbox 1444 622 1768 687; x_wconf 64' lang='grc' dir='ltr'><strong>ιιηηοπιηι.ι</strong></span> <span class='ocrx_word' id='word_1_12' title='bbox 1803 624 1990 704; x_wconf 86' lang='grc'><strong>1667,</strong></span> <span class='ocrx_word' id='word_1_13' title='bbox 2026 624 2215 702; x_wconf 85' lang='grc'><strong>1668,</strong></span> <span class='ocrx_word' id='word_1_14' title='bbox 2247 630 2308 688; x_wconf 78' lang='lat' dir='ltr'><strong>et</strong></span> <span class='ocrx_word' id='word_1_15' title='bbox 2322 624 2537 705; x_wconf 74' lang='lat' dir='ltr'><strong>partis</strong></span> <span class='ocrx_word' id='word_1_16' title='bbox 2569 624 2758 687; x_wconf 85' lang='lat'><strong>1669.</strong></span> 
     </span>
    </p>
   </div>
   <div class='ocr_carea' id='block_1_5' title="bbox 705 756 2900 943">
    <p class='ocr_par' dir='ltr' id='par_1_5' title="bbox 705 756 2900 943">
     <span class='ocr_line' id='line_1_6' title="bbox 794 756 2898 840; baseline -0.002 -16"><span class='ocrx_word' id='word_1_17' title='bbox 794 760 837 825; x_wconf 89' lang='lat' dir='ltr'><strong>J</strong></span> <span class='ocrx_word' id='word_1_18' title='bbox 840 779 941 824; x_wconf 73' lang='grc' dir='ltr'><strong>ΑΜ</strong></span> <span class='ocrx_word' id='word_1_19' title='bbox 972 767 1048 823; x_wconf 83' lang='lat' dir='ltr'><strong>ut</strong></span> <span class='ocrx_word' id='word_1_20' title='bbox 1078 760 1157 823; x_wconf 90' lang='lat' dir='ltr'><strong>de</strong></span> <span class='ocrx_word' id='word_1_21' title='bbox 1180 759 1384 823; x_wconf 84' lang='lat' dir='ltr'><strong>Febre</strong></span> <span class='ocrx_word' id='word_1_22' title='bbox 1412 758 1525 823; x_wconf 90' lang='lat' dir='ltr'><strong>illa</strong></span> <span class='ocrx_word' id='word_1_23' title='bbox 1553 758 1762 822; x_wconf 80' lang='lat' dir='ltr'><strong>dicam</strong></span> <span class='ocrx_word' id='word_1_24' title='bbox 1786 779 1948 840; x_wconf 85' lang='lat' dir='ltr'><strong>quae</strong></span> <span class='ocrx_word' id='word_1_25' title='bbox 1978 756 2253 822; x_wconf 81' lang='lat' dir='ltr'><strong>durante</strong></span> <span class='ocrx_word' id='word_1_26' title='bbox 2273 759 2582 822; x_wconf 83' lang='lat' dir='ltr'><strong>variolosa</strong></span> <span class='ocrx_word' id='word_1_27' title='bbox 2607 756 2729 821; x_wconf 80' lang='lat' dir='ltr'><strong>hac</strong></span> <span class='ocrx_word' id='word_1_28' title='bbox 2750 776 2898 821; x_wconf 83' lang='lat' dir='ltr'><strong>eon-</strong></span> 
     </span>
     <span class='ocr_line' id='line_1_7' title="bbox 705 858 2900 943; baseline -0.001 -17"><span class='ocrx_word' id='word_1_29' title='bbox 705 862 1043 927; x_wconf 80' lang='lat' dir='ltr'><strong>stitutione</strong></span> <span class='ocrx_word' id='word_1_30' title='bbox 1083 858 1551 939; x_wconf 79' lang='lat' dir='ltr'><strong>dominabatur,</strong></span> <span class='ocrx_word' id='word_1_31' title='bbox 1593 866 1660 924; x_wconf 84' lang='lat' dir='ltr'><strong>et</strong></span> <span class='ocrx_word' id='word_1_32' title='bbox 1699 880 1848 923; x_wconf 89' lang='lat' dir='ltr'><strong>cum</strong></span> <span class='ocrx_word' id='word_1_33' title='bbox 1885 858 2136 924; x_wconf 83' lang='lat' dir='ltr'><strong>variolis</strong></span> <span class='ocrx_word' id='word_1_34' title='bbox 2179 858 2486 943; x_wconf 79' lang='lat' dir='ltr'><strong>ingressa,</strong></span> <span class='ocrx_word' id='word_1_35' title='bbox 2528 860 2709 923; x_wconf 84' lang='lat' dir='ltr'><strong>stetit</strong></span> <span class='ocrx_word' id='word_1_36' title='bbox 2751 880 2900 923; x_wconf 83' lang='lat' dir='ltr'><strong>cum</strong></span> 
     </span>
    </p>
   </div>
   <div class='ocr_carea' id='block_1_6' title="bbox 738 984 2870 1053">
    <p class='ocr_par' dir='ltr' id='par_1_6' title="bbox 738 984 2870 1053">
     <span class='ocr_line' id='line_1_8' title="bbox 738 984 2870 1053; baseline -0 -18"><span class='ocrx_word' id='word_1_37' title='bbox 738 986 765 1017; x_wconf 72' lang='lat'><strong>²¹</strong></span> <span class='ocrx_word' id='word_1_38' title='bbox 800 988 951 1036; x_wconf 83' lang='lat' dir='ltr'><strong>Deest</strong></span> <span class='ocrx_word' id='word_1_39' title='bbox 972 988 1065 1035; x_wconf 87' lang='lat' dir='ltr'><strong>hoo</strong></span> <span class='ocrx_word' id='word_1_40' title='bbox 1087 1002 1193 1050; x_wconf 84' lang='lat' dir='ltr'><strong>cap.</strong></span> <span class='ocrx_word' id='word_1_41' title='bbox 1214 987 1267 1034; x_wconf 88' lang='lat' dir='ltr'><strong>in</strong></span> <span class='ocrx_word' id='word_1_42' title='bbox 1288 986 1397 1033; x_wconf 87' lang='lat' dir='ltr'><strong>edd.</strong></span> <span class='ocrx_word' id='word_1_43' title='bbox 1422 987 1517 1045; x_wconf 78' lang='lat'><strong>⁹66,</strong></span> <span class='ocrx_word' id='word_1_44' title='bbox 1541 987 1636 1035; x_wconf 88' lang='grc'><strong>’68.</strong></span> <span class='ocrx_word' id='word_1_45' title='bbox 1723 987 1737 1019; x_wconf 89' lang='lat'><em>¹</em></span> <span class='ocrx_word' id='word_1_46' title='bbox 1771 1004 1988 1053; x_wconf 55' lang='lat' dir='ltr'><strong>annorum</strong></span> <span class='ocrx_word' id='word_1_47' title='bbox 2011 984 2118 1050; x_wconf 57' lang='grc' dir='ltr'><strong>ξω]</strong></span> <span class='ocrx_word' id='word_1_48' title='bbox 2142 988 2282 1049; x_wconf 74' lang='lat' dir='ltr'><strong>hujus</strong></span> <span class='ocrx_word' id='word_1_49' title='bbox 2307 989 2654 1035; x_wconf 47' lang='lat' dir='ltr'><strong>Constitutione</strong></span> <span class='ocrx_word' id='word_1_50' title='bbox 2675 987 2748 1034; x_wconf 85' lang='lat' dir='ltr'><strong>ed.</strong></span> <span class='ocrx_word' id='word_1_51' title='bbox 2773 986 2870 1037; x_wconf 74' lang='lat'><strong>⁹76.</strong></span> 
     </span>
    </p>
   </div>
   <div class='ocr_carea' id='block_1_7' title="bbox 1677 1110 1939 1122">
    <p class='ocr_par' dir='ltr' id='par_1_7' title="bbox 1677 1110 1939 1122">
     <span class='ocr_line' id='line_1_9' title="bbox 1677 1110 1939 1122; baseline 0 0"><span class='ocrx_word' id='word_1_52' title='bbox 1677 1110 1939 1122; x_wconf 95' lang='lat' dir='ltr'><strong> </strong></span> 
     </span>
    </p>
   </div>
   <div class='ocr_carea' id='block_1_8' title="bbox 702 1186 1759 1441">
    <p class='ocr_par' dir='ltr' id='par_1_8' title="bbox 702 1186 1759 1441">
     <span class='ocr_line' id='line_1_10' title="bbox 704 1186 1755 1249; baseline -0.002 -14"><span class='ocrx_word' id='word_1_53' title='bbox 704 1193 890 1235; x_wconf 84' lang='lat' dir='ltr'><strong>secreta</strong></span> <span class='ocrx_word' id='word_1_54' title='bbox 908 1186 1113 1249; x_wconf 82' lang='lat' dir='ltr'><strong>materia</strong></span> <span class='ocrx_word' id='word_1_55' title='bbox 1138 1192 1239 1233; x_wconf 76' lang='lat' dir='ltr'><strong>tam</strong></span> <span class='ocrx_word' id='word_1_56' title='bbox 1270 1186 1508 1249; x_wconf 80' lang='lat' dir='ltr'><strong>profunda</strong></span> <span class='ocrx_word' id='word_1_57' title='bbox 1535 1186 1755 1249; x_wconf 85' lang='lat' dir='ltr'><strong>vestigia,</strong></span> 
     </span>
     <span class='ocr_line' id='line_1_11' title="bbox 704 1250 1756 1314; baseline -0.002 -15"><span class='ocrx_word' id='word_1_58' title='bbox 704 1252 825 1299; x_wconf 88' lang='lat' dir='ltr'><strong>dum</strong></span> <span class='ocrx_word' id='word_1_59' title='bbox 845 1266 933 1314; x_wconf 87' lang='lat' dir='ltr'><strong>per</strong></span> <span class='ocrx_word' id='word_1_60' title='bbox 953 1266 1119 1298; x_wconf 82' lang='lat' dir='ltr'><strong>carnes</strong></span> <span class='ocrx_word' id='word_1_61' title='bbox 1142 1250 1273 1297; x_wconf 82' lang='lat' dir='ltr'><strong>viam</strong></span> <span class='ocrx_word' id='word_1_62' title='bbox 1296 1250 1389 1297; x_wconf 87' lang='lat' dir='ltr'><strong>sibi</strong></span> <span class='ocrx_word' id='word_1_63' title='bbox 1416 1250 1546 1307; x_wconf 80' lang='lat' dir='ltr'><strong>facit,</strong></span> <span class='ocrx_word' id='word_1_64' title='bbox 1577 1250 1626 1297; x_wconf 86' lang='lat' dir='ltr'><strong>in</strong></span> <span class='ocrx_word' id='word_1_65' title='bbox 1651 1265 1756 1297; x_wconf 88' lang='lat' dir='ltr'><strong>cor-</strong></span> 
     </span>
     <span class='ocr_line' id='line_1_12' title="bbox 704 1314 1759 1378; baseline -0.001 -15"><span class='ocrx_word' id='word_1_66' title='bbox 704 1328 821 1378; x_wconf 84' lang='lat' dir='ltr'><strong>pore</strong></span> <span class='ocrx_word' id='word_1_67' title='bbox 838 1322 1000 1362; x_wconf 88' lang='lat' dir='ltr'><strong>nostro</strong></span> <span class='ocrx_word' id='word_1_68' title='bbox 1012 1314 1269 1375; x_wconf 86' lang='lat' dir='ltr'><strong>relinquat,</strong></span> <span class='ocrx_word' id='word_1_69' title='bbox 1286 1314 1359 1373; x_wconf 86' lang='lat' dir='ltr'><strong>(in</strong></span> <span class='ocrx_word' id='word_1_70' title='bbox 1374 1320 1612 1361; x_wconf 83' lang='lat' dir='ltr'><strong>autumno</strong></span> <span class='ocrx_word' id='word_1_71' title='bbox 1625 1329 1759 1376; x_wconf 87' lang='lat' dir='ltr'><strong>prae·</strong></span> 
     </span>
     <span class='ocr_line' id='line_1_13' title="bbox 702 1378 1757 1441; baseline -0.003 -14"><span class='ocrx_word' id='word_1_72' title='bbox 702 1380 864 1441; x_wconf 77' lang='lat' dir='ltr'><strong>cipue,</strong></span> <span class='ocrx_word' id='word_1_73' title='bbox 889 1387 1035 1441; x_wconf 84' lang='lat' dir='ltr'><strong>atque</strong></span> <span class='ocrx_word' id='word_1_74' title='bbox 1054 1378 1233 1426; x_wconf 85' lang='lat' dir='ltr'><strong>hiemis</strong></span> <span class='ocrx_word' id='word_1_75' title='bbox 1254 1378 1409 1435; x_wconf 87' lang='lat' dir='ltr'><strong>initio,</strong></span> <span class='ocrx_word' id='word_1_76' title='bbox 1434 1379 1610 1440; x_wconf 85' lang='lat' dir='ltr'><strong>quibus</strong></span> <span class='ocrx_word' id='word_1_77' title='bbox 1631 1384 1757 1425; x_wconf 85' lang='lat' dir='ltr'><strong>tem-</strong></span> 
     </span>
    </p>
   </div>
   <div class='ocr_carea' id='block_1_9' title="bbox 704 1441 1790 1506">
    <p class='ocr_par' dir='ltr' id='par_1_9' title="bbox 704 1441 1790 1506">
     <span class='ocr_line' id='line_1_14' title="bbox 704 1441 1790 1506; baseline -0.001 -15"><span class='ocrx_word' id='word_1_78' title='bbox 704 1444 903 1506; x_wconf 78' lang='lat' dir='ltr'><strong>poribus</strong></span> <span class='ocrx_word' id='word_1_79' title='bbox 945 1443 1093 1490; x_wconf 84' lang='lat' dir='ltr'><strong>altius</strong></span> <span class='ocrx_word' id='word_1_80' title='bbox 1134 1441 1227 1489; x_wconf 84' lang='lat' dir='ltr'><strong>illa</strong></span> <span class='ocrx_word' id='word_1_81' title='bbox 1266 1442 1497 1503; x_wconf 78' lang='lat' dir='ltr'><strong>stigmata</strong></span> <span class='ocrx_word' id='word_1_82' title='bbox 1533 1442 1790 1497; x_wconf 55' lang='lat' dir='ltr'><strong>Variolae„</strong></span> 
     </span>
    </p>
   </div>
   <div class='ocr_carea' id='block_1_10' title="bbox 702 1504 1763 2401">
    <p class='ocr_par' dir='ltr' id='par_1_10' title="bbox 702 1504 1763 2401">
     <span class='ocr_line' id='line_1_15' title="bbox 703 1504 1760 1567; baseline -0.002 -13"><span class='ocrx_word' id='word_1_83' title='bbox 703 1508 845 1555; x_wconf 84' lang='lat' dir='ltr'><strong>nobis</strong></span> <span class='ocrx_word' id='word_1_84' title='bbox 872 1508 1064 1554; x_wconf 84' lang='lat' dir='ltr'><strong>inurere</strong></span> <span class='ocrx_word' id='word_1_85' title='bbox 1094 1506 1290 1567; x_wconf 85' lang='lat' dir='ltr'><strong>solent‚)</strong></span> <span class='ocrx_word' id='word_1_86' title='bbox 1314 1520 1429 1552; x_wconf 87' lang='lat' dir='ltr'><strong>cum</strong></span> <span class='ocrx_word' id='word_1_87' title='bbox 1456 1505 1587 1553; x_wconf 86' lang='lat' dir='ltr'><strong>idem</strong></span> <span class='ocrx_word' id='word_1_88' title='bbox 1616 1504 1760 1567; x_wconf 85' lang='lat' dir='ltr'><strong>plane</strong></span> 
     </span>
     <span class='ocr_line' id='line_1_16' title="bbox 702 1568 1761 1631; baseline -0.002 -12"><span class='ocrx_word' id='word_1_89' title='bbox 702 1572 902 1619; x_wconf 61' lang='lat' dir='ltr'><strong>eiii-ctus</strong></span> <span class='ocrx_word' id='word_1_90' title='bbox 940 1586 1001 1619; x_wconf 84' lang='lat' dir='ltr'><strong>ex</strong></span> <span class='ocrx_word' id='word_1_91' title='bbox 1038 1570 1256 1631; x_wconf 79' lang='lat' dir='ltr'><strong>cujusvis</strong></span> <span class='ocrx_word' id='word_1_92' title='bbox 1294 1570 1394 1617; x_wconf 80' lang='lat' dir='ltr'><strong>fere</strong></span> <span class='ocrx_word' id='word_1_93' title='bbox 1427 1568 1606 1617; x_wconf 85' lang='lat' dir='ltr'><strong>ulceris</strong></span> <span class='ocrx_word' id='word_1_94' title='bbox 1640 1584 1761 1631; x_wconf 79' lang='lat' dir='ltr'><strong>pure</strong></span> 
     </span>
     <span class='ocr_line' id='line_1_17' title="bbox 703 1632 1762 1698; baseline -0.002 -15"><span class='ocrx_word' id='word_1_95' title='bbox 703 1641 1042 1698; x_wconf 69' lang='lat' dir='ltr'><strong>consequautr.</strong></span> <span class='ocrx_word' id='word_1_96' title='bbox 1112 1634 1277 1695; x_wconf 78' lang='lat' dir='ltr'><strong>Atque</strong></span> <span class='ocrx_word' id='word_1_97' title='bbox 1321 1648 1417 1695; x_wconf 82' lang='lat' dir='ltr'><strong>quo</strong></span> <span class='ocrx_word' id='word_1_98' title='bbox 1460 1632 1762 1681; x_wconf 86' lang='lat' dir='ltr'><strong>luculentius</strong></span> 
     </span>
     <span class='ocr_line' id='line_1_18' title="bbox 702 1696 1762 1761; baseline -0.001 -15"><span class='ocrx_word' id='word_1_99' title='bbox 702 1698 868 1747; x_wconf 82' lang='lat' dir='ltr'><strong>adhuc</strong></span> <span class='ocrx_word' id='word_1_100' title='bbox 909 1704 1073 1761; x_wconf 76' lang='lat' dir='ltr'><strong>pateat</strong></span> <span class='ocrx_word' id='word_1_101' title='bbox 1120 1712 1219 1745; x_wconf 85' lang='lat' dir='ltr'><strong>non</strong></span> <span class='ocrx_word' id='word_1_102' title='bbox 1260 1696 1525 1760; x_wconf 82' lang='lat' dir='ltr'><strong>particulas</strong></span> <span class='ocrx_word' id='word_1_103' title='bbox 1571 1696 1762 1760; x_wconf 84' lang='lat' dir='ltr'><strong>aliquas</strong></span> 
     </span>
     <span class='ocr_line' id='line_1_19' title="bbox 702 1762 1761 1823; baseline -0.001 -13"><span class='ocrx_word' id='word_1_104' title='bbox 702 1769 965 1811; x_wconf 74' lang='lat' dir='ltr'><strong>venenatas</strong></span> <span class='ocrx_word' id='word_1_105' title='bbox 1000 1763 1053 1809; x_wconf 85' lang='lat' dir='ltr'><strong>in</strong></span> <span class='ocrx_word' id='word_1_106' title='bbox 1091 1762 1326 1823; x_wconf 81' lang='lat' dir='ltr'><strong>sanguine</strong></span> <span class='ocrx_word' id='word_1_107' title='bbox 1367 1762 1761 1823; x_wconf 67' lang='lat' dir='ltr'><strong>praeexistentes,</strong></span> 
     </span>
     <span class='ocr_line' id='line_1_20' title="bbox 704 1824 1758 1888; baseline -0.002 -13"><span class='ocrx_word' id='word_1_108' title='bbox 704 1827 1014 1888; x_wconf 78' lang='lat' dir='ltr'><strong>eundemque</strong></span> <span class='ocrx_word' id='word_1_109' title='bbox 1046 1825 1107 1873; x_wconf 85' lang='lat' dir='ltr'><strong>ad</strong></span> <span class='ocrx_word' id='word_1_110' title='bbox 1140 1826 1217 1873; x_wconf 88' lang='lat' dir='ltr'><strong>sui</strong></span> <span class='ocrx_word' id='word_1_111' title='bbox 1250 1824 1612 1888; x_wconf 83' lang='lat' dir='ltr'><strong>propulsionem</strong></span> <span class='ocrx_word' id='word_1_112' title='bbox 1649 1826 1758 1873; x_wconf 88' lang='lat' dir='ltr'><strong>irri-</strong></span> 
     </span>
     <span class='ocr_line' id='line_1_21' title="bbox 706 1890 1759 1952; baseline -0.002 -13"><span class='ocrx_word' id='word_1_113' title='bbox 706 1898 879 1949; x_wconf 83' lang='lat' dir='ltr'><strong>tantes,</strong></span> <span class='ocrx_word' id='word_1_114' title='bbox 902 1891 1052 1952; x_wconf 74' lang='lat' dir='ltr'><strong>huJus</strong></span> <span class='ocrx_word' id='word_1_115' title='bbox 1074 1890 1229 1937; x_wconf 88' lang='lat' dir='ltr'><strong>morbi</strong></span> <span class='ocrx_word' id='word_1_116' title='bbox 1245 1904 1409 1937; x_wconf 80' lang='lat' dir='ltr'><strong>veram</strong></span> <span class='ocrx_word' id='word_1_117' title='bbox 1424 1902 1622 1936; x_wconf 84' lang='lat' dir='ltr'><strong>causam</strong></span> <span class='ocrx_word' id='word_1_118' title='bbox 1639 1904 1759 1947; x_wconf 74' lang='lat' dir='ltr'><strong>esse,</strong></span> 
     </span>
     <span class='ocr_line' id='line_1_22' title="bbox 708 1953 1763 2017; baseline -0.001 -15"><span class='ocrx_word' id='word_1_119' title='bbox 708 1956 795 2003; x_wconf 83' lang='lat' dir='ltr'><strong>sed</strong></span> <span class='ocrx_word' id='word_1_120' title='bbox 814 1956 979 2017; x_wconf 84' lang='lat' dir='ltr'><strong>ipsum</strong></span> <span class='ocrx_word' id='word_1_121' title='bbox 1002 1954 1307 2016; x_wconf 82' lang='lat' dir='ltr'><strong>sanguinem,</strong></span> <span class='ocrx_word' id='word_1_122' title='bbox 1329 1953 1625 2001; x_wconf 79' lang='lat' dir='ltr'><strong>mutationes</strong></span> <span class='ocrx_word' id='word_1_123' title='bbox 1645 1953 1763 2001; x_wconf 83' lang='lat' dir='ltr'><strong>istas</strong></span> 
     </span>
     <span class='ocr_line' id='line_1_23' title="bbox 706 2018 1759 2081; baseline -0.003 -14"><span class='ocrx_word' id='word_1_124' title='bbox 706 2019 1027 2077; x_wconf 79' lang='lat' dir='ltr'><strong>affectantem,</strong></span> <span class='ocrx_word' id='word_1_125' title='bbox 1054 2032 1111 2065; x_wconf 88' lang='lat' dir='ltr'><strong>eo</strong></span> <span class='ocrx_word' id='word_1_126' title='bbox 1144 2032 1241 2081; x_wconf 88' lang='lat' dir='ltr'><strong>quo</strong></span> <span class='ocrx_word' id='word_1_127' title='bbox 1272 2018 1459 2065; x_wconf 85' lang='lat' dir='ltr'><strong>dictum</strong></span> <span class='ocrx_word' id='word_1_128' title='bbox 1490 2024 1564 2064; x_wconf 86' lang='lat' dir='ltr'><strong>est</strong></span> <span class='ocrx_word' id='word_1_129' title='bbox 1591 2018 1759 2075; x_wconf 82' lang='lat' dir='ltr'><strong>modo;</strong></span> 
     </span>
     <span class='ocr_line' id='line_1_24' title="bbox 706 2082 1763 2145; baseline 0 -15"><span class='ocrx_word' id='word_1_130' title='bbox 706 2098 853 2145; x_wconf 80' lang='lat' dir='ltr'><strong>saepe</strong></span> <span class='ocrx_word' id='word_1_131' title='bbox 879 2083 1130 2130; x_wconf 82' lang='lat' dir='ltr'><strong>observare</strong></span> <span class='ocrx_word' id='word_1_132' title='bbox 1162 2082 1290 2139; x_wconf 85' lang='lat' dir='ltr'><strong>lieet,</strong></span> <span class='ocrx_word' id='word_1_133' title='bbox 1314 2082 1549 2143; x_wconf 85' lang='lat' dir='ltr'><strong>quosdam</strong></span> <span class='ocrx_word' id='word_1_134' title='bbox 1581 2096 1640 2127; x_wconf 81' lang='lat' dir='ltr'><strong>ex</strong></span> <span class='ocrx_word' id='word_1_135' title='bbox 1669 2082 1763 2130; x_wconf 83' lang='lat' dir='ltr'><strong>hoe</strong></span> 
     </span>
     <span class='ocr_line' id='line_1_25' title="bbox 706 2144 1762 2208; baseline 0 -15"><span class='ocrx_word' id='word_1_136' title='bbox 706 2148 891 2203; x_wconf 85' lang='lat' dir='ltr'><strong>morbo,</strong></span> <span class='ocrx_word' id='word_1_137' title='bbox 936 2147 1025 2193; x_wconf 88' lang='lat' dir='ltr'><strong>etsi</strong></span> <span class='ocrx_word' id='word_1_138' title='bbox 1078 2146 1333 2208; x_wconf 78' lang='lat' dir='ltr'><strong>profundis</strong></span> <span class='ocrx_word' id='word_1_139' title='bbox 1392 2144 1611 2207; x_wconf 79' lang='lat' dir='ltr'><strong>vestigiis</strong></span> <span class='ocrx_word' id='word_1_140' title='bbox 1663 2160 1762 2193; x_wconf 88' lang='lat' dir='ltr'><strong>non</strong></span> 
     </span>
     <span class='ocr_line' id='line_1_26' title="bbox 708 2209 1762 2271; baseline -0.003 -13"><span class='ocrx_word' id='word_1_141' title='bbox 708 2210 906 2259; x_wconf 82' lang='lat' dir='ltr'><strong>omnino</strong></span> <span class='ocrx_word' id='word_1_142' title='bbox 921 2210 1171 2266; x_wconf 81' lang='lat' dir='ltr'><strong>deformes,</strong></span> <span class='ocrx_word' id='word_1_143' title='bbox 1182 2216 1285 2256; x_wconf 82' lang='lat' dir='ltr'><strong>tota</strong></span> <span class='ocrx_word' id='word_1_144' title='bbox 1294 2216 1459 2257; x_wconf 86' lang='lat' dir='ltr'><strong>tamen</strong></span> <span class='ocrx_word' id='word_1_145' title='bbox 1476 2209 1644 2257; x_wconf 79' lang='lat' dir='ltr'><strong>vultus</strong></span> <span class='ocrx_word' id='word_1_146' title='bbox 1654 2224 1762 2271; x_wconf 84' lang='lat' dir='ltr'><strong>spe-</strong></span> 
     </span>
     <span class='ocr_line' id='line_1_27' title="bbox 708 2273 1762 2335; baseline 0 -14"><span class='ocrx_word' id='word_1_147' title='bbox 708 2274 798 2331; x_wconf 82' lang='lat' dir='ltr'><strong>eie,</strong></span> <span class='ocrx_word' id='word_1_148' title='bbox 816 2274 1020 2335; x_wconf 85' lang='lat' dir='ltr'><strong>ejusque</strong></span> <span class='ocrx_word' id='word_1_149' title='bbox 1041 2273 1443 2320; x_wconf 78' lang='lat' dir='ltr'><strong>lineamentorum</strong></span> <span class='ocrx_word' id='word_1_150' title='bbox 1462 2274 1628 2330; x_wconf 86' lang='lat' dir='ltr'><strong>ductu,</strong></span> <span class='ocrx_word' id='word_1_151' title='bbox 1648 2288 1762 2335; x_wconf 82' lang='lat' dir='ltr'><strong>qua-</strong></span> 
     </span>
     <span class='ocr_line' id='line_1_28' title="bbox 708 2337 1762 2401; baseline 0 -16"><span class='ocrx_word' id='word_1_152' title='bbox 708 2338 847 2401; x_wconf 73' lang='lat' dir='ltr'><strong>sique</strong></span> <span class='ocrx_word' id='word_1_153' title='bbox 883 2338 1039 2401; x_wconf 84' lang='lat' dir='ltr'><strong>ipsius</strong></span> <span class='ocrx_word' id='word_1_154' title='bbox 1074 2337 1289 2400; x_wconf 83' lang='lat' dir='ltr'><strong>eorporis</strong></span> <span class='ocrx_word' id='word_1_155' title='bbox 1324 2338 1523 2395; x_wconf 84' lang='lat' dir='ltr'><strong>fabrica,</strong></span> <span class='ocrx_word' id='word_1_156' title='bbox 1548 2352 1762 2400; x_wconf 83' lang='lat' dir='ltr'><strong>eousque</strong></span> 
     </span>
    </p>
   </div>
   <div class='ocr_carea' id='block_1_11' title="bbox 1843 1185 2910 2337">
    <p class='ocr_par' dir='ltr' id='par_1_11' title="bbox 1843 1185 2902 1443">
     <span class='ocr_line' id='line_1_29' title="bbox 1843 1185 2900 1250; baseline 0.001 -17"><span class='ocrx_word' id='word_1_157' title='bbox 1843 1186 2126 1234; x_wconf 82' lang='lat' dir='ltr'><strong>immutatos</strong></span> <span class='ocrx_word' id='word_1_158' title='bbox 2153 1186 2318 1246; x_wconf 83' lang='lat' dir='ltr'><strong>fuisse,</strong></span> <span class='ocrx_word' id='word_1_159' title='bbox 2341 1186 2540 1250; x_wconf 84' lang='lat' dir='ltr'><strong>perinde</strong></span> <span class='ocrx_word' id='word_1_160' title='bbox 2571 1202 2628 1234; x_wconf 87' lang='lat' dir='ltr'><strong>ae</strong></span> <span class='ocrx_word' id='word_1_161' title='bbox 2663 1185 2706 1233; x_wconf 76' lang='lat' dir='ltr'><strong>si</strong></span> <span class='ocrx_word' id='word_1_162' title='bbox 2725 1186 2900 1234; x_wconf 81' lang='lat' dir='ltr'><strong>Vario·</strong></span> 
     </span>
     <span class='ocr_line' id='line_1_30' title="bbox 1845 1250 2902 1313; baseline 0.001 -16"><span class='ocrx_word' id='word_1_163' title='bbox 1845 1250 2003 1297; x_wconf 80' lang='lat' dir='ltr'><strong>larum</strong></span> <span class='ocrx_word' id='word_1_164' title='bbox 2039 1250 2316 1298; x_wconf 80' lang='lat' dir='ltr'><strong>interventu</strong></span> <span class='ocrx_word' id='word_1_165' title='bbox 2352 1250 2618 1313; x_wconf 81' lang='lat' dir='ltr'><strong>perfectam</strong></span> <span class='ocrx_word' id='word_1_166' title='bbox 2657 1252 2902 1312; x_wconf 86' lang='lat' dir='ltr'><strong>quandam</strong></span> 
     </span>
     <span class='ocr_line' id='line_1_31' title="bbox 1843 1314 2654 1369; baseline 0 -8"><span class='ocrx_word' id='word_1_167' title='bbox 1843 1314 2205 1362; x_wconf 71' lang='lat' dir='ltr'><strong>renovationem</strong></span> <span class='ocrx_word' id='word_1_168' title='bbox 2260 1315 2426 1369; x_wconf 72' lang='lat' dir='ltr'><strong>totius·</strong></span> <span class='ocrx_word' id='word_1_169' title='bbox 2465 1328 2654 1363; x_wconf 78' lang='lat' dir='ltr'><strong>massae</strong></span> 
     </span>
     <span class='ocr_line' id='line_1_32' title="bbox 1846 1378 2368 1443; baseline -0.002 -17"><span class='ocrx_word' id='word_1_170' title='bbox 1846 1378 2156 1439; x_wconf 69' lang='lat' dir='ltr'><strong>designasset.</strong></span> <span class='ocrx_word' id='word_1_171' title='bbox 2235 1422 2238 1425; x_wconf 81' lang='grc'>,</span> <span class='ocrx_word' id='word_1_172' title='bbox 2357 1434 2368 1443; x_wconf 45' lang='grc'><strong>.</strong></span> 
     </span>
    </p>

    <p class='ocr_par' dir='ltr' id='par_1_12' title="bbox 1845 1441 2910 2272">
     <span class='ocr_line' id='line_1_33' title="bbox 1912 1441 2902 1505; baseline 0.003 -18"><span class='ocrx_word' id='word_1_173' title='bbox 1912 1442 2139 1489; x_wconf 86' lang='lat' dir='ltr'><strong>“Verum</strong></span> <span class='ocrx_word' id='word_1_174' title='bbox 2155 1443 2258 1489; x_wconf 81' lang='lat' dir='ltr'><strong>sive</strong></span> <span class='ocrx_word' id='word_1_175' title='bbox 2273 1442 2395 1489; x_wconf 85' lang='lat' dir='ltr'><strong>haee</strong></span> <span class='ocrx_word' id='word_1_176' title='bbox 2415 1441 2540 1505; x_wconf 85' lang='lat' dir='ltr'><strong>ipsa,</strong></span> <span class='ocrx_word' id='word_1_177' title='bbox 2553 1442 2614 1489; x_wconf 82' lang='lat' dir='ltr'><strong>de</strong></span> <span class='ocrx_word' id='word_1_178' title='bbox 2637 1457 2736 1504; x_wconf 84' lang='lat' dir='ltr'><strong>qua</strong></span> <span class='ocrx_word' id='word_1_179' title='bbox 2751 1441 2902 1490; x_wconf 82' lang='lat' dir='ltr'><strong>locuti</strong></span> 
     </span>
     <span class='ocr_line' id='line_1_34' title="bbox 1848 1505 2904 1563; baseline 0.001 -11"><span class='ocrx_word' id='word_1_180' title='bbox 1848 1520 2019 1553; x_wconf 86' lang='lat' dir='ltr'><strong>sumus</strong></span> <span class='ocrx_word' id='word_1_181' title='bbox 2057 1505 2310 1563; x_wconf 78' lang='lat' dir='ltr'><strong>hactenns,</strong></span> <span class='ocrx_word' id='word_1_182' title='bbox 2350 1507 2410 1554; x_wconf 87' lang='lat' dir='ltr'><strong>de</strong></span> <span class='ocrx_word' id='word_1_183' title='bbox 2449 1506 2758 1555; x_wconf 86' lang='lat' dir='ltr'><strong>Variolarum</strong></span> <span class='ocrx_word' id='word_1_184' title='bbox 2795 1514 2904 1554; x_wconf 81' lang='lat' dir='ltr'><strong>ortu</strong></span> 
     </span>
     <span class='ocr_line' id='line_1_35' title="bbox 1847 1569 2904 1632; baseline 0.003 -17"><span class='ocrx_word' id='word_1_185' title='bbox 1847 1569 2085 1618; x_wconf 81' lang='lat' dir='ltr'><strong>sententia</strong></span> <span class='ocrx_word' id='word_1_186' title='bbox 2111 1569 2284 1632; x_wconf 85' lang='lat' dir='ltr'><strong>(quam</strong></span> <span class='ocrx_word' id='word_1_187' title='bbox 2305 1584 2462 1632; x_wconf 82' lang='lat' dir='ltr'><strong>neque</strong></span> <span class='ocrx_word' id='word_1_188' title='bbox 2479 1571 2744 1617; x_wconf 71' lang='lat' dir='ltr'><strong>novitatem</strong></span> <span class='ocrx_word' id='word_1_189' title='bbox 2767 1570 2904 1618; x_wconf 68' lang='lat' dir='ltr'><strong>affee-</strong></span> 
     </span>
     <span class='ocr_line' id='line_1_36' title="bbox 1847 1634 2903 1697; baseline 0.001 -17"><span class='ocrx_word' id='word_1_190' title='bbox 1847 1639 1957 1680; x_wconf 83' lang='lat' dir='ltr'><strong>tans</strong></span> <span class='ocrx_word' id='word_1_191' title='bbox 2012 1634 2291 1697; x_wconf 87' lang='lat' dir='ltr'><strong>amplector,</strong></span> <span class='ocrx_word' id='word_1_192' title='bbox 2336 1650 2494 1696; x_wconf 84' lang='lat' dir='ltr'><strong>neque</strong></span> <span class='ocrx_word' id='word_1_193' title='bbox 2547 1635 2630 1681; x_wconf 88' lang='lat' dir='ltr'><strong>cui</strong></span> <span class='ocrx_word' id='word_1_194' title='bbox 2687 1635 2754 1681; x_wconf 83' lang='lat' dir='ltr'><strong>ab</strong></span> <span class='ocrx_word' id='word_1_195' title='bbox 2795 1634 2903 1682; x_wconf 75' lang='lat' dir='ltr'><strong>aliis</strong></span> 
     </span>
     <span class='ocr_line' id='line_1_37' title="bbox 1847 1697 2902 1760; baseline 0.001 -16"><span class='ocrx_word' id='word_1_196' title='bbox 1847 1697 2048 1745; x_wconf 85' lang='lat' dir='ltr'><strong>meliora</strong></span> <span class='ocrx_word' id='word_1_197' title='bbox 2063 1698 2262 1745; x_wconf 84' lang='lat' dir='ltr'><strong>edoctus</strong></span> <span class='ocrx_word' id='word_1_198' title='bbox 2275 1698 2580 1760; x_wconf 72' lang='lat' dir='ltr'><strong>pertinaciter</strong></span> <span class='ocrx_word' id='word_1_199' title='bbox 2591 1697 2902 1760; x_wconf 52' lang='lat' dir='ltr'><strong>adhaerebo)</strong></span> 
     </span>
     <span class='ocr_line' id='line_1_38' title="bbox 1847 1761 2906 1824; baseline 0.004 -18"><span class='ocrx_word' id='word_1_200' title='bbox 1847 1761 2154 1809; x_wconf 77' lang='lat' dir='ltr'><strong>verisimilior</strong></span> <span class='ocrx_word' id='word_1_201' title='bbox 2177 1763 2256 1819; x_wconf 84' lang='lat' dir='ltr'><strong>sit,</strong></span> <span class='ocrx_word' id='word_1_202' title='bbox 2279 1762 2380 1809; x_wconf 81' lang='lat' dir='ltr'><strong>sive</strong></span> <span class='ocrx_word' id='word_1_203' title='bbox 2407 1762 2508 1809; x_wconf 82' lang='lat' dir='ltr'><strong>alia</strong></span> <span class='ocrx_word' id='word_1_204' title='bbox 2527 1762 2692 1824; x_wconf 83' lang='lat' dir='ltr'><strong>aliqua</strong></span> <span class='ocrx_word' id='word_1_205' title='bbox 2719 1763 2906 1810; x_wconf 75' lang='lat' dir='ltr'><strong>ratione</strong></span> 
     </span>
     <span class='ocr_line' id='line_1_39' title="bbox 1847 1826 2906 1889; baseline 0 -16"><span class='ocrx_word' id='word_1_206' title='bbox 1847 1826 2152 1873; x_wconf 74' lang='lat' dir='ltr'><strong>commodius</strong></span> <span class='ocrx_word' id='word_1_207' title='bbox 2179 1826 2410 1888; x_wconf 78' lang='lat' dir='ltr'><strong>explicari</strong></span> <span class='ocrx_word' id='word_1_208' title='bbox 2441 1827 2609 1888; x_wconf 78' lang='lat' dir='ltr'><strong>possit,</strong></span> <span class='ocrx_word' id='word_1_209' title='bbox 2640 1840 2742 1873; x_wconf 86' lang='lat' dir='ltr'><strong>non</strong></span> <span class='ocrx_word' id='word_1_210' title='bbox 2769 1840 2906 1889; x_wconf 71' lang='lat' dir='ltr'><strong>mag-</strong></span> 
     </span>
     <span class='ocr_line' id='line_1_40' title="bbox 1845 1889 2908 1953; baseline 0.002 -17"><span class='ocrx_word' id='word_1_211' title='bbox 1845 1904 2024 1951; x_wconf 85' lang='lat' dir='ltr'><strong>nopere</strong></span> <span class='ocrx_word' id='word_1_212' title='bbox 2045 1891 2299 1953; x_wconf 75' lang='lat' dir='ltr'><strong>pugnabo:</strong></span> <span class='ocrx_word' id='word_1_213' title='bbox 2323 1890 2536 1952; x_wconf 77' lang='lat' dir='ltr'><strong>profecto</strong></span> <span class='ocrx_word' id='word_1_214' title='bbox 2551 1890 2686 1937; x_wconf 87' lang='lat' dir='ltr'><strong>enim</strong></span> <span class='ocrx_word' id='word_1_215' title='bbox 2701 1889 2908 1938; x_wconf 82' lang='lat' dir='ltr'><strong>curandi</strong></span> 
     </span>
     <span class='ocr_line' id='line_1_41' title="bbox 1847 1951 2905 2016; baseline 0 -15"><span class='ocrx_word' id='word_1_216' title='bbox 1847 1951 2164 2001; x_wconf 74' lang='lat' dir='ltr'><strong>indicationes</strong></span> <span class='ocrx_word' id='word_1_217' title='bbox 2183 1954 2382 2001; x_wconf 86' lang='lat' dir='ltr'><strong>eaedem</strong></span> <span class='ocrx_word' id='word_1_218' title='bbox 2403 1969 2596 2016; x_wconf 83' lang='lat' dir='ltr'><strong>semper</strong></span> <span class='ocrx_word' id='word_1_219' title='bbox 2611 1954 2905 2009; x_wconf 68' lang='lat' dir='ltr'><strong>manebuntg</strong></span> 
     </span>
     <span class='ocr_line' id='line_1_42' title="bbox 1847 2018 2907 2080; baseline 0.001 -16"><span class='ocrx_word' id='word_1_220' title='bbox 1847 2018 1984 2064; x_wconf 86' lang='lat' dir='ltr'><strong>adest</strong></span> <span class='ocrx_word' id='word_1_221' title='bbox 2015 2018 2147 2065; x_wconf 88' lang='lat' dir='ltr'><strong>enim</strong></span> <span class='ocrx_word' id='word_1_222' title='bbox 2186 2033 2375 2080; x_wconf 77' lang='lat' dir='ltr'><strong>semper</strong></span> <span class='ocrx_word' id='word_1_223' title='bbox 2411 2018 2614 2065; x_wconf 84' lang='lat' dir='ltr'><strong>materia</strong></span> <span class='ocrx_word' id='word_1_224' title='bbox 2647 2018 2907 2079; x_wconf 67' lang='lat' dir='ltr'><strong>quaedam.</strong></span> 
     </span>
     <span class='ocr_line' id='line_1_43' title="bbox 1849 2081 2906 2144; baseline 0 -15"><span class='ocrx_word' id='word_1_225' title='bbox 1849 2096 1972 2143; x_wconf 83' lang='lat' dir='ltr'><strong>quae</strong></span> <span class='ocrx_word' id='word_1_226' title='bbox 1995 2081 2206 2144; x_wconf 80' lang='lat' dir='ltr'><strong>separari</strong></span> <span class='ocrx_word' id='word_1_227' title='bbox 2228 2082 2382 2139; x_wconf 85' lang='lat' dir='ltr'><strong>debet,</strong></span> <span class='ocrx_word' id='word_1_228' title='bbox 2399 2090 2545 2143; x_wconf 83' lang='lat' dir='ltr'><strong>atque</strong></span> <span class='ocrx_word' id='word_1_229' title='bbox 2565 2081 2765 2143; x_wconf 74' lang='lat' dir='ltr'><strong>expelli,</strong></span> <span class='ocrx_word' id='word_1_230' title='bbox 2784 2096 2906 2143; x_wconf 85' lang='lat' dir='ltr'><strong>quo-</strong></span> 
     </span>
     <span class='ocr_line' id='line_1_44' title="bbox 1847 2146 2910 2207; baseline 0.002 -15"><span class='ocrx_word' id='word_1_231' title='bbox 1847 2160 1960 2192; x_wconf 81' lang='lat' dir='ltr'><strong>rum</strong></span> <span class='ocrx_word' id='word_1_232' title='bbox 1993 2154 2257 2207; x_wconf 82' lang='lat' dir='ltr'><strong>utrumque</strong></span> <span class='ocrx_word' id='word_1_233' title='bbox 2278 2146 2374 2193; x_wconf 81' lang='lat' dir='ltr'><strong>nisi</strong></span> <span class='ocrx_word' id='word_1_234' title='bbox 2406 2146 2506 2204; x_wconf 83' lang='lat' dir='ltr'><strong>fiat,</strong></span> <span class='ocrx_word' id='word_1_235' title='bbox 2535 2153 2705 2193; x_wconf 82' lang='lat' dir='ltr'><strong>actum</strong></span> <span class='ocrx_word' id='word_1_236' title='bbox 2735 2154 2816 2194; x_wconf 85' lang='lat' dir='ltr'><strong>est</strong></span> <span class='ocrx_word' id='word_1_237' title='bbox 2849 2146 2910 2194; x_wconf 81' lang='lat' dir='ltr'><strong>de</strong></span> 
     </span>
     <span class='ocr_line' id='line_1_45' title="bbox 1848 2210 2346 2272; baseline 0.004 -16"><span class='ocrx_word' id='word_1_238' title='bbox 1848 2210 1950 2257; x_wconf 75' lang='lat' dir='ltr'><strong>vita</strong></span> <span class='ocrx_word' id='word_1_239' title='bbox 1973 2210 2346 2272; x_wconf 75' lang='lat' dir='ltr'><strong>aegrotantium.</strong></span> 
     </span>
    </p>

    <p class='ocr_par' dir='ltr' id='par_1_13' title="bbox 1915 2272 2708 2337">
     <span class='ocr_line' id='line_1_46' title="bbox 1915 2272 2708 2337; baseline -0.001 -15"><span class='ocrx_word' id='word_1_240' title='bbox 1915 2276 1948 2301; x_wconf 82' lang='lat'><strong>⁴‘</strong></span> <span class='ocrx_word' id='word_1_241' title='bbox 1963 2273 2301 2337; x_wconf 80' lang='lat' dir='ltr'><strong>Quapmpoer’·</strong></span> <span class='ocrx_word' id='word_1_242' title='bbox 2327 2274 2415 2322; x_wconf 58' lang='lat' dir='ltr'><strong>&amp;a</strong></span> <span class='ocrx_word' id='word_1_243' title='bbox 2439 2273 2531 2335; x_wconf 79' lang='lat' dir='ltr'><strong>(cf.</strong></span> <span class='ocrx_word' id='word_1_244' title='bbox 2553 2276 2577 2335; x_wconf 67' lang='grc' dir='ltr'><strong>ς</strong></span> <span class='ocrx_word' id='word_1_245' title='bbox 2601 2272 2708 2336; x_wconf 83' lang='grc'><strong>30.)</strong></span> 
     </span>
    </p>
   </div>
   <div class='ocr_carea' id='block_1_12' title="bbox 2712 1314 2904 1363">
    <p class='ocr_par' dir='ltr' id='par_1_14' title="bbox 2712 1314 2904 1363">
     <span class='ocr_line' id='line_1_47' title="bbox 2712 1314 2904 1363; baseline 0.005 -1"><span class='ocrx_word' id='word_1_246' title='bbox 2712 1314 2904 1363; x_wconf 80' lang='lat' dir='ltr'><strong>Natura</strong></span> 
     </span>
    </p>
   </div>
   <div class='ocr_carea' id='block_1_13' title="bbox 731 2448 2890 2522">
    <p class='ocr_par' dir='ltr' id='par_1_15' title="bbox 731 2448 2890 2522">
     <span class='ocr_line' id='line_1_48' title="bbox 731 2448 2890 2522; baseline 0 -17"><span class='ocrx_word' id='word_1_247' title='bbox 731 2450 886 2514; x_wconf 81' lang='lat' dir='ltr'><strong>Quae</strong></span> <span class='ocrx_word' id='word_1_248' title='bbox 908 2460 1197 2521; x_wconf 82' lang='lat' dir='ltr'><strong>sequuntur</strong></span> <span class='ocrx_word' id='word_1_249' title='bbox 1218 2452 1275 2503; x_wconf 84' lang='lat' dir='ltr'><strong>in</strong></span> <span class='ocrx_word' id='word_1_250' title='bbox 1298 2450 1417 2505; x_wconf 87' lang='lat' dir='ltr'><strong>edd.</strong></span> <span class='ocrx_word' id='word_1_251' title='bbox 1444 2452 1527 2503; x_wconf 86' lang='grc'><strong>’66</strong></span> <span class='ocrx_word' id='word_1_252' title='bbox 1552 2450 1623 2520; x_wconf 83' lang='lat' dir='ltr'><strong>(p.</strong></span> <span class='ocrx_word' id='word_1_253' title='bbox 1656 2452 1793 2521; x_wconf 81' lang='grc'><strong>150),</strong></span> <span class='ocrx_word' id='word_1_254' title='bbox 1817 2450 1900 2506; x_wconf 85' lang='grc'><strong>’68</strong></span> <span class='ocrx_word' id='word_1_255' title='bbox 1927 2448 1997 2522; x_wconf 85' lang='lat' dir='ltr'><strong>(p.</strong></span> <span class='ocrx_word' id='word_1_256' title='bbox 2027 2452 2168 2522; x_wconf 78' lang='lat'><strong>154),</strong></span> <span class='ocrx_word' id='word_1_257' title='bbox 2191 2455 2215 2515; x_wconf 69' lang='grc' dir='ltr'>ξ</span> <span class='ocrx_word' id='word_1_258' title='bbox 2242 2456 2303 2505; x_wconf 86' lang='grc'><strong>51</strong></span> <span class='ocrx_word' id='word_1_259' title='bbox 2337 2450 2444 2506; x_wconf 85' lang='lat' dir='ltr'><strong>fere</strong></span> <span class='ocrx_word' id='word_1_260' title='bbox 2466 2448 2782 2522; x_wconf 77' lang='lat' dir='ltr'><strong>respondent</strong></span> <span class='ocrx_word' id='word_1_261' title='bbox 2794 2473 2890 2503; x_wconf 83' lang='lat'><strong>:—</strong></span> 
     </span>
    </p>
   </div>
   <div class='ocr_carea' id='block_1_14' title="bbox 706 2539 1765 3368">
    <p class='ocr_par' dir='ltr' id='par_1_16' title="bbox 706 2539 1765 3368">
     <span class='ocr_line' id='line_1_49' title="bbox 772 2539 1760 2602; baseline -0.001 -16"><span class='ocrx_word' id='word_1_262' title='bbox 772 2541 807 2568; x_wconf 83' lang='lat'><strong>“</strong></span> <span class='ocrx_word' id='word_1_263' title='bbox 830 2539 881 2586; x_wconf 90' lang='lat' dir='ltr'><strong>Si</strong></span> <span class='ocrx_word' id='word_1_264' title='bbox 900 2539 1195 2602; x_wconf 83' lang='lat' dir='ltr'><strong>ptyalismus</strong></span> <span class='ocrx_word' id='word_1_265' title='bbox 1215 2539 1269 2586; x_wconf 88' lang='lat' dir='ltr'><strong>in</strong></span> <span class='ocrx_word' id='word_1_266' title='bbox 1290 2539 1383 2586; x_wconf 86' lang='lat' dir='ltr'><strong>hoc</strong></span> <span class='ocrx_word' id='word_1_267' title='bbox 1400 2539 1569 2586; x_wconf 87' lang='lat' dir='ltr'><strong>morbo</strong></span> <span class='ocrx_word' id='word_1_268' title='bbox 1592 2553 1760 2600; x_wconf 83' lang='lat' dir='ltr'><strong>super-</strong></span> 
     </span>
     <span class='ocr_line' id='line_1_50' title="bbox 706 2603 1765 2666; baseline -0.001 -16"><span class='ocrx_word' id='word_1_269' title='bbox 706 2603 908 2661; x_wconf 80' lang='lat' dir='ltr'><strong>venerit,</strong></span> <span class='ocrx_word' id='word_1_270' title='bbox 948 2603 1107 2666; x_wconf 88' lang='lat' dir='ltr'><strong>(quod</strong></span> <span class='ocrx_word' id='word_1_271' title='bbox 1150 2617 1291 2665; x_wconf 75' lang='lat' dir='ltr'><strong>saepe</strong></span> <span class='ocrx_word' id='word_1_272' title='bbox 1333 2603 1383 2650; x_wconf 88' lang='lat' dir='ltr'><strong>in</strong></span> <span class='ocrx_word' id='word_1_273' title='bbox 1427 2603 1610 2650; x_wconf 86' lang='lat' dir='ltr'><strong>adultis</strong></span> <span class='ocrx_word' id='word_1_274' title='bbox 1653 2609 1765 2665; x_wconf 84' lang='lat' dir='ltr'><strong>post</strong></span> 
     </span>
     <span class='ocr_line' id='line_1_51' title="bbox 708 2666 1763 2730; baseline 0 -16"><span class='ocrx_word' id='word_1_275' title='bbox 708 2667 916 2715; x_wconf 82' lang='lat' dir='ltr'><strong>calidius</strong></span> <span class='ocrx_word' id='word_1_276' title='bbox 936 2667 1155 2730; x_wconf 76' lang='lat' dir='ltr'><strong>regimen</strong></span> <span class='ocrx_word' id='word_1_277' title='bbox 1176 2674 1225 2714; x_wconf 90' lang='lat' dir='ltr'><strong>et</strong></span> <span class='ocrx_word' id='word_1_278' title='bbox 1246 2666 1466 2715; x_wconf 79' lang='lat' dir='ltr'><strong>cardiaca</strong></span> <span class='ocrx_word' id='word_1_279' title='bbox 1482 2667 1763 2728; x_wconf 79' lang='lat' dir='ltr'><strong>contingere</strong></span> 
     </span>
     <span class='ocr_line' id='line_1_52' title="bbox 707 2729 1762 2793; baseline 0 -15"><span class='ocrx_word' id='word_1_280' title='bbox 707 2731 962 2791; x_wconf 85' lang='lat' dir='ltr'><strong>cernitur.)</strong></span> <span class='ocrx_word' id='word_1_281' title='bbox 1008 2733 1135 2780; x_wconf 85' lang='lat' dir='ltr'><strong>bona</strong></span> <span class='ocrx_word' id='word_1_282' title='bbox 1185 2731 1348 2779; x_wconf 85' lang='lat' dir='ltr'><strong>omnia</strong></span> <span class='ocrx_word' id='word_1_283' title='bbox 1398 2745 1589 2793; x_wconf 86' lang='lat' dir='ltr'><strong>sperare</strong></span> <span class='ocrx_word' id='word_1_284' title='bbox 1631 2729 1762 2778; x_wconf 84' lang='lat' dir='ltr'><strong>licet.</strong></span> 
     </span>
     <span class='ocr_line' id='line_1_53' title="bbox 708 2793 1764 2860; baseline -0.002 -16"><span class='ocrx_word' id='word_1_285' title='bbox 708 2796 855 2844; x_wconf 85' lang='lat' dir='ltr'><strong>Certe</strong></span> <span class='ocrx_word' id='word_1_286' title='bbox 892 2796 1112 2860; x_wconf 84' lang='lat' dir='ltr'><strong>plerique</strong></span> <span class='ocrx_word' id='word_1_287' title='bbox 1146 2796 1217 2842; x_wconf 84' lang='lat' dir='ltr'><strong>ita</strong></span> <span class='ocrx_word' id='word_1_288' title='bbox 1252 2794 1382 2842; x_wconf 85' lang='lat' dir='ltr'><strong>male</strong></span> <span class='ocrx_word' id='word_1_289' title='bbox 1414 2793 1608 2842; x_wconf 81' lang='lat' dir='ltr'><strong>tractati</strong></span> <span class='ocrx_word' id='word_1_290' title='bbox 1647 2794 1764 2842; x_wconf 83' lang='lat' dir='ltr'><strong>huie</strong></span> 
     </span>
     <span class='ocr_line' id='line_1_54' title="bbox 708 2859 1763 2924; baseline -0.002 -16"><span class='ocrx_word' id='word_1_291' title='bbox 708 2860 1025 2924; x_wconf 76' lang='lat' dir='ltr'><strong>symptomati</strong></span> <span class='ocrx_word' id='word_1_292' title='bbox 1068 2859 1277 2907; x_wconf 83' lang='lat' dir='ltr'><strong>salutem</strong></span> <span class='ocrx_word' id='word_1_293' title='bbox 1328 2873 1468 2906; x_wconf 86' lang='lat' dir='ltr'><strong>suam</strong></span> <span class='ocrx_word' id='word_1_294' title='bbox 1511 2867 1763 2920; x_wconf 81' lang='lat' dir='ltr'><strong>acceptam</strong></span> 
     </span>
     <span class='ocr_line' id='line_1_55' title="bbox 706 2922 1761 2980; baseline -0.002 -8"><span class='ocrx_word' id='word_1_295' title='bbox 706 2925 937 2972; x_wconf 70' lang='lat' dir='ltr'><strong>referunt.</strong></span> <span class='ocrx_word' id='word_1_296' title='bbox 1004 2924 1209 2972; x_wconf 82' lang='lat' dir='ltr'><strong>Morbus</strong></span> <span class='ocrx_word' id='word_1_297' title='bbox 1229 2923 1359 2970; x_wconf 88' lang='lat' dir='ltr'><strong>enim</strong></span> <span class='ocrx_word' id='word_1_298' title='bbox 1384 2938 1413 2970; x_wconf 85' lang='lat' dir='ltr'><strong>a</strong></span> <span class='ocrx_word' id='word_1_299' title='bbox 1434 2923 1511 2970; x_wconf 83' lang='lat' dir='ltr'><strong>via</strong></span> <span class='ocrx_word' id='word_1_300' title='bbox 1534 2922 1761 2980; x_wconf 78' lang='lat' dir='ltr'><strong>naturali,</strong></span> 
     </span>
     <span class='ocr_line' id='line_1_56' title="bbox 706 2985 1764 3052; baseline -0.003 -16"><span class='ocrx_word' id='word_1_301' title='bbox 706 3002 807 3052; x_wconf 82' lang='lat' dir='ltr'><strong>qua</strong></span> <span class='ocrx_word' id='word_1_302' title='bbox 828 3003 879 3036; x_wconf 86' lang='lat' dir='ltr'><strong>se</strong></span> <span class='ocrx_word' id='word_1_303' title='bbox 902 3003 1169 3051; x_wconf 78' lang='lat' dir='ltr'><strong>expurgare</strong></span> <span class='ocrx_word' id='word_1_304' title='bbox 1193 2993 1474 3044; x_wconf 72' lang='lat' dir='ltr'><strong>tentaverat,</strong></span> <span class='ocrx_word' id='word_1_305' title='bbox 1498 2985 1764 3048; x_wconf 77' lang='lat' dir='ltr'><strong>digressus,</strong></span> 
     </span>
     <span class='ocr_line' id='line_1_57' title="bbox 708 3050 1762 3112; baseline -0.002 -12"><span class='ocrx_word' id='word_1_306' title='bbox 708 3064 887 3100; x_wconf 76' lang='lat' dir='ltr'><strong>novam</strong></span> <span class='ocrx_word' id='word_1_307' title='bbox 919 3053 1043 3100; x_wconf 85' lang='lat' dir='ltr'><strong>hanc</strong></span> <span class='ocrx_word' id='word_1_308' title='bbox 1076 3052 1290 3109; x_wconf 85' lang='lat' dir='ltr'><strong>molitur,</strong></span> <span class='ocrx_word' id='word_1_309' title='bbox 1312 3065 1397 3112; x_wconf 87' lang='lat' dir='ltr'><strong>per</strong></span> <span class='ocrx_word' id='word_1_310' title='bbox 1428 3050 1762 3098; x_wconf 79' lang='lat' dir='ltr'><strong>salivationem</strong></span> 
     </span>
     <span class='ocr_line' id='line_1_58' title="bbox 708 3115 1763 3178; baseline -0.002 -14"><span class='ocrx_word' id='word_1_311' title='bbox 708 3117 923 3173; x_wconf 73' lang='lat' dir='ltr'><strong>scilicet3</strong></span> <span class='ocrx_word' id='word_1_312' title='bbox 974 3115 1268 3178; x_wconf 85' lang='lat' dir='ltr'><strong>proindeque</strong></span> <span class='ocrx_word' id='word_1_313' title='bbox 1300 3115 1473 3163; x_wconf 86' lang='lat' dir='ltr'><strong>dehine</strong></span> <span class='ocrx_word' id='word_1_314' title='bbox 1502 3115 1668 3161; x_wconf 86' lang='lat' dir='ltr'><strong>minus</strong></span> <span class='ocrx_word' id='word_1_315' title='bbox 1703 3115 1763 3162; x_wconf 90' lang='lat' dir='ltr'><strong>de</strong></span> 
     </span>
     <span class='ocr_line' id='line_1_59' title="bbox 706 3178 1762 3246; baseline 0 -20"><span class='ocrx_word' id='word_1_316' title='bbox 706 3181 922 3242; x_wconf 83' lang='lat' dir='ltr'><strong>pustulis</strong></span> <span class='ocrx_word' id='word_1_317' title='bbox 954 3181 1225 3227; x_wconf 82' lang='lat' dir='ltr'><strong>curandum</strong></span> <span class='ocrx_word' id='word_1_318' title='bbox 1258 3185 1345 3234; x_wconf 78' lang='lat' dir='ltr'><strong>est,</strong></span> <span class='ocrx_word' id='word_1_319' title='bbox 1380 3179 1488 3246; x_wconf 53' lang='lat' dir='ltr'><strong>sed·</strong></span> <span class='ocrx_word' id='word_1_320' title='bbox 1504 3178 1762 3240; x_wconf 84' lang='lat' dir='ltr'><strong>spectanda</strong></span> 
     </span>
     <span class='ocr_line' id='line_1_60' title="bbox 708 3242 1762 3305; baseline -0.001 -15"><span class='ocrx_word' id='word_1_321' title='bbox 708 3243 1021 3304; x_wconf 83' lang='lat' dir='ltr'><strong>potissimum</strong></span> <span class='ocrx_word' id='word_1_322' title='bbox 1042 3249 1115 3290; x_wconf 87' lang='lat' dir='ltr'><strong>est</strong></span> <span class='ocrx_word' id='word_1_323' title='bbox 1136 3242 1367 3305; x_wconf 85' lang='lat' dir='ltr'><strong>expuitio,</strong></span> <span class='ocrx_word' id='word_1_324' title='bbox 1386 3243 1762 3305; x_wconf 78' lang='lat' dir='ltr'><strong>conandumque</strong></span> 
     </span>
     <span class='ocr_line' id='line_1_61' title="bbox 708 3307 1762 3368; baseline 0.001 -15"><span class='ocrx_word' id='word_1_325' title='bbox 708 3314 766 3353; x_wconf 84' lang='lat' dir='ltr'><strong>ut</strong></span> <span class='ocrx_word' id='word_1_326' title='bbox 786 3321 935 3368; x_wconf 85' lang='lat' dir='ltr'><strong>quam</strong></span> <span class='ocrx_word' id='word_1_327' title='bbox 956 3307 1191 3354; x_wconf 74' lang='lat' dir='ltr'><strong>laudabili</strong></span> <span class='ocrx_word' id='word_1_328' title='bbox 1210 3319 1345 3353; x_wconf 86' lang='lat' dir='ltr'><strong>more</strong></span> <span class='ocrx_word' id='word_1_329' title='bbox 1366 3307 1606 3354; x_wconf 83' lang='lat' dir='ltr'><strong>succedat.</strong></span> <span class='ocrx_word' id='word_1_330' title='bbox 1664 3307 1762 3354; x_wconf 86' lang='lat' dir='ltr'><strong>Ca-</strong></span> 
     </span>
    </p>
   </div>
   <div class='ocr_carea' id='block_1_15' title="bbox 1846 2538 2914 3370">
    <p class='ocr_par' dir='ltr' id='par_1_17' title="bbox 1846 2538 2914 3370">
     <span class='ocr_line' id='line_1_62' title="bbox 1847 2538 2912 2602; baseline -0.001 -15"><span class='ocrx_word' id='word_1_331' title='bbox 1847 2539 2062 2587; x_wconf 81' lang='lat' dir='ltr'><strong>vendum</strong></span> <span class='ocrx_word' id='word_1_332' title='bbox 2103 2539 2255 2586; x_wconf 84' lang='lat' dir='ltr'><strong>etism</strong></span> <span class='ocrx_word' id='word_1_333' title='bbox 2305 2553 2368 2587; x_wconf 90' lang='lat' dir='ltr'><strong>ne</strong></span> <span class='ocrx_word' id='word_1_334' title='bbox 2409 2539 2729 2602; x_wconf 80' lang='lat' dir='ltr'><strong>ptyalismum</strong></span> <span class='ocrx_word' id='word_1_335' title='bbox 2771 2538 2912 2587; x_wconf 84' lang='lat' dir='ltr'><strong>hunc</strong></span> 
     </span>
     <span class='ocr_line' id='line_1_63' title="bbox 1883 2602 2910 2666; baseline 0.003 -16"><span class='ocrx_word' id='word_1_336' title='bbox 1883 2602 2022 2650; x_wconf 83' lang='lat' dir='ltr'><strong>novis</strong></span> <span class='ocrx_word' id='word_1_337' title='bbox 2043 2603 2187 2650; x_wconf 87' lang='lat' dir='ltr'><strong>modo</strong></span> <span class='ocrx_word' id='word_1_338' title='bbox 2207 2603 2443 2666; x_wconf 80' lang='lat' dir='ltr'><strong>impedias</strong></span> <span class='ocrx_word' id='word_1_339' title='bbox 2473 2610 2562 2651; x_wconf 83' lang='lat' dir='ltr'><strong>aut</strong></span> <span class='ocrx_word' id='word_1_340' title='bbox 2597 2604 2910 2653; x_wconf 76' lang='lat' dir='ltr'><strong>intertui-bes.</strong></span> 
     </span>
     <span class='ocr_line' id='line_1_64' title="bbox 1905 2668 2912 2730; baseline 0 -16"><span class='ocrx_word' id='word_1_341' title='bbox 1905 2668 2182 2714; x_wconf 86' lang='lat' dir='ltr'><strong>uamobrem</strong></span> <span class='ocrx_word' id='word_1_342' title='bbox 2201 2683 2230 2714; x_wconf 89' lang='lat' dir='ltr'><strong>a</strong></span> <span class='ocrx_word' id='word_1_343' title='bbox 2246 2668 2570 2729; x_wconf 78' lang='lat' dir='ltr'><strong>gargarismis,</strong></span> <span class='ocrx_word' id='word_1_344' title='bbox 2582 2669 2678 2714; x_wconf 80' lang='lat' dir='ltr'><strong>sub</strong></span> <span class='ocrx_word' id='word_1_345' title='bbox 2692 2681 2912 2730; x_wconf 77' lang='lat' dir='ltr'><strong>quocun·</strong></span> 
     </span>
     <span class='ocr_line' id='line_1_65' title="bbox 1849 2733 2912 2794; baseline 0.001 -16"><span class='ocrx_word' id='word_1_346' title='bbox 1849 2745 1944 2793; x_wconf 88' lang='lat' dir='ltr'><strong>que</strong></span> <span class='ocrx_word' id='word_1_347' title='bbox 1993 2738 2262 2793; x_wconf 81' lang='lat' dir='ltr'><strong>praetextu,</strong></span> <span class='ocrx_word' id='word_1_348' title='bbox 2311 2733 2638 2786; x_wconf 71' lang='lat' dir='ltr'><strong>abstineatur-3</strong></span> <span class='ocrx_word' id='word_1_349' title='bbox 2695 2745 2912 2794; x_wconf 80' lang='lat' dir='ltr'><strong>quornm</strong></span> 
     </span>
     <span class='ocr_line' id='line_1_66' title="bbox 1847 2795 2910 2857; baseline 0.002 -16"><span class='ocrx_word' id='word_1_350' title='bbox 1847 2809 1946 2842; x_wconf 88' lang='lat' dir='ltr'><strong>usu</strong></span> <span class='ocrx_word' id='word_1_351' title='bbox 1979 2801 2185 2843; x_wconf 87' lang='lat' dir='ltr'><strong>mortem</strong></span> <span class='ocrx_word' id='word_1_352' title='bbox 2219 2795 2482 2857; x_wconf 77' lang='lat' dir='ltr'><strong>aliquando</strong></span> <span class='ocrx_word' id='word_1_353' title='bbox 2511 2795 2703 2843; x_wconf 80' lang='lat' dir='ltr'><strong>illatam</strong></span> <span class='ocrx_word' id='word_1_354' title='bbox 2737 2797 2910 2843; x_wconf 75' lang='lat' dir='ltr'><strong>obser·</strong></span> 
     </span>
     <span class='ocr_line' id='line_1_67' title="bbox 1849 2858 2908 2922; baseline 0.001 -16"><span class='ocrx_word' id='word_1_355' title='bbox 1849 2858 1974 2916; x_wconf 75' lang='lat' dir='ltr'><strong>vavi,</strong></span> <span class='ocrx_word' id='word_1_356' title='bbox 1995 2859 2113 2906; x_wconf 90' lang='lat' dir='ltr'><strong>dum</strong></span> <span class='ocrx_word' id='word_1_357' title='bbox 2135 2867 2336 2922; x_wconf 86' lang='lat' dir='ltr'><strong>sputum</strong></span> <span class='ocrx_word' id='word_1_358' title='bbox 2359 2859 2479 2908; x_wconf 83' lang='lat' dir='ltr'><strong>alias</strong></span> <span class='ocrx_word' id='word_1_359' title='bbox 2501 2860 2748 2908; x_wconf 84' lang='lat' dir='ltr'><strong>exiturum</strong></span> <span class='ocrx_word' id='word_1_360' title='bbox 2770 2860 2908 2907; x_wconf 73' lang='lat' dir='ltr'><strong>inhi-</strong></span> 
     </span>
     <span class='ocr_line' id='line_1_68' title="bbox 1849 2922 2913 2972; baseline 0.002 -3"><span class='ocrx_word' id='word_1_361' title='bbox 1849 2922 2030 2972; x_wconf 83' lang='lat' dir='ltr'><strong>berent.</strong></span> <span class='ocrx_word' id='word_1_362' title='bbox 2109 2923 2280 2971; x_wconf 86' lang='lat' dir='ltr'><strong>Solum</strong></span> <span class='ocrx_word' id='word_1_363' title='bbox 2301 2924 2379 2971; x_wconf 88' lang='lat' dir='ltr'><strong>hie</strong></span> <span class='ocrx_word' id='word_1_364' title='bbox 2401 2925 2684 2972; x_wconf 77' lang='lat' dir='ltr'><strong>cerevisiam</strong></span> <span class='ocrx_word' id='word_1_365' title='bbox 2707 2931 2913 2971; x_wconf 79' lang='lat' dir='ltr'><strong>tenuem</strong></span> 
     </span>
     <span class='ocr_line' id='line_1_69' title="bbox 1849 2985 2914 3050; baseline 0.003 -17"><span class='ocrx_word' id='word_1_366' title='bbox 1849 2985 2020 3034; x_wconf 76' lang='lat' dir='ltr'><strong>leviter</strong></span> <span class='ocrx_word' id='word_1_367' title='bbox 2061 2987 2314 3035; x_wconf 68' lang='lat' dir='ltr'><strong>calfactum</strong></span> <span class='ocrx_word' id='word_1_368' title='bbox 2356 2988 2650 3045; x_wconf 83' lang='lat' dir='ltr'><strong>admiserim,</strong></span> <span class='ocrx_word' id='word_1_369' title='bbox 2695 3001 2795 3050; x_wconf 77' lang='lat' dir='ltr'><strong>qua</strong></span> <span class='ocrx_word' id='word_1_370' title='bbox 2843 2988 2914 3050; x_wconf 83' lang='lat' dir='ltr'><strong>(si</strong></span> 
     </span>
     <span class='ocr_line' id='line_1_70' title="bbox 1849 3051 2868 3114; baseline 0 -16"><span class='ocrx_word' id='word_1_371' title='bbox 1849 3065 1974 3112; x_wconf 92' lang='lat' dir='ltr'><strong>opus</strong></span> <span class='ocrx_word' id='word_1_372' title='bbox 1995 3051 2180 3113; x_wconf 78' lang='lat' dir='ltr'><strong>fuerit.)</strong></span> <span class='ocrx_word' id='word_1_373' title='bbox 2203 3067 2453 3114; x_wconf 82' lang='lat' dir='ltr'><strong>aegrorum</strong></span> <span class='ocrx_word' id='word_1_374' title='bbox 2477 3067 2564 3100; x_wconf 83' lang='lat' dir='ltr'><strong>ora</strong></span> <span class='ocrx_word' id='word_1_375' title='bbox 2583 3051 2868 3100; x_wconf 64' lang='lat' dir='ltr'><strong>abluantur.</strong></span> 
     </span>
     <span class='ocr_line' id='line_1_71' title="bbox 1913 3113 2912 3173; baseline 0.001 -11"><span class='ocrx_word' id='word_1_376' title='bbox 1913 3119 1946 3142; x_wconf 80' lang='lat'><strong>‘⁴</strong></span> <span class='ocrx_word' id='word_1_377' title='bbox 1965 3113 2184 3162; x_wconf 89' lang='lat' dir='ltr'><strong>Pustulis</strong></span> <span class='ocrx_word' id='word_1_378' title='bbox 2195 3116 2586 3164; x_wconf 86' lang='lat' dir='ltr'><strong>exarescentibus</strong></span> <span class='ocrx_word' id='word_1_379' title='bbox 2599 3132 2657 3164; x_wconf 88' lang='lat' dir='ltr'><strong>ae</strong></span> <span class='ocrx_word' id='word_1_380' title='bbox 2671 3116 2912 3173; x_wconf 77' lang='lat' dir='ltr'><strong>deciduis,</strong></span> 
     </span>
     <span class='ocr_line' id='line_1_72' title="bbox 1847 3179 2913 3243; baseline 0.002 -17"><span class='ocrx_word' id='word_1_381' title='bbox 1847 3193 1992 3241; x_wconf 75' lang='lat' dir='ltr'><strong>aeger</strong></span> <span class='ocrx_word' id='word_1_382' title='bbox 2013 3179 2180 3227; x_wconf 85' lang='lat' dir='ltr'><strong>sedulo</strong></span> <span class='ocrx_word' id='word_1_383' title='bbox 2199 3180 2484 3242; x_wconf 79' lang='lat' dir='ltr'><strong>purgandus</strong></span> <span class='ocrx_word' id='word_1_384' title='bbox 2505 3188 2595 3237; x_wconf 85' lang='lat' dir='ltr'><strong>est,</strong></span> <span class='ocrx_word' id='word_1_385' title='bbox 2617 3180 2913 3243; x_wconf 77' lang='lat' dir='ltr'><strong>praesertim</strong></span> 
     </span>
     <span class='ocr_line' id='line_1_73' title="bbox 1846 3243 2551 3305; baseline 0.004 -16"><span class='ocrx_word' id='word_1_386' title='bbox 1846 3250 1960 3305; x_wconf 81' lang='lat' dir='ltr'><strong>post</strong></span> <span class='ocrx_word' id='word_1_387' title='bbox 1981 3243 2202 3291; x_wconf 84' lang='lat' dir='ltr'><strong>Variolas</strong></span> <span class='ocrx_word' id='word_1_388' title='bbox 2224 3243 2551 3292; x_wconf 85' lang='lat' dir='ltr'><strong>autumnales.</strong></span> 
     </span>
     <span class='ocr_line' id='line_1_74' title="bbox 1915 3305 2810 3370; baseline 0.003 -17"><span class='ocrx_word' id='word_1_389' title='bbox 1915 3305 2074 3354; x_wconf 82' lang='lat' dir='ltr'><strong>“Jam</strong></span> <span class='ocrx_word' id='word_1_390' title='bbox 2095 3313 2152 3354; x_wconf 84' lang='lat' dir='ltr'><strong>ut</strong></span> <span class='ocrx_word' id='word_1_391' title='bbox 2171 3308 2396 3355; x_wconf 82' lang='lat' dir='ltr'><strong>caleata”</strong></span> <span class='ocrx_word' id='word_1_392' title='bbox 2421 3309 2513 3356; x_wconf 67' lang='lat' dir='ltr'><strong>fite.</strong></span> <span class='ocrx_word' id='word_1_393' title='bbox 2538 3307 2624 3370; x_wconf 80' lang='lat' dir='ltr'><strong>(of.</strong></span> <span class='ocrx_word' id='word_1_394' title='bbox 2651 3311 2676 3369; x_wconf 69' lang='grc'><strong>5</strong></span> <span class='ocrx_word' id='word_1_395' title='bbox 2700 3306 2810 3369; x_wconf 76' lang='lat'><strong>42.)</strong></span> 
     </span>
    </p>
   </div>
   <div class='ocr_carea' id='block_1_16' title="bbox 804 3435 2818 3509">
    <p class='ocr_par' dir='ltr' id='par_1_18' title="bbox 804 3435 2818 3509">
     <span class='ocr_line' id='line_1_75' title="bbox 804 3435 2818 3509; baseline 0.002 -21"><span class='ocrx_word' id='word_1_396' title='bbox 804 3435 1011 3489; x_wconf 85' lang='lat' dir='ltr'><strong>Extant</strong></span> <span class='ocrx_word' id='word_1_397' title='bbox 1033 3451 1171 3505; x_wconf 87' lang='lat' dir='ltr'><strong>quae</strong></span> <span class='ocrx_word' id='word_1_398' title='bbox 1193 3444 1483 3504; x_wconf 85' lang='lat' dir='ltr'><strong>sequuntur</strong></span> <span class='ocrx_word' id='word_1_399' title='bbox 1504 3438 1561 3488; x_wconf 90' lang='lat' dir='ltr'><strong>in</strong></span> <span class='ocrx_word' id='word_1_400' title='bbox 1587 3435 1668 3490; x_wconf 90' lang='lat' dir='ltr'><strong>ed.</strong></span> <span class='ocrx_word' id='word_1_401' title='bbox 1693 3437 1778 3489; x_wconf 86' lang='grc'><strong>’66</strong></span> <span class='ocrx_word' id='word_1_402' title='bbox 1801 3435 1872 3506; x_wconf 86' lang='lat' dir='ltr'><strong>(p.</strong></span> <span class='ocrx_word' id='word_1_403' title='bbox 1904 3438 2061 3507; x_wconf 82' lang='lat'><strong>151.),</strong></span> <span class='ocrx_word' id='word_1_404' title='bbox 2084 3446 2202 3508; x_wconf 85' lang='lat' dir='ltr'><strong>post</strong></span> <span class='ocrx_word' id='word_1_405' title='bbox 2223 3437 2252 3506; x_wconf 79' lang='lat'>§</span> <span class='ocrx_word' id='word_1_406' title='bbox 2273 3442 2360 3491; x_wconf 79' lang='lat'><strong>51.</strong></span> <span class='ocrx_word' id='word_1_407' title='bbox 2384 3437 2508 3492; x_wconf 81' lang='lat' dir='ltr'><strong>vide</strong></span> <span class='ocrx_word' id='word_1_408' title='bbox 2529 3457 2582 3509; x_wconf 86' lang='lat' dir='ltr'><strong>p.</strong></span> <span class='ocrx_word' id='word_1_409' title='bbox 2613 3442 2818 3493; x_wconf 79' lang='lat'>135:—</span> 
     </span>
    </p>
   </div>
   <div class='ocr_carea' id='block_1_17' title="bbox 708 3539 1764 3731">
    <p class='ocr_par' dir='ltr' id='par_1_19' title="bbox 708 3539 1764 3731">
     <span class='ocr_line' id='line_1_76' title="bbox 775 3539 1764 3602; baseline 0 -14"><span class='ocrx_word' id='word_1_410' title='bbox 775 3542 807 3567; x_wconf 88' lang='lat'><strong>“</strong></span> <span class='ocrx_word' id='word_1_411' title='bbox 822 3539 873 3588; x_wconf 82' lang='lat' dir='ltr'>N</span> <span class='ocrx_word' id='word_1_412' title='bbox 874 3556 973 3588; x_wconf 88' lang='lat' dir='ltr'><strong>unc</strong></span> <span class='ocrx_word' id='word_1_413' title='bbox 992 3556 1105 3588; x_wconf 82' lang='lat' dir='ltr'><strong>vero</strong></span> <span class='ocrx_word' id='word_1_414' title='bbox 1128 3541 1208 3602; x_wconf 89' lang='lat' dir='ltr'><strong>(ut</strong></span> <span class='ocrx_word' id='word_1_415' title='bbox 1228 3539 1433 3602; x_wconf 79' lang='lat' dir='ltr'><strong>vestigia</strong></span> <span class='ocrx_word' id='word_1_416' title='bbox 1447 3541 1553 3602; x_wconf 87' lang='lat' dir='ltr'><strong>jam</strong></span> <span class='ocrx_word' id='word_1_417' title='bbox 1578 3541 1764 3588; x_wconf 76' lang='lat' dir='ltr'><strong>calcata</strong></span> 
     </span>
     <span class='ocr_line' id='line_1_77' title="bbox 708 3605 1759 3731; baseline 0 -15"><span class='ocrx_word' id='word_1_418' title='bbox 708 3605 1759 3731; x_wconf 47' lang='lat' dir='ltr'><strong>ffifflffiss&gt;333.²⁰.z³33221}233355355220</strong></span> 
     </span>
    </p>
   </div>
   <div class='ocr_carea' id='block_1_18' title="bbox 399 3731 1764 3858">
    <p class='ocr_par' dir='ltr' id='par_1_20' title="bbox 399 3731 1764 3858">
     <span class='ocr_line' id='line_1_78' title="bbox 402 3731 1764 3808; baseline 0 -28"><span class='ocrx_word' id='word_1_419' title='bbox 402 3748 449 3808; x_wconf 76' lang='lat' dir='ltr'><strong>p.</strong></span> <span class='ocrx_word' id='word_1_420' title='bbox 478 3734 585 3780; x_wconf 83' lang='lat'><strong>152.</strong></span> <span class='ocrx_word' id='word_1_421' title='bbox 608 3738 656 3779; x_wconf 86' lang='lat' dir='ltr'><strong>et</strong></span> <span class='ocrx_word' id='word_1_422' title='bbox 708 3733 867 3780; x_wconf 75' lang='lat' dir='ltr'><strong>intem</strong></span> <span class='ocrx_word' id='word_1_423' title='bbox 910 3741 977 3780; x_wconf 84' lang='lat' dir='ltr'><strong>ac·</strong></span> <span class='ocrx_word' id='word_1_424' title='bbox 1010 3733 1163 3806; x_wconf 73' lang='lat' dir='ltr'><strong>vitam</strong></span> <span class='ocrx_word' id='word_1_425' title='bbox 1205 3731 1286 3781; x_wconf 82' lang='lat' dir='ltr'><strong>vel</strong></span> <span class='ocrx_word' id='word_1_426' title='bbox 1338 3733 1454 3795; x_wconf 72' lang='lat' dir='ltr'><strong>ipsis</strong></span> <span class='ocrx_word' id='word_1_427' title='bbox 1506 3733 1764 3780; x_wconf 83' lang='lat' dir='ltr'><strong>Indiarum</strong></span> 
     </span>
     <span class='ocr_line' id='line_1_79' title="bbox 399 3795 1763 3858; baseline 0.001 -15"><span class='ocrx_word' id='word_1_428' title='bbox 399 3796 486 3843; x_wconf 79' lang='lat' dir='ltr'><strong>inf.</strong></span> <span class='ocrx_word' id='word_1_429' title='bbox 509 3797 571 3843; x_wconf 80' lang='lat' dir='ltr'><strong>iv.</strong></span> <span class='ocrx_word' id='word_1_430' title='bbox 600 3796 645 3843; x_wconf 90' lang='lat'><strong>6.</strong></span> <span class='ocrx_word' id='word_1_431' title='bbox 708 3797 887 3858; x_wconf 88' lang='lat' dir='ltr'><strong>opibus</strong></span> <span class='ocrx_word' id='word_1_432' title='bbox 928 3795 1211 3858; x_wconf 78' lang='lat' dir='ltr'><strong>longissime</strong></span> <span class='ocrx_word' id='word_1_433' title='bbox 1242 3795 1527 3858; x_wconf 84' lang='lat' dir='ltr'><strong>praepono,)</strong></span> <span class='ocrx_word' id='word_1_434' title='bbox 1564 3812 1630 3844; x_wconf 87' lang='lat' dir='ltr'><strong>ex</strong></span> <span class='ocrx_word' id='word_1_435' title='bbox 1671 3797 1763 3844; x_wconf 87' lang='lat' dir='ltr'><strong>boc</strong></span> 
     </span>
    </p>
   </div>
   <div class='ocr_carea' id='block_1_19' title="bbox 404 3862 478 3908">
    <p class='ocr_par' dir='ltr' id='par_1_21' title="bbox 404 3862 478 3908">
     <span class='ocr_line' id='line_1_80' title="bbox 404 3862 478 3908; baseline 0.014 -1"><span class='ocrx_word' id='word_1_436' title='bbox 404 3862 478 3908; x_wconf 86' lang='lat'><strong>12.</strong></span> 
     </span>
    </p>
   </div>
   <div class='ocr_carea' id='block_1_20' title="bbox 712 3860 1763 3922">
    <p class='ocr_par' dir='ltr' id='par_1_22' title="bbox 712 3860 1763 3922">
     <span class='ocr_line' id='line_1_81' title="bbox 712 3860 1763 3922; baseline 0 -14"><span class='ocrx_word' id='word_1_437' title='bbox 712 3862 879 3908; x_wconf 87' lang='lat' dir='ltr'><strong>morbo</strong></span> <span class='ocrx_word' id='word_1_438' title='bbox 912 3867 1193 3922; x_wconf 78' lang='lat' dir='ltr'><strong>aegrotaret,</strong></span> <span class='ocrx_word' id='word_1_439' title='bbox 1236 3861 1325 3908; x_wconf 88' lang='lat' dir='ltr'><strong>hoc</strong></span> <span class='ocrx_word' id='word_1_440' title='bbox 1357 3860 1455 3907; x_wconf 84' lang='lat' dir='ltr'><strong>fere</strong></span> <span class='ocrx_word' id='word_1_441' title='bbox 1485 3861 1648 3917; x_wconf 88' lang='lat' dir='ltr'><strong>modo,</strong></span> <span class='ocrx_word' id='word_1_442' title='bbox 1669 3861 1763 3908; x_wconf 88' lang='lat' dir='ltr'><strong>nisi</strong></span> 
     </span>
    </p>
   </div>
   <div class='ocr_carea' id='block_1_21' title="bbox 394 3924 1767 3988">
    <p class='ocr_par' dir='ltr' id='par_1_23' title="bbox 394 3924 1767 3988">
     <span class='ocr_line' id='line_1_82' title="bbox 394 3924 1767 3988; baseline 0 -16"><span class='ocrx_word' id='word_1_443' title='bbox 394 3924 501 3972; x_wconf 73' lang='lat'><strong>⁸01⁸.</strong></span> <span class='ocrx_word' id='word_1_444' title='bbox 526 3927 549 3985; x_wconf 67' lang='grc' dir='ltr'><strong><em>ς</em></strong></span> <span class='ocrx_word' id='word_1_445' title='bbox 574 3925 652 3974; x_wconf 81' lang='lat'><strong>46.</strong></span> <span class='ocrx_word' id='word_1_446' title='bbox 710 3925 834 3973; x_wconf 80' lang='lat' dir='ltr'><strong>forte</strong></span> <span class='ocrx_word' id='word_1_447' title='bbox 876 3925 1127 3988; x_wconf 84' lang='lat' dir='ltr'><strong>quidpiam</strong></span> <span class='ocrx_word' id='word_1_448' title='bbox 1178 3924 1392 3972; x_wconf 83' lang='lat' dir='ltr'><strong>insolens</strong></span> <span class='ocrx_word' id='word_1_449' title='bbox 1442 3931 1588 3987; x_wconf 82' lang='lat' dir='ltr'><strong>atque</strong></span> <span class='ocrx_word' id='word_1_450' title='bbox 1631 3931 1767 3972; x_wconf 82' lang='lat' dir='ltr'><strong>extra</strong></span> 
     </span>
    </p>
   </div>
   <div class='ocr_carea' id='block_1_22' title="bbox 698 3989 1766 4499">
    <p class='ocr_par' dir='ltr' id='par_1_24' title="bbox 698 3989 1766 4499">
     <span class='ocr_line' id='line_1_83' title="bbox 710 3989 1766 4046; baseline -0.001 -10"><span class='ocrx_word' id='word_1_451' title='bbox 710 3990 929 4038; x_wconf 83' lang='lat' dir='ltr'><strong>ordinem</strong></span> <span class='ocrx_word' id='word_1_452' title='bbox 962 3989 1285 4046; x_wconf 79' lang='lat' dir='ltr'><strong>interveniret,</strong></span> <span class='ocrx_word' id='word_1_453' title='bbox 1322 3989 1533 4036; x_wconf 89' lang='lat' dir='ltr'><strong>eundem</strong></span> <span class='ocrx_word' id='word_1_454' title='bbox 1575 3989 1766 4036; x_wconf 80' lang='lat' dir='ltr'><strong>tractari</strong></span> 
     </span>
     <span class='ocr_line' id='line_1_84' title="bbox 703 4051 1764 4116; baseline -0.001 -15"><span class='ocrx_word' id='word_1_455' title='bbox 703 4055 943 4116; x_wconf 61' lang='lat' dir='ltr'><strong>iuberem.</strong></span> <span class='ocrx_word' id='word_1_456' title='bbox 1012 4053 1082 4101; x_wconf 87' lang='lat' dir='ltr'><strong>Et</strong></span> <span class='ocrx_word' id='word_1_457' title='bbox 1101 4054 1259 4116; x_wconf 86' lang='lat' dir='ltr'><strong>primo</strong></span> <span class='ocrx_word' id='word_1_458' title='bbox 1272 4053 1483 4116; x_wconf 86' lang='lat' dir='ltr'><strong>quidem,</strong></span> <span class='ocrx_word' id='word_1_459' title='bbox 1502 4051 1644 4100; x_wconf 86' lang='lat' dir='ltr'><strong>illum</strong></span> <span class='ocrx_word' id='word_1_460' title='bbox 1665 4067 1764 4100; x_wconf 90' lang='lat' dir='ltr'><strong>non</strong></span> 
     </span>
     <span class='ocr_line' id='line_1_85' title="bbox 706 4117 1764 4179; baseline -0.002 -13"><span class='ocrx_word' id='word_1_461' title='bbox 706 4119 995 4166; x_wconf 84' lang='lat' dir='ltr'><strong>decumbere</strong></span> <span class='ocrx_word' id='word_1_462' title='bbox 1023 4125 1211 4179; x_wconf 85' lang='lat' dir='ltr'><strong>paterer</strong></span> <span class='ocrx_word' id='word_1_463' title='bbox 1242 4124 1503 4178; x_wconf 85' lang='lat' dir='ltr'><strong>antequam</strong></span> <span class='ocrx_word' id='word_1_464' title='bbox 1534 4117 1764 4179; x_wconf 85' lang='lat' dir='ltr'><strong>pustulae</strong></span> 
     </span>
     <span class='ocr_line' id='line_1_86' title="bbox 705 4181 1759 4245; baseline -0.002 -15"><span class='ocrx_word' id='word_1_465' title='bbox 705 4183 967 4245; x_wconf 79' lang='lat' dir='ltr'><strong>prodirent.</strong></span> <span class='ocrx_word' id='word_1_466' title='bbox 1044 4181 1189 4238; x_wconf 81' lang='lat' dir='ltr'><strong>Dein,</strong></span> <span class='ocrx_word' id='word_1_467' title='bbox 1233 4181 1335 4229; x_wconf 86' lang='lat' dir='ltr'><strong>illis</strong></span> <span class='ocrx_word' id='word_1_468' title='bbox 1372 4181 1479 4242; x_wconf 84' lang='lat' dir='ltr'><strong>jam</strong></span> <span class='ocrx_word' id='word_1_469' title='bbox 1524 4195 1759 4242; x_wconf 83' lang='lat' dir='ltr'><strong>apparen-</strong></span> 
     </span>
     <span class='ocr_line' id='line_1_87' title="bbox 705 4243 1764 4302; baseline 0 -10"><span class='ocrx_word' id='word_1_470' title='bbox 705 4247 853 4302; x_wconf 82' lang='lat' dir='ltr'><strong>tibus,</strong></span> <span class='ocrx_word' id='word_1_471' title='bbox 874 4262 973 4294; x_wconf 89' lang='lat' dir='ltr'><strong>non</strong></span> <span class='ocrx_word' id='word_1_472' title='bbox 998 4245 1205 4293; x_wconf 82' lang='lat' dir='ltr'><strong>sinerem</strong></span> <span class='ocrx_word' id='word_1_473' title='bbox 1234 4254 1291 4293; x_wconf 88' lang='lat' dir='ltr'><strong>ut</strong></span> <span class='ocrx_word' id='word_1_474' title='bbox 1320 4245 1572 4292; x_wconf 77' lang='lat' dir='ltr'><strong>intensiori</strong></span> <span class='ocrx_word' id='word_1_475' title='bbox 1593 4243 1764 4292; x_wconf 85' lang='lat' dir='ltr'><strong>caloris</strong></span> 
     </span>
     <span class='ocr_line' id='line_1_88' title="bbox 704 4309 1762 4372; baseline -0.001 -15"><span class='ocrx_word' id='word_1_476' title='bbox 704 4311 877 4370; x_wconf 78' lang='lat' dir='ltr'><strong>gradu,</strong></span> <span class='ocrx_word' id='word_1_477' title='bbox 915 4310 995 4357; x_wconf 85' lang='lat' dir='ltr'><strong>vel</strong></span> <span class='ocrx_word' id='word_1_478' title='bbox 1032 4309 1233 4371; x_wconf 74' lang='lat' dir='ltr'><strong>adJectis</strong></span> <span class='ocrx_word' id='word_1_479' title='bbox 1269 4309 1495 4372; x_wconf 77' lang='lat' dir='ltr'><strong>pluribus</strong></span> <span class='ocrx_word' id='word_1_480' title='bbox 1532 4309 1762 4370; x_wconf 78' lang='lat' dir='ltr'><strong>stragulis</strong></span> 
     </span>
     <span class='ocr_line' id='line_1_89' title="bbox 698 4372 1762 4435; baseline -0.001 -15"><span class='ocrx_word' id='word_1_481' title='bbox 698 4374 755 4420; x_wconf 82' lang='lat' dir='ltr'><strong>in</strong></span> <span class='ocrx_word' id='word_1_482' title='bbox 787 4373 914 4421; x_wconf 87' lang='lat' dir='ltr'><strong>lecto</strong></span> <span class='ocrx_word' id='word_1_483' title='bbox 946 4372 1267 4430; x_wconf 86' lang='lat' dir='ltr'><strong>decumberet,</strong></span> <span class='ocrx_word' id='word_1_484' title='bbox 1316 4387 1465 4435; x_wconf 81' lang='lat' dir='ltr'><strong>quam</strong></span> <span class='ocrx_word' id='word_1_485' title='bbox 1497 4373 1674 4435; x_wconf 87' lang='lat' dir='ltr'><strong>quibus</strong></span> <span class='ocrx_word' id='word_1_486' title='bbox 1708 4373 1762 4420; x_wconf 86' lang='lat' dir='ltr'><strong>in</strong></span> 
     </span>
     <span class='ocr_line' id='line_1_90' title="bbox 701 4437 1763 4499; baseline 0 -15"><span class='ocrx_word' id='word_1_487' title='bbox 701 4451 933 4499; x_wconf 79' lang='lat' dir='ltr'><strong>prospera</strong></span> <span class='ocrx_word' id='word_1_488' title='bbox 940 4437 1217 4485; x_wconf 81' lang='lat' dir='ltr'><strong>valetudine</strong></span> <span class='ocrx_word' id='word_1_489' title='bbox 1228 4438 1307 4485; x_wconf 86' lang='lat' dir='ltr'><strong>uti</strong></span> <span class='ocrx_word' id='word_1_490' title='bbox 1320 4437 1503 4486; x_wconf 75' lang='lat' dir='ltr'><strong>solebat</strong></span> <span class='ocrx_word' id='word_1_491' title='bbox 1516 4456 1527 4494; x_wconf 85' lang='lat'><strong>;</strong></span> <span class='ocrx_word' id='word_1_492' title='bbox 1560 4451 1763 4484; x_wconf 84' lang='lat' dir='ltr'><strong>accenso</strong></span> 
     </span>
    </p>
   </div>
   <div class='ocr_carea' id='block_1_23' title="bbox 1847 3540 2915 4501">
    <p class='ocr_par' dir='ltr' id='par_1_25' title="bbox 1847 3540 2915 4501">
     <span class='ocr_line' id='line_1_91' title="bbox 1847 3540 2914 3606; baseline 0.004 -18"><span class='ocrx_word' id='word_1_493' title='bbox 1847 3540 2064 3599; x_wconf 87' lang='lat' dir='ltr'><strong>interim,</strong></span> <span class='ocrx_word' id='word_1_494' title='bbox 2103 3557 2200 3589; x_wconf 84' lang='lat' dir='ltr'><strong>non</strong></span> <span class='ocrx_word' id='word_1_495' title='bbox 2236 3541 2332 3590; x_wconf 84' lang='lat' dir='ltr'><strong>nisi</strong></span> <span class='ocrx_word' id='word_1_496' title='bbox 2367 3541 2543 3606; x_wconf 85' lang='lat' dir='ltr'><strong>hyeme</strong></span> <span class='ocrx_word' id='word_1_497' title='bbox 2576 3543 2914 3604; x_wconf 83' lang='lat' dir='ltr'><strong>incumbente,</strong></span> 
     </span>
     <span class='ocr_line' id='line_1_92' title="bbox 1847 3605 2892 3719; baseline 0.003 -3"><span class='ocrx_word' id='word_1_498' title='bbox 1847 3605 2540 3719; x_wconf 39' lang='lat' dir='ltr'><strong>{meinamma</strong></span> <span class='ocrx_word' id='word_1_499' title='bbox 2559 3671 2892 3719; x_wconf 62' lang='lat' dir='ltr'><strong>..m</strong></span> 
     </span>
     <span class='ocr_line' id='line_1_93' title="bbox 2013 3698 2915 3726; baseline 0.003 -9"><span class='ocrx_word' id='word_1_500' title='bbox 2013 3704 2026 3717; x_wconf 78' lang='grc' dir='ltr'>ι</span> <span class='ocrx_word' id='word_1_501' title='bbox 2247 3703 2262 3726; x_wconf 70' lang='grc'><strong>,</strong></span> <span class='ocrx_word' id='word_1_502' title='bbox 2889 3698 2915 3711; x_wconf 74' lang='grc'><em>“</em></span> 
     </span>
     <span class='ocr_line' id='line_1_94' title="bbox 1849 3734 2914 3797; baseline 0.004 -17"><span class='ocrx_word' id='word_1_503' title='bbox 1849 3749 1936 3796; x_wconf 85' lang='lat' dir='ltr'><strong>per</strong></span> <span class='ocrx_word' id='word_1_504' title='bbox 1983 3734 2214 3796; x_wconf 76' lang='lat' dir='ltr'><strong>stragulis</strong></span> <span class='ocrx_word' id='word_1_505' title='bbox 2255 3741 2479 3782; x_wconf 84' lang='lat' dir='ltr'><strong>accurate</strong></span> <span class='ocrx_word' id='word_1_506' title='bbox 2520 3743 2745 3797; x_wconf 83' lang='lat' dir='ltr'><strong>cooperta</strong></span> <span class='ocrx_word' id='word_1_507' title='bbox 2786 3735 2914 3784; x_wconf 80' lang='lat' dir='ltr'><strong>deti-</strong></span> 
     </span>
     <span class='ocr_line' id='line_1_95' title="bbox 1849 3797 2913 3861; baseline 0.004 -17"><span class='ocrx_word' id='word_1_508' title='bbox 1849 3803 2000 3853; x_wconf 82' lang='lat' dir='ltr'><strong>neret,</strong></span> <span class='ocrx_word' id='word_1_509' title='bbox 2023 3806 2108 3846; x_wconf 88' lang='lat' dir='ltr'><strong>aut</strong></span> <span class='ocrx_word' id='word_1_510' title='bbox 2121 3799 2173 3845; x_wconf 89' lang='lat' dir='ltr'><strong>in</strong></span> <span class='ocrx_word' id='word_1_511' title='bbox 2195 3797 2362 3846; x_wconf 87' lang='lat' dir='ltr'><strong>eodem</strong></span> <span class='ocrx_word' id='word_1_512' title='bbox 2377 3799 2485 3846; x_wconf 89' lang='lat' dir='ltr'><strong>loco</strong></span> <span class='ocrx_word' id='word_1_513' title='bbox 2506 3800 2913 3861; x_wconf 68' lang='lat' dir='ltr'><strong>semperjaeenet,</strong></span> 
     </span>
     <span class='ocr_line' id='line_1_96' title="bbox 1849 3862 2911 3926; baseline 0.003 -17"><span class='ocrx_word' id='word_1_514' title='bbox 1849 3877 2024 3924; x_wconf 84' lang='lat' dir='ltr'><strong>nempe</strong></span> <span class='ocrx_word' id='word_1_515' title='bbox 2039 3877 2100 3910; x_wconf 90' lang='lat' dir='ltr'><strong>ne</strong></span> <span class='ocrx_word' id='word_1_516' title='bbox 2115 3862 2313 3910; x_wconf 86' lang='lat' dir='ltr'><strong>sudores</strong></span> <span class='ocrx_word' id='word_1_517' title='bbox 2324 3863 2567 3925; x_wconf 83' lang='lat' dir='ltr'><strong>copiosius</strong></span> <span class='ocrx_word' id='word_1_518' title='bbox 2579 3871 2911 3926; x_wconf 74' lang='lat' dir='ltr'><strong>erumperent,</strong></span> 
     </span>
     <span class='ocr_line' id='line_1_97' title="bbox 1849 3927 2910 3990; baseline 0.003 -18"><span class='ocrx_word' id='word_1_519' title='bbox 1849 3940 1973 3986; x_wconf 85' lang='lat' dir='ltr'><strong>quos</strong></span> <span class='ocrx_word' id='word_1_520' title='bbox 2001 3941 2092 3988; x_wconf 81' lang='lat' dir='ltr'><strong>ego</strong></span> <span class='ocrx_word' id='word_1_521' title='bbox 2120 3933 2226 3974; x_wconf 81' lang='lat' dir='ltr'><strong>tum</strong></span> <span class='ocrx_word' id='word_1_522' title='bbox 2249 3927 2512 3975; x_wconf 83' lang='lat' dir='ltr'><strong>rationibus</strong></span> <span class='ocrx_word' id='word_1_523' title='bbox 2531 3927 2638 3988; x_wconf 84' lang='lat' dir='ltr'><strong>jam</strong></span> <span class='ocrx_word' id='word_1_524' title='bbox 2663 3943 2812 3990; x_wconf 78' lang='lat' dir='ltr'><strong>supra</strong></span> <span class='ocrx_word' id='word_1_525' title='bbox 2831 3928 2910 3976; x_wconf 83' lang='lat' dir='ltr'><strong>al·</strong></span> 
     </span>
     <span class='ocr_line' id='line_1_98' title="bbox 1849 3989 2911 4053; baseline 0.002 -16"><span class='ocrx_word' id='word_1_526' title='bbox 1849 3989 1978 4047; x_wconf 83' lang='lat' dir='ltr'><strong>latis,</strong></span> <span class='ocrx_word' id='word_1_527' title='bbox 1995 3998 2104 4038; x_wconf 87' lang='lat' dir='ltr'><strong>tum</strong></span> <span class='ocrx_word' id='word_1_528' title='bbox 2125 3990 2230 4052; x_wconf 84' lang='lat' dir='ltr'><strong>ipsa</strong></span> <span class='ocrx_word' id='word_1_529' title='bbox 2249 3991 2546 4053; x_wconf 81' lang='lat' dir='ltr'><strong>experientia</strong></span> <span class='ocrx_word' id='word_1_530' title='bbox 2567 3993 2733 4049; x_wconf 71' lang='lat' dir='ltr'><strong>fretus,</strong></span> <span class='ocrx_word' id='word_1_531' title='bbox 2749 3991 2911 4040; x_wconf 75' lang='lat' dir='ltr'><strong>fiden—</strong></span> 
     </span>
     <span class='ocr_line' id='line_1_99' title="bbox 1851 4054 2913 4117; baseline 0.003 -16"><span class='ocrx_word' id='word_1_532' title='bbox 1851 4060 1923 4100; x_wconf 84' lang='lat' dir='ltr'><strong>ter</strong></span> <span class='ocrx_word' id='word_1_533' title='bbox 1941 4054 2132 4102; x_wconf 83' lang='lat' dir='ltr'><strong>affirmo</strong></span> <span class='ocrx_word' id='word_1_534' title='bbox 2151 4069 2250 4102; x_wconf 84' lang='lat' dir='ltr'><strong>non</strong></span> <span class='ocrx_word' id='word_1_535' title='bbox 2271 4055 2453 4117; x_wconf 83' lang='lat' dir='ltr'><strong>absque</strong></span> <span class='ocrx_word' id='word_1_536' title='bbox 2481 4055 2668 4117; x_wconf 76' lang='lat' dir='ltr'><strong>ingenti</strong></span> <span class='ocrx_word' id='word_1_537' title='bbox 2689 4055 2913 4117; x_wconf 76' lang='lat' dir='ltr'><strong>periculo</strong></span> 
     </span>
     <span class='ocr_line' id='line_1_100' title="bbox 1849 4117 2911 4180; baseline 0.003 -16"><span class='ocrx_word' id='word_1_538' title='bbox 1849 4117 2159 4180; x_wconf 81' lang='lat' dir='ltr'><strong>(praesertim</strong></span> <span class='ocrx_word' id='word_1_539' title='bbox 2200 4118 2254 4166; x_wconf 86' lang='lat' dir='ltr'><strong>in</strong></span> <span class='ocrx_word' id='word_1_540' title='bbox 2303 4118 2730 4178; x_wconf 78' lang='lat' dir='ltr'><strong>adolescentibua,j</strong></span> <span class='ocrx_word' id='word_1_541' title='bbox 2775 4120 2911 4167; x_wconf 82' lang='lat' dir='ltr'><strong>acei-</strong></span> 
     </span>
     <span class='ocr_line' id='line_1_101' title="bbox 1849 4181 2912 4245; baseline 0.003 -17"><span class='ocrx_word' id='word_1_542' title='bbox 1849 4182 1961 4228; x_wconf 83' lang='lat' dir='ltr'><strong>dere</strong></span> <span class='ocrx_word' id='word_1_543' title='bbox 1991 4197 2146 4245; x_wconf 83' lang='lat' dir='ltr'><strong>posse.</strong></span> <span class='ocrx_word' id='word_1_544' title='bbox 2211 4182 2406 4230; x_wconf 85' lang='lat' dir='ltr'><strong>Vellem</strong></span> <span class='ocrx_word' id='word_1_545' title='bbox 2439 4183 2604 4244; x_wconf 82' lang='lat' dir='ltr'><strong>itaque</strong></span> <span class='ocrx_word' id='word_1_546' title='bbox 2623 4190 2684 4229; x_wconf 89' lang='lat' dir='ltr'><strong>ut</strong></span> <span class='ocrx_word' id='word_1_547' title='bbox 2709 4181 2832 4230; x_wconf 82' lang='lat' dir='ltr'><strong>h&#39;ber</strong></span> <span class='ocrx_word' id='word_1_548' title='bbox 2855 4184 2912 4231; x_wconf 77' lang='lat' dir='ltr'><strong>in</strong></span> 
     </span>
     <span class='ocr_line' id='line_1_102' title="bbox 1848 4245 2910 4309; baseline 0.004 -17"><span class='ocrx_word' id='word_1_549' title='bbox 1848 4245 1975 4293; x_wconf 87' lang='lat' dir='ltr'><strong>lecto</strong></span> <span class='ocrx_word' id='word_1_550' title='bbox 2003 4247 2202 4308; x_wconf 80' lang='lat' dir='ltr'><strong>jaceret,</strong></span> <span class='ocrx_word' id='word_1_551' title='bbox 2235 4245 2496 4309; x_wconf 87' lang='lat' dir='ltr'><strong>locumque</strong></span> <span class='ocrx_word' id='word_1_552' title='bbox 2529 4246 2736 4295; x_wconf 83' lang='lat' dir='ltr'><strong>subinde</strong></span> <span class='ocrx_word' id='word_1_553' title='bbox 2768 4262 2910 4296; x_wconf 85' lang='lat' dir='ltr'><strong>com-</strong></span> 
     </span>
     <span class='ocr_line' id='line_1_103' title="bbox 1847 4316 2072 4358; baseline 0.009 -2"><span class='ocrx_word' id='word_1_554' title='bbox 1847 4316 2072 4358; x_wconf 75' lang='lat' dir='ltr'><strong>mutaret.</strong></span> 
     </span>
     <span class='ocr_line' id='line_1_104' title="bbox 1915 4374 2907 4438; baseline 0.001 -16"><span class='ocrx_word' id='word_1_555' title='bbox 1915 4377 1946 4400; x_wconf 89' lang='lat'><strong>“</strong></span> <span class='ocrx_word' id='word_1_556' title='bbox 1969 4374 2049 4422; x_wconf 88' lang='lat' dir='ltr'><strong>Ad</strong></span> <span class='ocrx_word' id='word_1_557' title='bbox 2073 4374 2282 4422; x_wconf 81' lang='lat' dir='ltr'><strong>diaetam</strong></span> <span class='ocrx_word' id='word_1_558' title='bbox 2317 4374 2447 4438; x_wconf 88' lang='lat' dir='ltr'><strong>quod</strong></span> <span class='ocrx_word' id='word_1_559' title='bbox 2477 4375 2663 4431; x_wconf 84' lang='lat' dir='ltr'><strong>attinet,</strong></span> <span class='ocrx_word' id='word_1_560' title='bbox 2683 4390 2781 4423; x_wconf 83' lang='lat' dir='ltr'><strong>non</strong></span> <span class='ocrx_word' id='word_1_561' title='bbox 2803 4375 2907 4423; x_wconf 88' lang='lat' dir='ltr'><strong>im-</strong></span> 
     </span>
     <span class='ocr_line' id='line_1_105' title="bbox 1847 4438 2910 4501; baseline 0.002 -15"><span class='ocrx_word' id='word_1_562' title='bbox 1847 4438 2080 4500; x_wconf 86' lang='lat' dir='ltr'><strong>pedirem,</strong></span> <span class='ocrx_word' id='word_1_563' title='bbox 2105 4453 2202 4501; x_wconf 81' lang='lat' dir='ltr'><strong>quo</strong></span> <span class='ocrx_word' id='word_1_564' title='bbox 2230 4439 2397 4488; x_wconf 81' lang='lat' dir='ltr'><strong>minua</strong></span> <span class='ocrx_word' id='word_1_565' title='bbox 2428 4439 2698 4489; x_wconf 80' lang='lat' dir='ltr'><strong>tenuiorem</strong></span> <span class='ocrx_word' id='word_1_566' title='bbox 2723 4440 2910 4488; x_wconf 74' lang='lat' dir='ltr'><strong>cerevi-</strong></span> 
     </span>
    </p>
   </div>
  </div>
 </body>
</html>
