3138 5006
317 1223 743 1314 EPISTOLA
793 1166 1387 1300 DEDICATORIA
1437 1223 1891 1300 EDITIONIS
1946 1225 2312 1302 PRIMAE.

462 1587 1020 1637 ILLUSTRISSIMO
1056 1587 1149 1637 ΕΤ
1183 1588 1869 1640 EXCELLENTISSIMO
1905 1591 2198 1642 DOMINO

677 1877 686 1882 ¹
807 1778 942 1852 1³⁰0
998 1779 1435 1857 ROBERTO
1491 1779 1825 1856 BoYLE.
1921 1744 1930 1752 ’

315 2005 616 2082 USQUE
641 2008 796 2074 adeo
827 2009 1118 2073 bonorum
1147 2008 1579 2090 doctorumque
1607 2008 1845 2072 animos
1882 2008 2177 2092 quicquid
2200 2011 2292 2074 ad
2320 2011 2423 2091 Te,

224 2110 346 2173 Vir
383 2111 780 2194 undiquaque
837 2111 1259 2191 Nobilissime,
1307 2131 1544 2194 quoquo
1586 2111 1767 2174 modo
1810 2112 2135 2192 pertinere
2184 2115 2425 2196 conspi-

209 2213 400 2293 citur,
430 2220 700 2278 attentos
727 2217 1013 2280 continuo
1039 2215 1250 2280 reddit
1271 2221 1340 2279 et
1368 2221 1775 2297 experrectus,
1804 2220 1876 2278 ut
1903 2235 2007 2279 eos
2020 2218 2427 2298 praevideam

205 2317 433 2379 statim
490 2319 890 2400 cognoscendi
947 2319 1179 2397 aitidos,
1239 2317 1457 2403 quibus
1515 2317 1755 2381 demum
1806 2315 2023 2399 fretus
2078 2320 2427 2384 rationibus

207 2419 508 2484 Nominis
543 2420 658 2483 Pui
696 2421 874 2503 longe
909 2420 1285 2485 celeberrimi
1321 2421 1763 2484 authoritatem
1804 2421 1895 2484 ad
1932 2421 2179 2503 hujusce
2223 2425 2427 2505 operis

190 2523 632 2603 patrocinium
687 2525 990 2589 asciscere
1037 2525 1450 2588 sustinuerim.
1565 2524 1734 2598 Quid
1774 2525 2059 2607 plerique
2108 2527 2177 2589 in
2232 2528 2427 2592 simili

207 2626 462 2707 negotio
499 2646 626 2707 pro
675 2646 844 2691 more
895 2628 1146 2691 causari
1193 2628 1450 2705 soleant,
1495 2647 1593 2689 me
1633 2628 1989 2709 neutiquam
2015 2628 2209 2709 ficyit.
2303 2630 2425 2693 Est

203 2746 366 2790 sane
409 2728 576 2810 quod
611 2750 721 2811 eqo
772 2729 1066 2812 (perinde
1109 2748 1186 2793 ac
1211 2729 1466 2812 faciunt
1505 2730 1663 2813 alii,)
1697 2730 1775 2793 de
1815 2731 2028 2794 multis
2068 2733 2427 2814 magnisque

213 2830 374 2893 Tuis
400 2850 552 2913 crya
585 2852 681 2895 me
715 2834 956 2897 meantis
974 2834 1198 2915 palam
1221 2834 1456 2915 populo
1493 2834 1893 2896 commentari
1910 2852 2157 2915 possem
2171 2859 2197 2908 ‚·
2242 2840 2427 2916 atque

206 2934 426 3011 etiam,
450 2935 627 3015 qrati
657 2936 851 2999 animi
891 2938 1196 3019 specimen
1235 2936 1514 3014 daturus,
1546 2936 1799 2999 honoris
1838 2955 1914 2998 ac
1952 2937 2152 2999 cultus
2191 2957 2307 3018 quo
2343 2939 2427 3001 Te

193 3056 552 3119 prosequor
607 3036 976 3102 duraturum
1033 3038 1290 3121 aliquod
1341 3044 1791 3101 monumentum
1849 3038 2039 3101 multo
2104 3038 2427 3103 verborum

205 3144 528 3219 apparatu
585 3141 1007 3204 architectari.
1097 3141 1296 3223 Atqui
1353 3140 1651 3222 ejusmodi
1706 3141 2045 3218 consilium,
2094 3140 2186 3223 (ut
2236 3141 2427 3206 libere

193 3240 556 3324 profitear,)
591 3242 660 3304 in
694 3242 776 3305 Te
818 3248 950 3306 tam
973 3242 1398 3324 praefidenter
1425 3243 1894 3323 interpellando,
1926 3243 2006 3306 ab
2046 3245 2249 3307 animo
2292 3266 2424 3310 meo

193 3344 434 3424 procul
479 3341 701 3425 abfidt.
788 3345 867 3408 In
909 3347 1236 3409 immensas
1281 3345 1494 3408 laudes
1543 3345 1709 3408 Tuas
1750 3344 2112 3408 descendere
2156 3366 2280 3410 non
2324 3348 2420 3411 in·

205 3447 411 3524 stimi,
444 3453 554 3510 aut
597 3448 860 3517 eximias
905 3447 1103 3511 animi
1149 3447 1338 3526 dotes,
1380 3448 1599 3530 quibus
1639 3448 2147 3512 decantatissima
2186 3452 2418 3515 anteri-

208 3570 392 3612 orum
441 3555 716 3614 aetatum
771 3552 1022 3615 nomina
1063 3571 1222 3615 unus
1271 3570 1599 3633 ea‘aequas,
1650 3551 2043 3633 (uberrimam
2090 3573 2243 3617 sane
2291 3560 2422 3618 tum

207 3654 490 3716 mihimet
514 3654 656 3735 ipsi,
689 3659 820 3717 tum
847 3654 1018 3735 operi
1051 3674 1182 3717 meo
1212 3655 1635 3737 qualicunque,
1667 3654 2066 3737 honorificam
2080 3656 2423 3739 praefandi

206 3757 584 3840 mdteriam)
618 3757 971 3820 edisserere.
1032 3757 1368 3819 Enimvero
1396 3756 1472 3819 id
1493 3757 1695 3837 ipsum
1719 3757 2050 3821 Tractatus
2078 3779 2119 3821 a
2155 3760 2237 3822 Te
2248 3760 2420 3840 jam-

191 3859 454 3940 pridem
481 3860 550 3922 in
577 3861 770 3923 lucem
799 3860 1006 3922 emissi
1031 3859 1390 3940 plenissime
1425 3860 1772 3941 loquuntur,
1803 3880 1915 3923 nec
1943 3862 2067 3923 alio
2105 3862 2243 3924 Tibi
2272 3882 2423 3945 opus

185 3961 490 4043 futurum
517 3968 610 4025 est
627 3982 954 4043 praecone,
987 3963 1160 4043 (πρίω
1187 3961 1568 4025 subsidiaria
1596 3982 1718 4026 vooe
1745 3962 2039 4026 Nominis
2072 3964 2188 4027 Tui
2231 3966 2417 4028 clari-

206 4070 406 4129 tatem
434 4064 814 4147 ampliflcare
841 4071 1112 4148 satagat.
1207 4065 1510 4139 Quocirca
1549 4066 1721 4128 tritis
1758 4066 1925 4129 hisce
1934 4067 2194 4149 jamque
2224 4069 2419 4129 trala-

206 4169 376 4232 titiis
390 4168 731 4250 praefandi
759 4169 1137 4251 arqumentis
1163 4169 1328 4230 ultro
1358 4168 1723 4249 repudiatis,
1748 4190 1843 4231 me
1871 4170 2233 4233 Tractatum
2260 4171 2422 4233 bunc

207 4272 351 4335 ideo
379 4273 450 4335 in
470 4272 812 4336 clientelam
839 4272 1030 4335 Tuam
1053 4271 1294 4335 dedisse
1309 4270 1631 4352 profiteor,
1644 4277 1983 4353 propterea
2012 4270 2191 4353 quod,
2216 4291 2418 4352 quem-

210 4374 544 4439 admodum
565 4396 672 4457 eyo
697 4376 822 4439 Tuo
844 4394 1032 4438 suasu
1049 4381 1232 4457 atque
1253 4374 1546 4437 instinctu
1567 4375 1730 4437 hanc
1744 4376 2135 4455 provinciam
2162 4378 2419 4455 suscepi,

209 4478 308 4541 ita
336 4478 528 4542 etiam
556 4500 764 4543 eorum
793 4500 948 4561 quae
977 4480 1078 4542 bic
1100 4479 1422 4542 traduntur
1461 4478 1783 4541 veritatem
1812 4484 1873 4540 et
1902 4477 2235 4561 efficaciam
2270 4477 2423 4541 Tute
