3138 5006
679 247 816 310 264
1293 243 1689 309 THOMAE
1738 242 2255 308 SYDENHAM

413 422 614 471 anms
677 405 900 484 thesis,
937 411 1004 468 et
1049 403 1246 469 febris
1291 405 1627 470 intensior.
1716 405 1966 470 Diebus
2018 427 2059 470 a
2102 379 2633 470 venae-sectione⁵
2662 403 2900 468 liberis

347 487 649 599 3¹:232*
679 530 910 572 enema
941 530 978 572 e
1021 508 1189 572 lacte
1223 529 1374 572 cum
1417 530 1655 592 syrupo
1694 508 1993 586 violaceo,
2034 514 2101 572 et
2140 509 2390 592 julapia
2432 507 2899 590 refrigerantia

677 635 758 678 ex
787 634 956 696 aqua
982 612 1400 696 nymphaeae,
1425 621 1571 689 etc„
1595 612 1666 674 in
1686 613 2137 674 Rheumatismi
2165 611 2497 675 curatione
2520 612 2659 695 jam
2700 611 2786 694 [c.
2820 615 2891 674 5.

683 721 718 803 ᾤ
751 717 844 799 5.]
886 715 1076 792 dicta,
1107 715 1394 799 qualibet
1422 715 1585 778 hora
1613 715 1743 779 diei
1770 714 2141 798 usurpanda
2167 713 2552 797 praescribo,
2616 714 2710 777 Ut
2740 712 2895 796 plu-

676 822 918 884 rimum
938 841 1088 883 vero
1115 820 1312 882 unica
1331 817 1761 883 venae-sectio
1783 825 1851 881 et
1872 818 2269 902 subsequens
2290 818 2620 896 cathan-sis,
2644 817 2699 881 si
2718 825 2897 882 tem·

677 925 818 1008 pori
847 924 1298 1001 adhibeantur,
1327 944 1466 987 rem
1497 921 1871 1005 expediunt.

767 1027 954 1092 Quae
983 1027 1340 1091 urticarum
1378 1033 1733 1110 puncturas
1764 1046 1911 1089 cum
1953 1025 2211 1109 pruritu
2239 1025 2435 1090 refert
2472 1024 2710 1108 species
2744 1024 2899 1108 pari

678 1130 872 1195 modo
901 1137 1000 1194 est
1041 1129 1422 1208 amolienda,
1453 1128 1581 1192 nisi
1625 1128 1797 1213 quod
1824 1129 1985 1192 haec
2013 1127 2313 1192 remediis
2348 1128 2431 1193 ab
2472 1135 2655 1192 extra
2682 1127 2897 1211 appli-

679 1234 902 1298 candis
931 1232 1146 1296 minus
1176 1239 1384 1316 egeat.

783 1337 905 1421 [6.]
931 1348 982 1379 ¹¹¹
1028 1337 1156 1400 Hic
1185 1336 1395 1401 obiter
1421 1335 1653 1414 dicam,
1684 1335 1877 1419 quod,
1906 1335 2059 1399 licet
2081 1356 2218 1400 non
2246 1334 2456 1400 solum
2476 1333 2583 1398 hic
2612 1333 2893 1398 affectus

681 1439 762 1502 de
792 1461 920 1522 quo
952 1439 1092 1522 jam
1127 1439 1470 1521 loquimur,
1502 1437 1617 1502 sed
1656 1445 1723 1502 et
1760 1438 2049 1521 plerique
2092 1459 2317 1502 eorum
2356 1438 2469 1521 qui
2513 1437 2715 1501 cutim
2758 1437 2893 1500 im-

679 1546 914 1623 petunt
961 1547 1028 1604 et
1079 1541 1482 1622 eruptionem
1541 1540 1885 1622 aliqualem
1942 1541 2247 1604 comitem
2310 1540 2432 1604 sibi
2491 1540 2889 1624 adjungunt,

687 1642 902 1726 (modo
919 1643 1204 1706 chronici
1233 1643 1278 1704 ii
1309 1643 1485 1724 sint‚)
1513 1642 1700 1706 facile
1729 1643 1881 1706 huic
1902 1643 2209 1707 methodo
2238 1642 2491 1720 cedant,
2516 1663 2592 1706 ac
2612 1641 2894 1725 proinde

681 1745 1016 1827 sanguinis
1059 1745 1364 1808 missione
1407 1751 1473 1808 et
1517 1745 1797 1807 catharsi
1839 1745 2087 1808 iteratis
2130 1744 2310 1808 brevi
2368 1765 2436 1808 se
2486 1745 2845 1828 proripiant
2868 1769 2893 1820 3

682 1867 905 1911 eorum
941 1854 1164 1911 tamen
1214 1846 1411 1929 aliqui
1454 1845 1558 1909 via
1604 1847 1796 1929 plane
1855 1847 2105 1910 diversa
2159 1847 2487 1911 tractandi
2538 1852 2709 1925 sunt,
2762 1867 2895 1910 nee

681 1951 1126 2014 evacuationes
1170 1949 1363 2014 modo
1407 1949 1617 2014 dictae
1662 1950 2138 2034 quantumlibet
2182 1952 2514 2034 repetitae,
2561 1972 2681 2015 nec
2738 1951 2897 2034 pul-

681 2075 858 2117 veres
901 2054 1164 2118 testacei
1203 2053 1506 2135 sanguini
1541 2054 1974 2118 eduleorando
2004 2054 2330 2132 destinati,
2364 2054 2705 2138 quicquam
2734 2075 2891 2137 pro-

681 2157 947 2234 ficiunt;
992 2142 1140 2219 cuin
1170 2165 1568 2220 recrementa
1600 2157 1934 2239 quaedam,
1966 2179 2226 2241 pravam
2270 2157 2592 2221 diathesin
2628 2156 2893 2239 adepta,

679 2258 973 2322 intimius
1019 2258 1155 2321 cuti
1196 2258 1660 2341 impingantur,
1701 2281 1837 2323 non
1874 2261 2002 2323 nisi
2038 2260 2353 2324 remediis·
2374 2281 2537 2343 quae
2579 2259 2895 2340 sanguini

679 2360 881 2425 robur
908 2381 983 2424 ac
1009 2361 1139 2423 vim
1169 2361 1536 2440 conciliant,
1566 2362 1961 2445 proindeque
1990 2363 2157 2427 cutis
2189 2362 2517 2446 spiraculis
2548 2361 2895 2426 deobstru-

685 2463 869 2528 endis
927 2470 1079 2547 apta
1126 2471 1284 2529 nata
1343 2471 1517 2544 sunt,
1567 2466 1895 2529 ullatenus
1947 2464 2301 2531 amovenda
2358 2463 2891 2547 debellandaque.

381 2587 606 2635 Pmfitus
685 2566 856 2630 Cum
916 2587 1211 2630 successu
1276 2567 1493 2651 itaque
1550 2589 1686 2632 non
1751 2569 2003 2651 vulgari
2060 2574 2438 2651 sequentem
2504 2566 2897 2631 methodum

375 2652 520 2764 ἓξὲξ
539 2666 625 2699 ⁰¹¹*
683 2689 1022 2752 aggressus
1061 2690 1208 2733 sum
1249 2670 1321 2733 in
1360 2670 1617 2754 pruritu
1659 2670 1885 2750 ferino,
1930 2678 2125 2755 atque
2168 2670 2538 2734 inveteratis
2573 2668 2642 2732 id
2674 2690 2892 2751 genus

685 2773 850 2837 cutis
881 2773 1365 2857 eruptionibus:
1409 2782 1597 2854 ut,—

687 2906 888 2977 [Form.
913 2908 1032 2979 45.]
1049 2908 1072 2932 '¹
1109 2906 1173 2987 R,
1211 2910 1500 2965 Theriacae
1523 2910 1882 2964 Andromachi
1908 2910 2367 2977 semidrachmam,

1212 2996 1502 3051 Electum-ii
1525 2995 1594 3051 de
1618 2997 1735 3050 Ovo
1758 2998 2063 3067 scrupulum
2088 3015 2275 3062 unum,

1215 3082 1432 3137 Radicis
1457 3083 1821 3154 Serpentariae
1852 3083 2200 3155 Virginianae
2222 3084 2560 3139 subtilissime
2583 3084 2897 3155 pulverum

1283 3186 1450 3239 grana
1473 3169 1797 3238 quindecim,

1215 3253 1434 3325 Lapidis
1459 3255 1773 3309 Bezoardici
1798 3255 2083 3309 orientalis
2105 3273 2274 3327 grana
2296 3257 2547 3326 quinque,

1213 3358 1335 3395 cum
1360 3340 1641 3395 sufficienti
1664 3344 1959 3411 quantitate
1982 3342 2173 3413 Sympi
2198 3360 2228 3396 e
2252 3342 2544 3396 Conditura
2564 3342 2851 3396 citriorum
2874 3364 2890 3405 ;

968 3424 1092 3481 Fiat
1111 3424 1282 3491 bolus»,
1300 3427 1589 3481 sumendus
1604 3445 1761 3482 mane
1780 3438 1835 3482 et
1846 3429 1978 3483 hora
1995 3432 2165 3483 somni
2182 3448 2273 3501 pet
2291 3427 2405 3483 dies
2418 3446 2587 3485 unum
2604 3438 2659 3483 et
2674 3430 2891 3499 viginti,

965 3514 1351 3582 sapei-bibendo
1373 3515 1667 3569 cochlearia
1690 3533 1785 3569 sex
1807 3518 2074 3586 sequentis
2087 3517 2341 3594 julapii:
2313 3544 2387 3558 —-

689 3658 890 3720 [Form.
915 3663 1003 3713 45.
1011 3654 1070 3721 ]“
1111 3658 1174 3741 R,
1213 3663 1398 3731 Aquae
1422 3662 1620 3717 Cardui
1649 3664 1928 3718 Benedicti
1952 3666 2136 3729 uncias
2160 3682 2271 3729 sex,

1218 3748 1402 3816 Aquae
1429 3748 1791 3818 Epidemicae,

1221 3832 1463 3904 [Aquae]
1492 3830 1815 3889 Theriacalis
1842 3834 2165 3898 Stillatitiae,
2190 3853 2293 3890 ana
2316 3837 2503 3890 uncias
2526 3834 2674 3899 duas,

1217 3918 1409 3991 Sympi
1433 3920 1903 3993 Caryophyllorum
1926 3924 2140 4015 unciam
2164 3940 2361 3986 unam;

974 4005 1174 4070 Misce,
1209 4008 1306 4061 fiat
1317 4008 1605 4078 julapium.

787 4118 909 4203 [7.]
969 4120 1254 4203 Singulis
1305 4120 1645 4185 matutinis
1694 4129 1840 4205 post
1890 4128 2292 4206 assumptum
2341 4121 2889 4187 medicamentum

687 4221 877 4286 sudet
935 4223 1129 4287 horae
1186 4223 1381 4288 unius
1429 4224 1533 4287 vel
1584 4224 1845 4289 alterius
1904 4226 2128 4309 spatie,
2173 4225 2270 4289 vel
2328 4225 2543 4309 potius
2590 4223 2887 4308 pluribus

673 4365 685 4373 ‘
823 4376 874 4434 §5
915 4376 1043 4424 6—8
1084 4376 1260 4425 desunt
1297 4378 1349 4426 in
1387 4378 1460 4427 ed.
1498 4376 1595 4427 ¹76.
1667 4377 1742 4425 cf.
1896 4384 1920 4409 ι·
1955 4378 2031 4426 cf.
2056 4378 2247 4426 formm.
2278 4376 2520 4437 173‚174.

690 4438 894 4489 Prot-eu.
922 4442 1012 4488 [nt.
1039 4457 1078 4488 c.
1111 4442 1184 4490 12.
