3138 5006
1216 316 1481 375 INDEX
1522 314 1831 375 RERUM.
2609 320 2723 377 639

315 466 436 522 184,
473 472 800 531 symptomata
819 474 926 517 tum
945 483 1040 517 non
1063 469 1471 529 deliniuntur,ex-

311 540 451 593 cepto
487 533 686 589 vomitu,
714 535 821 591 184,
847 536 937 581 561
960 554 972 590 ,
1005 534 1084 582 die
1113 532 1191 582 6¹⁰
1221 533 1342 597 quid
1373 534 1471 592 fiat,

312 598 440 650 561,
475 596 555 645 die
587 599 666 646 9⁸⁰
693 598 800 659 jain
831 598 884 645 in
915 598 1038 646 facie
1069 606 1119 647 et
1149 600 1473 662 undequaque

310 660 600 723 disparuere,
628 665 722 710 184
743 682 754 717 ,
786 678 904 710 cum
935 666 1010 712 8'0
1031 664 1110 711 die
1139 664 1238 712 fere
1261 680 1470 713 evanue-

310 725 420 783 rint,
443 734 584 788 putat
612 726 792 789 vulgus
825 742 906 775 eos
935 727 1196 791 intropelli,
1235 731 1352 784 184,
1395 745 1468 777 re-

308 790 474 851 gimen
497 791 710 840 calidum
729 808 968 853 quaenam
984 794 1116 841 mala
1131 793 1260 841 ultro
1277 794 1470 853 inferat,

313 856 402 902 185
423 875 434 910 ,
459 855 670 903 morbilli
684 858 924 919 quomodo
937 865 1181 914 curentur,
1202 859 1470 917 185—188,

311 921 398 967 561
424 939 436 974 ,
468 936 594 968 anno
618 922 700 971 ’70
733 922 1042 983 quandonam
1071 923 1276 984 ingressi
1298 924 1396 971 sint
1423 932 1473 971 et

309 984 604 1042 recesserint,
645 986 754 1043 161,
796 987 920 1042 183,
968 987 1020 1033 1ιὶ
1063 987 1270 1035 variolas
1311 1002 1470 1037 anom.

309 1049 663 1098 constitutionis
705 1051 1034 1113 dysenteriem
1083 1052 1469 1110 introduxerunt,

315 1114 422 1169 161,
443 1115 561 1169 188;
585 1121 699 1177 post
719 1116 1053 1163 morbillorum
1067 1116 1320 1164 decessum
1339 1132 1472 1179 sym-

309 1184 528 1239 ptomata
564 1194 626 1227 ex
666 1179 1060 1227 calefacientibus
1094 1189 1222 1239 nata,
1259 1190 1310 1229 et
1345 1197 1468 1244 quo-

311 1242 456 1290 modo
477 1244 743 1301 tractanda,
772 1246 861 1293 186
885 1260 974 1307 sq.,
997 1247 1108 1293 562.

379 1306 661 1355 Mosarna
687 1322 822 1357 amu
848 1310 944 1367 74,
969 1311 1080 1367 217,
1108 1310 1215 1358 218.

375 1370 598 1421 Morbilli
629 1373 856 1431 anomali,
885 1375 1011 1429 217,
1045 1374 1160 1422 anni
1193 1373 1277 1425 ’74
1313 1374 1472 1439 specie

310 1435 500 1484 diversa
531 1438 592 1485 ab
619 1437 680 1485 iis
705 1438 822 1485 anni
844 1439 940 1494 ⁹70,
965 1439 1088 1494 217,
1130 1454 1300 1487 omnes
1327 1440 1469 1487 fami-

309 1500 416 1557 lias,
441 1516 554 1564 prae
575 1502 776 1551 caeteris
795 1502 1018 1560 infantes,
1041 1503 1322 1561 afficientes,
1346 1507 1470 1561 205,

311 1567 622 1626 quandonam
649 1567 948 1625 evanuerint,
971 1570 1082 1626 205,
1106 1570 1200 1619 217
1220 1588 1233 1624 ,
1266 1576 1472 1632 utraque

310 1630 495 1692 species
518 1630 724 1679 variolas
743 1632 908 1693 nigras
927 1632 1208 1691 inti-oiuxit,
1231 1636 1326 1681 205
1349 1653 1361 1689 ,
1395 1634 1472 1682 die

313 1696 384 1741 Ψ
415 1697 748 1759 erumpebant,
784 1697 904 1753 217,
952 1697 1100 1745 febris
1131 1706 1180 1745 et
1213 1698 1472 1762 dyspnoea,

310 1760 646 1808 recedentibus
683 1761 922 1809 morbillis
959 1762 1246 1821 accidentes,
1287 1764 1474 1839 pejores

311 1832 462 1881 erant,
501 1826 624 1880 217,
681 1825 1044 1887 periculosiores
1077 1834 1227 1884 erant,
1265 1842 1306 1874 si
1344 1828 1474 1876 male

311 1889 654 1947 tractabantur,
679 1890 771 1940 217
791 1909 802 1946 ,
827 1890 1002 1939 horum
1024 1892 1210 1941 curatio
1229 1892 1398 1939 eadem
1417 1908 1473 1941 ac

315 1953 651 2003 mor-binorum
672 1955 788 2003 anni
809 1954 906 2012 ⁹70,
932 1956 1042 2014 217,
1067 1958 1178 2004 218.

380 2017 598 2067 Morbilli
633 2018 748 2067 anni
791 2019 870 2070 ’76
909 2035 1008 2069 non
1044 2021 1164 2069 adeo
1203 2020 1472 2084 epidemici,

311 2081 508 2143 longius
549 2090 712 2132 tamen
762 2084 902 2132 solito
946 2086 1303 2148 procurrebant,
1349 2085 1474 2143 277,

315 2148 608 2196 curabantur
628 2156 684 2195 ut
704 2148 802 2205 alii,
827 2149 939 2200 277.

379 2211 594 2261 Morbus.
635 2210 708 2275 [v.
737 2215 896 2271 Acuti,
931 2212 1164 2271 chronici,
1207 2217 1472 2276 Epidewici,

314 2276 720 2339 luterem-rentem]

378 2340 583 2389 Morbus
625 2343 742 2405 quid
783 2341 864 2399 sit,
910 2343 1002 2399 26,
1061 2343 1192 2405 quod
1237 2344 1510 2392 essentiae·

313 2405 590 2454 morborum
635 2422 724 2456 nos
773 2406 970 2465 lateant,
1015 2409 1139 2463 471,
1195 2410 1474 2457 morborum

313 2477 566 2520 acutorum
605 2478 654 2520 et
692 2471 1030 2522 chronicorum
1071 2473 1356 2534 differentia,
1393 2476 1476 2532 27,

315 2537 394 2590 28,
431 2535 542 2593 427,
573 2539 698 2593 428,
746 2537 946 2600 plurimi
987 2553 1048 2586 ex
1081 2538 1294 2586 vestium
1333 2555 1474 2602 prae-

317 2607 510 2648 matura
537 2601 818 2663 abjectione,
841 2609 890 2651 et
911 2603 1073 2651 subito
1094 2604 1344 2666 refrigerio
1367 2611 1476 2668 post

315 2665 614 2723 exercitium,
638 2667 810 2714 exoriri
837 2667 1073 2724 videntur,
1097 2669 1186 2716 241
1213 2687 1225 2723 ,
1258 2669 1320 2715 ab
1343 2669 1474 2716 omni

315 2743 434 2776 aevo
478 2745 566 2778 cur
607 2731 862 2788 adfuerint,
908 2733 970 2788 9,
1027 2732 1226 2794 quidam
1273 2740 1479 2794 regnant

314 2792 448 2840 bisce
486 2795 798 2857 temporibus,
829 2795 1092 2859 aliquando
1129 2797 1265 2844 novis
1299 2798 1479 2845 cessuri

316 2859 580 2920 speciebus,
603 2862 727 2914 225,
780 2862 842 2909 ad
874 2867 1029 2909 certas
1061 2861 1258 2924 species,
1281 2861 1364 2910 ubi
1396 2877 1475 2910 eo-

315 2937 426 2970 rum
447 2925 680 2972 tradenda
699 2925 910 2982 historia,
933 2941 1082 2988 quare
1103 2926 1373 2984 revocandi,
1401 2929 1476 2984 10,

321 2989 374 3036 11
397 3007 408 3043 ,
444 2989 718 3051 complures
749 2991 841 3038 sub
871 2991 1042 3038 eodem
1074 2990 1216 3038 titulo
1248 2990 1478 3039 dissimil-

315 3051 436 3102 lima
474 3061 588 3101 sunt
621 3054 796 3111 indole,
825 3056 911 3110 11,
961 3055 1085 3103 facie
1113 3071 1254 3118 saepe
1273 3055 1476 3113 variant,

315 3132 400 3178 pro
422 3117 556 3165 vario
573 3119 845 3167 medicandi
865 3134 1107 3182 processu,
1135 3122 1221 3176 12,
1257 3121 1480 3168 nonnulli

315 3189 432 3230 aunt
471 3183 692 3231 omnium
736 3183 980 3241 horarum,
1021 3192 1326 3248 tempestates
1363 3185 1478 3233 anni

315 3246 400 3294 alii
430 3254 712 3309 sequuntur,
751 3251 838 3305 12,
876 3252 1044 3309 flentes
1076 3250 1278 3313 quinam
1310 3249 1474 3297 dican-

315 3317 394 3358 tur
431 3312 649 3371 Auctori,
689 3315 810 3369 259,
863 3314 1021 3362 morbi
1054 3314 1336 3373 infantium,
1365 3317 1477 3372 503,

315 3377 434 3431 504,
459 3378 738 3426 morborum
755 3385 928 3426 natura
943 3379 1074 3427 unde
1091 3379 1332 3438 discenda,
1353 3381 1476 3435 4653

317 3442 596 3490 morborum
649 3459 820 3492 causas
861 3443 1112 3504 generales
1160 3444 1298 3492 binas
1341 3451 1480 3508 putat

316 3505 518 3564 Auctor,
534 3507 625 3562 26,
661 3508 934 3556 curationes
955 3509 1017 3556 ad
1035 3509 1166 3570 quod
1183 3508 1476 3572 dirigendae,

316 3569 448 3626 471,
505 3571 730 3621 historiae
777 3573 839 3620 ab
885 3573 1162 3621 auctoribus
1209 3589 1270 3622 ex
1320 3575 1476 3636 hypo-

313 3633 516 3682 theses-m
533 3637 725 3685 officina
745 3637 1066 3694 deducuntur,
1081 3638 1200 3694 307,
1225 3647 1478 3686 acutorum

316 3698 514 3747 historia
529 3716 678 3762 quare
700 3701 762 3749 ab
778 3717 877 3750 uno
893 3702 1104 3758 homine,
1121 3702 1274 3752 immo
1293 3703 1478 3762 decem,

315 3778 416 3811 non
445 3763 590 3812 facile
617 3765 850 3824 tradatur,
875 3768 998 3821 306,
1033 3767 1380 3829 phaenomena,
1417 3783 1480 3815 an

318 3843 349 3875 a
383 3828 586 3876 curandi
617 3830 858 3886 methodo,
881 3847 944 3878 an
976 3846 1006 3878 a
1037 3832 1204 3880 morbo
1234 3831 1341 3894 ipso
1370 3847 1478 3895 per-

316 3893 630 3942 scrutandum
683 3901 772 3952 est,
823 3895 946 3950 297,
1003 3896 1188 3957 species
1241 3897 1484 3958 quaelibet

317 3957 593 4006 affectiones
614 3958 706 4006 sibi
727 3959 944 4022 proprias
964 3959 1174 4017 sortitur,
1193 3961 1314 4016 100,
1350 3976 1478 4009 mor-

317 4022 410 4070 bus
442 4022 689 4084 quodnam
724 4023 940 4072 Naturae
978 4039 1214 4072 conamen
1249 4026 1310 4074 ab
1343 4025 1480 4074 Auc-

318 4093 424 4136 tore
463 4094 688 4150 ponatur,
730 4089 807 4145 26,
848 4089 928 4145 27,
973 4092 1055 4146 40,
1091 4090 1186 4146 41,
1239 4091 1483 4152 quomodo

318 4153 636 4215 detegendus,
669 4159 723 4200 ut
755 4153 818 4201 ad
851 4169 992 4201 suam
1024 4153 1261 4202 familiam
1295 4155 1480 4217 relege-

318 4223 412 4274 tur,
450 4219 573 4274 260,
613 4217 777 4267 indole
809 4233 951 4281 saepe
983 4218 1181 4267 omnino
1212 4219 1484 4279 invertitur,

317 4281 447 4330 ultra
469 4289 756 4330 consuetum
781 4298 982 4340 morem,
1007 4283 1138 4332 mala
1155 4285 1380 4332 medendi
1402 4299 1479 4332 ra-

317 4346 448 4394 tione
469 4346 711 4404 instituta,
732 4349 811 4396 96.

383 4411 524 4460 Mors
556 4412 608 4460 in
641 4410 834 4460 variolis
866 4411 1008 4460 confi.
1039 4413 1328 4477 plerumque
1368 4416 1485 4462 ΠΜ

319 4475 396 4523 die
429 4477 684 4539 contingit,
725 4477 840 4532 127,
883 4479 936 4525 in
975 4478 1174 4526 variolis
1207 4479 1350 4527 discr.
1375 4479 1480 4541 ple-

319 4555 528 4604 rumque
550 4542 628 4590 die
651 4543 742 4600 8'0,
771 4543 876 4590 126.

1628 470 1821 517 Moasu
1848 467 1983 532 (Dr.)
2010 469 2180 519 Carus
2205 469 2427 528 Rssmr,
2447 471 2558 520 603.

1623 534 1794 582 Motus
1826 535 2083 583 violentior
2116 536 2168 582 in
2201 536 2501 598 gonorrhoea
2524 534 2719 584 inflam-

1555 600 1786 647 mationis
1806 600 1955 647 scroti
1976 614 2119 662 saepe
2138 614 2303 659 causa,
2325 602 2436 648 311.

1624 664 1803 712 Moxae
1836 664 2106 713 combustio
2138 664 2189 711 in
2226 665 2455 727 podagra,
2486 665 2612 719 448,
2670 664 2723 712 in

1557 728 1769 791 podagra
1802 728 2067 777 inveterata
2097 728 2283 777 nullius
2315 736 2389 777 est
2421 744 2557 785 usus,
2591 730 2719 784 449,

1556 794 1687 855 quod
1734 794 2057 857 Hippocrates
2100 793 2371 841 inustiones
2416 794 2518 841 lino
2558 794 2721 852 crudo,

1557 856 1665 905 loco
1686 872 1877 915 moxae,
1896 858 2219 921 usurpaverit,
2237 860 2353 916 448,
2376 861 2487 908 449.

1625 922 1947 971 Mulierculae
1976 923 2153 971 sciolae
2172 930 2327 972 artem
2350 938 2498 985 quam
2526 938 2624 969 non
2644 922 2721 969 di-

1557 986 1733 1045 dicere,
1755 988 1807 1035 in
1830 988 2087 1036 hominum
2112 988 2394 1050 perniciem,
2416 1002 2561 1049 saepe
2582 1002 2719 1035 exer-

1557 1058 1684 1108 cent,
1714 1054 1821 1100 140.
1844 1053 1904 1101 cf.
1932 1055 2041 1110 143,
2062 1054 2176 1108 399,
2198 1054 2310 1100 400.

1567 1164 1579 1174 ,
1624 1116 1674 1163 Ν
1677 1117 1885 1165 arcotica
1907 1114 1953 1164 <ri
2016 1124 2096 1163 nte
2118 1117 2251 1165 febre
2278 1118 2461 1174 obesse,
2484 1123 2537 1165 at
2556 1116 2608 1165 in
2632 1116 2717 1164 de·

1557 1180 1817 1229 clinatione
1850 1196 1960 1229 mor
1988 1182 2007 1229 i
2040 1182 2311 1243 praeclaros
2344 1182 2545 1231 effectus
2566 1182 2720 1239 edere,

1561 1246 1639 1302 56,
1664 1245 1742 1296 57.
1768 1244 1839 1309 [v.
1862 1249 2044 1307 opium,
2068 1246 2395 1309 pangoria]

1624 1311 1815 1359 Natum
1836 1310 2167 1373 Sydenhamio
2186 1310 2301 1373 quid
2326 1311 2587 1367 habeatur,
2600 1309 2691 1361 117
2709 1329 2721 1365 3

1557 1375 1893 1437 generationes
1926 1390 2091 1423 rerum
2124 1375 2407 1423 certissimis
2440 1375 2621 1437 ubique
2650 1374 2723 1422 le-

1559 1438 1721 1501 gibus,
1740 1448 1789 1487 et
1814 1440 2017 1487 artificio
2050 1440 2140 1487 sibi
2176 1439 2268 1487 soli
2298 1438 2563 1497 intellecto,
2584 1453 2726 1487 exse-

1560 1503 1744 1565 quitur,
1785 1506 1847 1553 99
1868 1524 1880 1561 ,
1938 1519 2035 1567 quo
2074 1504 2361 1567 profundius
2404 1504 2726 1561 examinatur,

1560 1584 1619 1615 eo
1640 1568 1799 1631 magis
1830 1570 1938 1632 ejus
1968 1570 2144 1631 ingens
2175 1569 2400 1626 varietas,
2420 1576 2471 1616 et
2504 1568 2725 1616 divinum

1561 1633 1899 1695 operationum
1921 1634 2182 1681 artificium
2204 1634 2586 1697 conspiciuntur,
2604 1634 2723 1688 169,

1561 1698 1615 1744 in
1652 1697 2011 1761 operationibus
2048 1698 2149 1745 suis
2188 1698 2410 1746 subtilior
2444 1713 2593 1759 quam
2632 1712 2727 1755 ars,

1563 1764 1689 1817 296,
1722 1764 1829 1825 ejus
1862 1763 2037 1812 modus
2070 1762 2299 1827 operandi
2332 1777 2523 1825 semper
2544 1762 2727 1821 latebit,

1563 1828 1686 1883 363,
1723 1834 1891 1876 noctes
1920 1836 2067 1889 atque
2100 1828 2203 1876 dies
2236 1827 2413 1875 nostris
2434 1827 2579 1874 rebus
2598 1826 2725 1874 invi-

1562 1890 1687 1954 gilat
1716 1892 2043 1955 consulitque,
2072 1893 2195 1947 473,
2232 1892 2415 1956 optima
2446 1891 2727 1939 morborum

1563 1956 1866 2015 medicatrix,
1905 1959 1993 2012 14,
2048 1956 2101 2003 in
2144 1956 2325 2004 morbis
2360 1956 2589 2004 sanandis
2632 1955 2724 2004 ali-

1563 2022 1759 2083 quando
1778 2022 2085 2085 paucissimis
2117 2022 2197 2070 vel
2219 2020 2369 2069 nullis
2401 2021 2627 2068 remediis
2648 2021 2727 2067 in-

1565 2085 1715 2148 diget,
1734 2088 1819 2142 14,
1854 2088 1907 2133 in
1926 2086 2083 2133 morbi
2102 2102 2250 2134 causa
2264 2085 2567 2149 expellenda,
2587 2100 2729 2147 saepe

1563 2150 1718 2197 invita
1737 2151 1787 2198 in
1808 2151 2130 2199 aberrationcs
2151 2150 2397 2209 dilabitur,
2422 2152 2509 2205 18,
2544 2150 2597 2197 in
2614 2165 2729 2198 acu·

1563 2214 1628 2261 tis
1650 2216 1831 2264 morbis
1853 2216 2173 2279 producendis
2197 2231 2344 2278 quam
2369 2215 2433 2263 sit
2451 2214 2729 2277 multiplex,

1563 2277 1764 2337 incerta,
1784 2286 1833 2327 et
1851 2280 2075 2337 delicata,
2098 2282 2217 2335 306,
2254 2280 2304 2327 in
2326 2279 2566 2327 chronicis
2597 2294 2726 2326 mor-

1563 2344 1639 2391 bis
1660 2360 1759 2392 non
1789 2345 1937 2393 habet
1966 2344 2250 2393 methodum
2270 2344 2515 2393 efficacem
2538 2344 2600 2391 ad
2622 2359 2727 2391 ma-

1565 2409 1735 2457 teriam
1752 2410 2041 2472 ejiciendam
2055 2410 2374 2467 morbificam,
2393 2410 2475 2463 18,
2500 2409 2729 2457 methodo

1564 2474 1775 2536 quadam
1796 2481 1928 2523 certa
1943 2482 2087 2538 atque
2106 2474 2271 2523 ordine
2294 2472 2615 2538 progreditur,
2636 2475 2727 2530 70,

1564 2541 1905 2668 ἱξῖἵῖἳξῗέἒέ
1916 2539 2731 2667 fflss‘ffiffltssffpzffiffi

1564 2675 1655 2716 etc.
1690 2669 1934 2726 excludat,
1955 2672 2049 2725 26,
2104 2685 2207 2732 quo
2233 2683 2435 2718 munere
2468 2683 2600 2716 nunc
2627 2675 2729 2716 tar-

1565 2733 1693 2790 dius,
1712 2749 1845 2782 nunc
1864 2734 2073 2782 celerius
2092 2733 2334 2796 fungitur,
2354 2747 2443 2796 pro
2462 2732 2612 2791 varia,
2633 2748 2731 2795 qua

1564 2798 1735 2856 utitur,
1766 2798 2013 2856 methodo,
2050 2799 2145 2853 27,
2202 2797 2571 2860 particularum,
2608 2812 2730 2859 quas

1564 2862 1716 2908 semel
1738 2877 1993 2910 excernere
2020 2862 2070 2910 in
2103 2863 2317 2911 febribus
2334 2861 2492 2924 coepit
2514 2862 2731 2923 sanguis,

1565 2927 1861 2975 consortium
1894 2942 1984 2975 cur
2014 2927 2227 2990 amplius
2246 2927 2371 2974 ferre
2392 2933 2617 2988 nequeat,
2636 2929 2730 2982 42,

1564 2999 1746 3052 quanto
1776 2992 1829 3040 in
1864 2992 2020 3054 spatio
2051 2999 2281 3054 repurgat
2304 2990 2421 3052 (sibi
2452 2990 2726 3052 per-inissa)

1563 3055 1617 3102 in
1636 3055 1849 3104 febribus
1871 3056 2049 3105 contin.
2072 3072 2223 3119 aeque
2243 3072 2299 3103 ac
2322 3055 2572 3103 intermitt.
2594 3071 2726 3102 mas·

1563 3136 1669 3168 sam
1684 3121 2020 3183 sanguineam,
2033 3121 2123 3176 78,
2158 3121 2209 3168 in
2224 3121 2503 3168 morborum
2524 3119 2728 3182 epidem.

1563 3185 1874 3247 generatione
1896 3186 2139 3248 quomodo
2168 3185 2325 3242 ludat,
2350 3186 2467 3240 119,
2504 3193 2553 3231 et
2572 3184 2625 3230 in
2646 3200 2729 3232 eo-

1564 3265 1677 3297 rum
1715 3249 2028 3313 productione
2068 3250 2279 3312 quodam
2320 3248 2523 3296 artificio
2552 3249 2727 3296 trium-

1565 3315 1703 3377 phat,
1727 3315 1845 3370 179,
1879 3315 1932 3363 in
1955 3315 2169 3363 febribus
2188 3313 2442 3363 intermitt.
2462 3319 2683 3361 autumn.
2702 3329 2731 3360 a

1565 3379 1763 3427 Medico
1794 3379 2106 3438 sublevanda,
2126 3382 2218 3435 84,
2252 3380 2305 3427 in
2334 3378 2549 3427 febribus
2578 3378 2727 3425 inter-

1565 3444 1692 3491 mitt.
1730 3444 1843 3507 plus
1886 3445 2114 3493 festinare
2150 3451 2199 3493 et
2240 3451 2459 3507 tempora
2498 3443 2729 3491 materiae

1565 3508 1721 3557 morbi
1742 3509 2037 3572 subigendae
2059 3509 2201 3558 citius
2226 3523 2377 3572 quam
2406 3507 2459 3555 in
2486 3506 2595 3556 aliis
2618 3523 2726 3570 per-

1565 3589 1759 3622 currere
1788 3574 1997 3632 videtur,
2020 3575 2143 3630 298,
2178 3590 2266 3638 per
2290 3573 2519 3622 corticem
2551 3573 2726 3620 Peruv.

1567 3655 1664 3701 quo
1696 3639 1861 3687 minus
1890 3639 2145 3687 materiam
2178 3639 2416 3696 febrilem,
2450 3637 2730 3701 paroxysmi

1566 3704 1753 3766 impetu
1789 3704 2025 3762 eliminet,
2068 3705 2377 3766 quandonam
2421 3702 2728 3765 impediatur,

1569 3771 1692 3824 283,
1727 3769 1780 3816 in
1800 3769 1997 3817 variolis
2025 3783 2111 3832 per
2134 3784 2185 3816 se
2214 3767 2427 3816 maxime
2445 3766 2576 3814 valet
2597 3781 2727 3813 mor-

1568 3833 1686 3880 bum
1714 3849 1803 3880 sua
1832 3833 1912 3880 via
1940 3833 2199 3896 expellere,
2232 3835 2341 3890 131,
2374 3832 2494 3885 132,
2530 3831 2733 3879 morbus

1559 3897 1788 3958 ,Naturae
1810 3913 2046 3945 conamen
2068 3912 2120 3944 m
2142 3897 2276 3960 aegri
2298 3896 2525 3951 salutem,
2542 3895 2623 3953 26,
2638 3894 2698 3945 27
2716 3914 2728 3949 ,

1567 3962 1675 4024 ejus
1705 3963 1911 4010 ductum
1942 3963 1992 4009 in
2016 3962 2197 4010 morbis
2224 3959 2467 4016 curandis,
2488 3964 2540 4006 at
2570 3959 2728 4006 neuti-

1569 4042 1719 4088 quam
1748 4027 1801 4073 in
1830 4033 1982 4089 peste,
2000 4027 2138 4088 sequi
2168 4026 2311 4073 debet
2340 4023 2580 4079 Medicus,
2605 4025 2729 4080 105,

1568 4091 1677 4153 ejus
1694 4091 1916 4147 intentio,
1930 4105 2030 4153 qua
2046 4091 2239 4138 morbos
2258 4089 2443 4138 solvere
2464 4088 2616 4151 cupit,
2632 4104 2736 4136 non.

1569 4156 1667 4203 alia
1694 4155 1919 4204 medendi
1950 4155 2135 4202 ratione
2164 4153 2462 4208 invertenda,
2498 4154 2587 4209 96,
2624 4154 2731 4214 ejus

1564 4219 1763 4282 judicia,
1780 4235 1943 4268 rerum
1962 4219 2151 4268 veritati
2171 4223 2515 4282 superstructa,
2536 4233 2633 4264 non
2652 4218 2731 4264 ni-

1569 4285 1611 4332 si
1634 4300 1748 4332 cum
1782 4285 1887 4347 ipsa
1920 4284 2111 4332 Natura
2129 4283 2435 4340 intercident,
2456 4283 2551 4330 465
2570 4301 2583 4338 ,
2627 4298 2729 4330 me-

1569 4349 1761 4406 thodus,
1794 4363 1939 4412 quarn
1970 4349 2032 4396 ad
2064 4350 2343 4396 morborum
2372 4346 2733 4424 generationem

1569 4413 1781 4471 adhibet,
1794 4413 2030 4462 hactenus
2047 4430 2078 4462 a
2097 4413 2291 4461 nemine
2305 4423 2421 4460 saus
2438 4412 2733 4460 observando

1567 4487 1641 4526 est
1662 4486 1897 4534 assecuta,
1920 4480 2011 4534 35,
2051 4477 2269 4526 Naturae
2292 4479 2341 4525 in
2365 4475 2581 4525 curando
2602 4477 2731 4524 mul-

1569 4551 1679 4591 tum
1710 4543 2099 4607 relinquendum,
2129 4545 2237 4603 131,
2263 4545 2385 4598 214,
2421 4542 2530 4604 ejus
2551 4541 2603 4588 in
2626 4557 2728 4590 me-
