3138 5006
719 281 848 346 322
1345 277 1739 342 THOMAE
1790 276 2307 342 SYDENHAM

445 463 530 512 Dr:
555 462 672 510 Lus
723 448 860 506 arte
887 439 1056 518 freti,
1087 440 1386 504 mercurii
1413 439 1714 522 reliquias
1750 459 1866 522 per
1892 439 2221 503 catharsin
2252 437 2571 522 expellere
2602 457 2933 516 conamur,

413 529 458 574 V

463 541 694 576 suanm.
721 565 870 608 cum
914 543 1264 628 genuinam
1302 543 1478 606 illam
1517 563 1593 606 ac
1634 563 1835 625 prope
1873 542 2137 608 unicam
2172 541 2555 606 methodum
2608 541 2755 624 (per
2798 539 2935 603 sali·

722 646 1045 712 vationem
1079 644 1361 728 scilicet,)
1407 667 1534 728 qua
1567 644 1827 708 Natura
1859 643 1929 708 id
1966 645 2211 708 efficere
2246 643 2407 708 solet
2442 665 2519 708 ac
2554 643 2781 721 debet,
2810 663 2935 706 non

725 749 934 814 solum
971 748 1392 831 negligamus,
1431 747 1542 810 sed
1583 747 1781 812 etiam
1818 745 2244 830 impediamus
2258 747 2289 810 ¹?
2384 745 2797 829 Hujusmodi
2834 766 2935 808 au-

723 860 859 916 tem
901 850 1432 914 hallucinationes
1475 848 1763 912 minimis
1813 849 1957 913 istis
1998 850 2267 912 rationis
2312 849 2683 912 scintillulis
2728 848 2935 931 impu-

725 953 960 1017 tandae
996 959 1169 1032 sunt,
1203 951 1434 1036 quibus
1467 973 1588 1014 nos
1620 951 1839 1015 miseri
1878 951 2180 1015 mortales
2218 957 2479 1014 tantum
2516 950 2828 1034 praediti,
2862 950 2937 1013 ad

727 1055 1062 1121 veritatem
1081 1055 1154 1118 in
1181 1055 1502 1138 profundo
1517 1063 1542 1092 ²
1574 1054 1931 1118 demersam
1952 1075 2088 1117 non
2114 1059 2547 1138 penetrante-⁴1,
2581 1052 2939 1135 quamlibet

729 1159 868 1241 ejus
925 1157 1222 1220 umbram
1274 1163 1339 1220 et
1398 1156 1675 1239 speciem
1728 1157 2191 1239 amplectimur,
2240 1177 2365 1237 pro
2408 1157 2655 1218 Iunone
2675 1153 2702 1191 f
2748 1155 2940 1238 (quod

727 1263 956 1346 aiunt‚)
1013 1269 1333 1344 captantes
1381 1261 1636 1336 nubem;
1702 1283 1853 1325 mox
1911 1261 2223 1344 colloquia
2272 1261 2638 1340 miscentes,
2680 1263 2939 1345 praeju-

729 1363 897 1426 dicia
939 1363 1104 1427 male
1155 1363 1425 1426 fundata
1464 1362 1560 1427 ita
1608 1362 1867 1447 penitus
1916 1362 2103 1426 nobis
2146 1363 2421 1427 invicem
2464 1364 2832 1446 infigimus,
2868 1373 2939 1428 ut

729 1465 998 1530 tandem
1051 1466 1503 1550 phantasmata
1559 1475 1783 1532 nostra
1840 1473 1905 1531 et
1972 1466 2387 1532 delirantium
2442 1467 2783 1531 insomnia
2828 1489 2941 1550 pro

729 1570 1060 1654 principiis
1083 1570 1451 1655 apodicticis
1467 1583 1502 1629 ε
1528 1570 1753 1636 haberi
1780 1570 2083 1634 velimus:
2130 1570 2314 1654 cujus
2344 1570 2673 1654 specimen
2698 1570 2801 1652 (ni
2828 1571 2941 1634 fal-

729 1671 872 1755 lor,)
906 1694 1060 1757 prae
1086 1674 1386 1739 manibus
1415 1676 1604 1740 nobis
1633 1684 1751 1742 est.

830 1777 994 1861 [31.]
1052 1778 1362 1844 Quamvis
1392 1787 1613 1845 autem
1646 1781 1719 1844 in
1746 1780 2067 1864 plerisque
2097 1780 2345 1844 curatio
2372 1777 2567 1843 modo
2589 1778 2739 1862 jam
2772 1777 2941 1844 dicto

733 1879 1115 1961 absolvatur,
1152 1882 1466 1964 (videlicet
1493 1883 1874 1949 inunctione
1902 1905 2016 1968 per
2042 1891 2175 1948 tres
2218 1889 2441 1947 noctes
2468 1881 2852 1960 continuas,
2880 1890 2943 1946 et

731 1983 1017 2049 exhibito
1061 1983 1316 2050 turbith
1351 1987 1668 2066 minerali,
1698 1987 2043 2071 ptyalismo
2058 1984 2089 2023 ¹¹
2119 1983 2296 2049 haud
2340 1985 2466 2047 rite
2514 1983 2941 2066 procedente,

729 2085 1049 2150 mercurio
1075 2086 1235 2150 item
1265 2086 1437 2151 dulci
1465 2087 1550 2151 ad
1571 2087 1735 2151 vices
1765 2088 2029 2170 aliquot,
2054 2085 2305 2151 eodem*
2326 2087 2507 2170 justo
2534 2085 2737 2149 citius
2758 2086 2943 2152 fatis-

731 2189 962 2270 cente,)
991 2190 1155 2254 serio
1183 2197 1406 2253 tamen
1435 2188 2077 2254 animadvertendum
2102 2195 2222 2267 est,
2244 2187 2316 2251 in
2346 2186 2741 2270 quibusdam
2758 2207 2945 2271 repe-

729 2290 845 2354 riri
871 2289 1415 2375 idiosyncrasiam,
1447 2293 1577 2358 sive
1606 2297 2191 2375 temperamentum
2221 2287 2545 2372 quoddam
2586 2287 2947 2371 peculiare,

729 2398 867 2454 tam
927 2391 1312 2457 salivationis
1361 2402 1661 2478 respectu
1720 2415 1913 2478 quam
1960 2391 2389 2476 purgationis,
2439 2392 2659 2473 (atque
2711 2389 2947 2454 eadem

727 2491 1108 2577 plerumque
1151 2494 1223 2559 in
1265 2495 1513 2575 iisdem,
1548 2503 1628 2561 ut
1672 2497 1785 2580 qui
1828 2518 2017 2581 aegre
2059 2501 2445 2580 purgantur,
2490 2516 2685 2579 aegre
2740 2495 2947 2559 etiam

730 2594 814 2659 ad
851 2596 1268 2680 ptyalismum
1306 2599 1789 2683 perducuntur,)
1838 2601 1933 2664 ita
1981 2605 2058 2662 ut
2094 2600 2167 2663 in
2216 2597 2547 2664 nonnullis
2584 2597 2949 2662 methodus

729 2696 992 2765 laudata
1018 2699 1123 2763 vix
1159 2700 1562 2783 gingivarum
1600 2702 2141 2766 exulcerationem
2184 2707 2379 2784 queat
2422 2700 2695 2779 efficere,
2724 2701 2951 2766 multo

729 2797 947 2864 minus
1007 2801 1446 2866 salivationem
1497 2825 1643 2867 eam
1690 2824 2035 2887 procurare
2094 2824 2259 2885 quae
2314 2803 2488 2867 malo
2542 2802 2951 2868 eradicando

423 2920 602 2969 Cautio
622 2936 684 2968 ne
729 2924 848 2987 par
875 2903 979 2969 sit.
1069 2904 1154 2968 In
1191 2905 1561 2991 hujusmodi
1602 2906 1810 2988 aegris
1840 2906 2099 2970 Medico
2139 2926 2541 2989 summopere
2570 2905 2949 2969 cavendum

424 2985 645 3034 salivatio

423 3049 658 3112 importu-

731 3013 830 3071 est
889 3028 974 3072 ne
1017 3008 1234 3071 animo
1284 3009 1562 3072 nimium
1618 3008 1946 3073 obstinato
2000 3008 2437 3072 salivationem
2492 3007 2951 3090 importunius

420 3114 709 3176 niusurgea-
732 3114 979 3190 urgeat,
1021 3109 1467 3174 recalcitrante
1518 3110 1795 3189 Natura,
1829 3117 2023 3193 atque
2068 3110 2150 3174 ab
2184 3109 2311 3173 isto
2349 3109 2792 3174 evacuationis
2836 3132 2950 3193 ge-

424 3184 506 3224 tur
517 3175 708 3229 obem

421 3240 678 3305 annm,
731 3229 886 3272 nere
913 3230 1173 3292 prorsus
1212 3209 1634 3277 abhorrente:
1681 3212 1854 3296 quod
1884 3213 1994 3297 qui
2031 3214 2248 3277 minus
2281 3214 2677 3291 intellexere,
2708 3234 2952 3297 aegros

421 3302 616 3363 τοῦσης.

729 3310 909 3375 haud
963 3332 1199 3394 paucos
1256 3312 1432 3376 letho
1499 3313 1839 3378 dederunt.
1958 3314 2223 3377 Etenim
2278 3313 2351 3377 in
2408 3313 2790 3397 corporibus
2854 3316 2953 3379 ita

731 3412 936 3493 factis,
987 3413 1492 3498 quotiescunque
1560 3416 2049 3495 medicamenta,
2112 3417 2242 3479 sive
2298 3422 2568 3479 externa
2620 3416 2739 3480 illa
2802 3417 2951 3481 fue-

729 3514 885 3593 rint,
919 3515 1045 3581 sive
1073 3504 1351 3597 interna,
1381 3516 1799 3601 pertinaciter
1825 3516 2338 3600 ingeminaveris,
2368 3517 2509 3581 loco
2538 3516 2952 3583 salivationis

732 3616 1050 3699 perfectae
1088 3619 1184 3682 nil
1211 3627 1464 3702 praeter
1495 3620 1741 3685 ventris
1780 3621 2060 3684 tormina
2088 3628 2155 3684 et
2200 3619 2587 3704 dejectiones
2626 3619 2951 3705 dysente-

731 3717 896 3783 ricas
947 3718 1288 3800 obtinebis,
1339 3721 1600 3785 Natura
1645 3742 1763 3805 per
1811 3721 1979 3789 hanc
2029 3729 2284 3805 portam
2328 3721 2715 3807 hydram-gyri
2760 3725 2955 3789 virus

731 3817 1113 3898 amoliente3
1159 3821 1258 3885 vel
1316 3821 1564 3885 dolores
1620 3822 1964 3889 ventriculi
2020 3831 2087 3888 et
2146 3824 2603 3907 aegritudines,
2664 3825 2955 3892 sudores

729 3917 1014 4001 frigidos,
1045 3919 1493 4005 horrendaque
1524 3922 1651 3986 alia
1678 3932 2128 4007 symptomata,
2160 3948 2461 4006 accerses,
2493 3926 2588 3991 ita
2624 3936 2707 3992 ut
2740 3950 2955 4013 aeger

729 4026 990 4085 tantum
1047 4042 1182 4085 non
1239 4030 1390 4105 agat
1438 4025 1741 4105 animam,
1790 4026 1957 4093 forte
2016 4028 2213 4093 etiam
2268 4051 2421 4095 mox
2464 4051 2610 4095 eam
2658 4041 2955 4099 evomat.

794 4210 826 4281 ⁸·
847 4208 975 4251 verit.
1013 4208 1060 4252 in
1087 4204 1209 4267 prof:
1235 4209 1452 4273 ἄρωσι-3.]
1480 4210 1554 4259 cf.
1584 4213 1783 4261 Dis-tert.
1937 4228 1962 4259 κ
1994 4214 2219 4279 epatica]
2256 4216 2287 4263 i.
2312 4232 2351 4265 e.
2380 4214 2725 4277 ἃποδεικτικός,
2752 4222 2957 4269 demn-

729 4268 881 4359 Ep'tst.
904 4268 932 4325 ἓ
960 4268 1047 4323 17;
1088 4270 1240 4320 Tract.
1265 4274 1307 4319 1.
1333 4275 1358 4333 ξ
1380 4272 1456 4323 71.
1872 4284 2105 4329 etr-ativae.

835 4347 922 4391 pro
959 4334 1136 4381 Iunone
1180 4345 1415 4397 captantes
1471 4340 1656 4403 nubem]
1706 4341 1782 4389 Cf.
1938 4339 1961 4373 ¹¹
1988 4343 2414 4408 mycale-proed]
2460 4363 2631 4395 aurora
2676 4352 2775 4395 ista
2820 4366 2957 4412 quae

733 4395 914 4469 oasam.
959 4396 1098 4473 Mefi-
1133 4414 1177 4446 v.
1221 4402 1262 4449 5.
1315 4401 1390 4452 17.
1437 4402 1675 4452 Fabulam
1720 4405 1779 4453 de
1868 4416 2143 4467 postremam
2164 4414 2334 4470 excipit
2356 4410 2431 4458 ed.
2457 4412 2551 4459 ’80.

731 4456 757 4505 1
763 4473 1000 4506 eeeeeeee
1003 4468 1134 4522 picit.
1932 4468 1943 4501 ¹
1977 4475 2350 4537 eodem—citius]
2374 4478 2624 4538 ptyaln'sno
2646 4475 2720 4523 ed.
2746 4480 2851 4526 ³80.
