3138 5006
934 299 951 302 “
1023 289 1551 358 ΤΒΑΟΤΑΤῘῙΒ
1598 289 1696 355 11.
1829 293 1836 302 '
2327 291 2454 356 475

18 479 45 522 ι
252 470 445 532 quam
470 448 647 515 bona
686 450 815 516 fide
842 451 1086 515 fuerint
1114 451 1413 530 traditae,
1444 448 1621 515 haud
1652 449 1842 516 aliter
1869 450 2047 530 sciet,
2080 451 2359 535 quamsi
2387 451 2458 516 in
2515 465 2602 514 De
2627 465 2739 512 Ητ-

18 561 45 644 ὴμ
251 572 471 615 earum
513 553 697 636 praxi
735 553 933 618 fuerit
972 561 1285 634 versatus,
1330 574 1407 618 ac
1440 553 1712 639 perinde
1755 553 1830 618 in
1876 554 2271 619 observando
2315 553 2456 618 dili·
2537 543 2730 578 ηοω

18 687 45 728 ι
245 676 407 737 gens
442 677 517 720 ac
555 657 843 721 cin-iosus
884 657 1245 741 explorator
1288 663 1483 740 atque
1528 678 1650 740 ego
1689 657 1866 740 prius
1904 657 2176 722 fueram.
2265 658 2358 726 At
2403 659 2458 722 si

248 758 317 822 in
346 759 565 843 paucis
590 759 671 823 iis
701 781 865 844 quae
894 760 1135 844 scripsi,
1160 760 1503 839 Naturam,
1525 781 1633 824 me
1662 761 1846 846 quasi
1864 782 2070 825 manu
2091 761 2456 844 ducentem,

18 897 43 939 t
249 862 513 927 omnino
564 871 825 927 secutus
876 863 1130 941 fuerim,
1176 863 1421 927 nullius
1458 884 1751 947 unquam
1790 863 2070 928 hominis
2121 863 2457 948 (quantus-

18 1003 31 1044 ,
249 985 503 1048 cunque
536 965 591 1028 is
631 965 895 1030 demum
935 965 1063 1049 sit,)
1099 965 1582 1050 opinationibus
1626 986 1732 1030 me
1777 965 2101 1045 addicens,
2132 988 2250 1050 pro
2279 973 2457 1032 certo

22 1107 41 1148 ι
246 1065 450 1130 habeo
481 1067 819 1152 sapientes,
852 1075 1171 1152 quotquot
1200 1075 1373 1147 sunt,
1404 1067 1666 1132 veniam·
1696 1068 1858 1132 mihi
1889 1069 2119 1133 saltem
2149 1069 2455 1148 datm-033

18 1213 41 1255 ¹
249 1190 407 1253 quos
430 1177 495 1234 et
522 1171 723 1234 latere
750 1192 887 1235 non
914 1177 1148 1256 potest,
1180 1171 1309 1235 duo
1340 1191 1477 1234 esse
1506 1171 1852 1236 hominum
1883 1193 2138 1255 genera,
2171 1173 2283 1257 qui
2310 1193 2456 1257 pro-

18 1321 33 1364 ι
247 1272 490 1336 fectum
536 1295 797 1339 omnem
842 1274 915 1338 in
958 1275 1123 1338 Arte
1168 1273 1431 1338 Medica
1474 1295 1554 1336 ex
1597 1295 1802 1357 aequo
1853 1274 2200 1360 prohibent
2245 1276 2456 1340 suffla-

248 1375 647 1458 minantque.
749 1373 917 1462 [44]
984 1376 1279 1440 Primum
1336 1376 1385 1440 ii
1444 1384 1623 1456 sunt,
1685 1377 1816 1461 qui,
1879 1377 2138 1441 nullum
2194 1393 2458 1461 prorsus

248 1477 611 1560 symbolum
654 1477 738 1543 ad
781 1499 925 1542 eam
955 1500 1151 1563 quam
1187 1480 1580 1564 profitentur
1609 1481 1846 1544 Artem
1891 1479 2308 1546 excolendam
2335 1481 2462 1564 ipsi

247 1581 669 1660 conferentes,
698 1581 828 1644 illis
868 1589 1253 1647 succensent
1298 1583 1413 1666 qui
1453 1583 1556 1647 vel
1591 1583 1937 1648 minimum
1968 1585 2258 1649 conferre
2285 1584 2459 1648 vide·

248 1691 484 1762 antur;
531 1684 821 1750 defectus
878 1685 1141 1750 interim
1194 1707 1342 1750 suos
1388 1691 1586 1770 atque
1647 1687 2005 1752 socordiam
2063 1688 2459 1752 reverentiae

249 1808 444 1871 quam
494 1785 963 1872 antiquioribus
1012 1790 1076 1870 (a
1128 1788 1363 1872 quibus
1407 1811 1491 1853 ne
1534 1789 1746 1854 latum
1792 1811 2084 1874 unguem
2134 1790 2460 1856 discedere

18 1745 31 1786 l

18 1853 27 1894 ε
248 1892 537 1982 audent,)
582 1893 803 1958 deberi
840 1893 1265 1974 contendunt,
1304 1895 1515 1978 specie
1552 1901 2022 1978 praetexentes.
2132 1897 2458 1964 Quorsum

244 2019 395 2062 vero
453 1998 733 2082 reliquas
784 2005 955 2063 artes
1014 2018 1260 2078 omneS,
1323 2021 1515 2087 quae.
1544 2001 1841 2088 homines
1899 2003 2116 2067 minus
2173 2010 2460 2088 tangunt

240 2103 619 2187 juvantque,
650 2124 891 2187 magna
915 2089 1320 2167 incrementa
1349 2103 1696 2187 sumpsisse
1724 2104 2063 2184 fateamur,
2096 2107 2291 2170 etiam
2321 2107 2460 2171 sine

244 2205 381 2268 ulla
420 2194 779 2288 priscorum
820 2205 1161 2270 hominum
1198 2205 1459 2290 injuria,
1492 2206 1694 2270 solam
1723 2212 1944 2272 autem
1975 2208 2304 2272 Medicam
2335 2230 2458 2273 un-

246 2305 442 2390 dique
467 2308 821 2392 perfectam
851 2307 1348 2374 existimemus?
1434 2309 1547 2372 An
1586 2328 1723 2373 non
1761 2309 2048 2374 certioris
2077 2310 2264 2374 istius
2295 2333 2460 2400 quae

246 2430 422 2474 nunc
451 2409 702 2474 obtinet
732 2410 1081 2494 navigandi
1112 2411 1269 2474 artis
1298 2419 1679 2495 repertores,
1705 2433 1858 2476 eum
1885 2412 2138 2498 pyxidis
2160 2414 2459 2478 nauticae

244 2534 459 2592 usum,
492 2514 603 2597 qui
630 2513 726 2577 ita
750 2514 1024 2579 feliciter
1053 2514 1263 2594 cessit,
1293 2522 1550 2580 tentare
1580 2515 1932 2599 potuerint,
1961 2516 2088 2580 nisi
2116 2516 2354 2601 primos
2384 2538 2459 2583 ac

246 2616 537 2681 rudiores
576 2616 742 2697 illos,
790 2618 903 2701 qui
941 2640 1079 2682 non
1120 2618 1249 2682 nisi
1294 2618 1378 2683 ad
1420 2620 1756 2684 stellarum
1800 2628 2220 2703 conspectum
2249 2627 2317 2685 et
2351 2620 2460 2685 lit-

244 2726 465 2784 torum
522 2719 849 2783 anfractus
907 2741 1171 2784 cursum
1223 2742 1415 2784 suum
1466 2720 1858 2804 dirigebant,
1902 2721 2082 2806 prius
2131 2728 2461 2805 contemp*

247 2821 499 2887 serint?
587 2823 729 2887 Aut
774 2824 1131 2888 accuratior
1168 2824 1282 2887 illa
1320 2844 1395 2889 ac
1432 2824 1642 2907 magis
1679 2824 1970 2907 perfecta
2006 2826 2136 2893 sive
2167 2834 2461 2891 constru-

246 2926 562 2991 endarum
600 2926 884 3006 navium,
918 2927 1049 2991 sive
1086 2925 1441 2991 earundem
1476 2927 1549 2991 in
1583 2948 1808 3010 pugna
1842 2927 2298 3010 regendarum,
2333 2948 2456 3009 ars,

246 3050 377 3113 qua
413 3029 605 3094 hodie
644 3050 797 3113 prae
838 3030 1108 3095 caeteris
1154 3030 1404 3115 pollent
1442 3030 1744 3113 Europae
1786 3030 1994 3113 magis
2033 3031 2460 3097 occidentales

244 3132 512 3212 incolae,
561 3132 720 3198 istos
768 3133 1031 3217 sugillat
1076 3154 1409 3217 naupegos
1458 3133 1569 3217 qui
1617 3134 1851 3197 classes
1899 3155 2006 3198 eas
2058 3134 2460 3203 fabricabant

246 3257 411 3320 quae
446 3237 600 3302 olim
628 3237 805 3301 Actii
847 3236 1456 3321 depraeliabantur?
1502 3243 1618 3301 aut
1645 3236 2022 3319 Augustum
2061 3245 2129 3301 et
2157 3236 2460 3301 Marcum

244 3338 631 3419 Antonium,
666 3339 839 3403 tanti
870 3339 1028 3404 belli
1067 3339 1264 3403 duces
1306 3346 1374 3403 et
1417 3338 1721 3403 classium
1763 3346 2063 3417 rectores,
2102 3338 2462 3422 ignominia

246 3442 489 3508 afficit?
578 3444 864 3522 Adhaec,
894 3444 1241 3507 innumera
1272 3443 1406 3507 fere
1452 3451 1608 3506 sunt
1652 3441 1947 3525 exempla
1987 3462 2206 3505 rerum
2251 3464 2291 3505 a
2334 3462 2457 3505 nu-

242 3546 415 3631 peris
443 3545 816 3611 hominibus
844 3546 1278 3625 inventarum,
1305 3566 1469 3629 quae
1498 3544 1879 3630 antiquioris
1911 3545 2150 3609 saeculi
2177 3543 2458 3609 inventis

244 3649 441 3733 longe
484 3650 919 3725 antecellunt3
966 3669 1241 3733 quarum
1280 3647 1576 3712 omnium
1617 3654 1974 3731 repertores
2008 3646 2186 3711 haud
2221 3644 2458 3730 potiori

236 3752 390 3837 jure
419 3752 775 3835 priscorum
803 3752 1151 3817 memoriae
1189 3750 1320 3815 vim
1359 3750 1597 3815 inferre
1631 3750 1938 3815 censendi
1966 3758 2141 3828 sunt,
2173 3771 2368 3834 quam
2396 3750 2454 3815 is

244 3852 419 3915 filius
448 3853 650 3937 patris
679 3853 919 3917 famam
956 3853 1211 3917 laedere
1245 3853 1576 3937 putandus
1613 3860 1730 3931 est,
1762 3852 1876 3938 qui
1907 3872 2048 3916 rem
2075 3852 2454 3923 familiarem

244 3976 288 4017 a
330 3963 601 4039 parente
644 3964 995 4040 acceptam,
1034 3956 1357 4020 industria
1390 3978 1466 4021 ac
1510 3956 1772 4021 solertia
1822 3977 1941 4020 sua
1983 3955 2337 4019 auctiorem
2379 3974 2455 4021 ac

244 4059 740 4125 cumulatiorem
804 4058 1175 4125 reddiderit.
1306 4059 1472 4143 [442]
1544 4060 1666 4125 Est
1732 4066 1800 4124 et
1873 4057 2050 4123 aliud
2113 4057 2454 4122 hominum

244 4185 473 4247 genus,
525 4164 655 4248 qui,
702 4186 856 4249 prae
903 4164 1103 4228 animi
1147 4163 1426 4243 levitate,
1466 4164 1716 4247 ingenii
1761 4183 1836 4228 ac
1883 4161 2234 4246 sapientiae
2278 4161 2455 4225 haud

242 4267 528 4351 vulgaris
600 4268 871 4332 titulum
944 4268 1339 4347 affectantes,
1401 4266 1870 4351 speculationes
1942 4266 2025 4329 ad
2082 4264 2455 4329 morborum

246 4371 648 4435 curationem
694 4392 779 4435 ne
825 4372 1034 4435 hilum
1091 4371 1403 4435 facientes
1462 4371 1728 4435 moleste
1772 4369 2120 4452 ingerunt3
2182 4368 2458 4434 Medicis

246 4493 385 4535 non
426 4480 565 4537 tam
592 4474 761 4539 viam
802 4481 1409 4559 praemonstrantes„
1445 4494 1642 4557 quam
1669 4471 1930 4554 ignibus
1961 4471 2093 4535 suis
2121 4471 2317 4536 fatuis
2349 4471 2457 4535 de-

246 4573 381 4637 vios
424 4575 495 4637 in
536 4597 816 4641 errorem
862 4583 1147 4659 agentes.
1242 4576 1364 4638 His
1404 4576 1664 4638 Natura
1707 4594 1858 4637 eum
1901 4573 2148 4656 ingenii
2189 4574 2458 4639 modum
