3138 5006
534 261 1330 368 OBSERVATIONUM
1376 299 1952 368 MEDICARUM
1997 308 2116 364 111.
2153 313 2208 367 a.
2349 301 2473 368 155

264 474 351 530 aa
378 483 545 548 quae
587 463 971 548 sanguinem
1013 461 1184 528 male
1225 463 1490 528 Ιιὶὼὸιιῒᾲ
1581 463 1780 530 Quo'
1761 484 1834 527 ιιι
1875 483 2032 528 casu
2058 461 2476 528 Medicorum
2544 477 2742 528 Faunis

266 575 372 633 est
424 569 903 633 evacuationem
946 567 1253 631 materiae
1294 567 1762 650 pestilentialis,
1810 587 2004 649 quam
2045 587 2162 681 per
2199 565 2320 630 hos
2365 566 2474 631 ab·
2503 543 2624 655 25⁸⁰„
2613 557 2781 656 ζζξκ

268 690 519 734 soessus
558 670 817 734 Natura
855 669 1139 749 molitur,
1183 677 1375 753 prout
1420 669 1626 749 decet,
1654 689 1917 753 regere3
1959 668 2088 732 nisi
2127 668 2296 732 forte
2335 667 2476 752 quis
2535 673 2638 724 ’-67
2645 675 2740 722 ’69.

269 773 477 857 magis
522 774 891 838 consultum
921 794 1060 838 esse
1088 773 1409 856 putaverit
1450 772 1642 837 aliam
1678 772 1960 855 aliquam
1997 769 2478 834 evacuationem

268 877 682 956 substituere,
715 889 879 961 quae
920 877 1127 960 magis
1168 894 1368 961 penes
1410 876 1598 940 illum
1639 874 1856 954 fuerit,
1901 874 2168 958 ejusque
2211 871 2478 936 arbitrio

268 981 511 1046 certius
556 979 1112 1064 obtemperaverit,
1166 1001 1361 1063 quam
1406 979 1519 1043 illa
1567 977 1882 1042 Naturae.
1971 975 2221 1040 Eodem
2279 974 2476 1038 etiam

269 1085 463 1149 modo
520 1083 807 1168 procedit
866 1082 1127 1146 Natura
1182 1082 1253 1145 in
1294 1081 1688 1166 ‚expellenda
1743 1080 2126 1145 variolarum
2183 1077 2472 1156 materia,

266 1189 421 1252 licet
452 1209 529 1252 ea
556 1186 798 1271 species
828 1187 911 1250 sit
940 1184 1463 1250 inflammationis
1490 1183 1846 1268 pinguioris
1875 1204 1950 1247 ac
1971 1181 2176 1265 magis
2205 1191 2472 1258 crassae,

269 1309 437 1375 quae
465 1311 583 1374 per
608 1289 901 1372 pustulas
921 1288 1164 1372 ubique
1194 1308 1443 1372 sparsas
1472 1285 1745 1371 ejicitur,
1769 1284 2306 1350 carbunculorum
2333 1283 2474 1347 loeo

268 1415 345 1458 ao
372 1392 729 1471 bubonum,
752 1398 874 1456 etc.
904 1415 919 1454 ε
966 1397 1161 1473 atque
1188 1390 1259 1453 in
1286 1389 1411 1454 hoo
1440 1389 1638 1453 etiam
1667 1409 1822 1452 casu
1836 1385 2261 1451 indicationes
2291 1406 2472 1450 cura-

266 1494 439 1558 tivae
474 1514 551 1558 eo
591 1499 747 1556 sunt
776 1491 1150 1576 dirigendae
1188 1498 1264 1555 ut
1301 1491 1654 1557 naturalis‘¹
1682 1512 1798 1574 per
1825 1489 2118 1574 pustulas
2147 1487 2474 1552 evacuatio

266 1600 393 1665 rite
420 1599 927 1666 administretur
1006 1600 1128 1684 [6.]
1170 1599 1321 1664 Jam
1349 1619 1520 1678 vero,
1544 1619 1696 1663 cum
1723 1599 1795 1662 in
1823 1598 1944 1662 hoc
1974 1596 2196 1662 Febris
2223 1595 2474 1659 inflam-

268 1702 579 1768 matoriae
623 1725 878 1787 genere,
909 1704 991 1769 de
1036 1725 1163 1789 quo
1206 1723 1384 1768 nunc
1423 1703 1695 1798 agimus,
1725 1722 1860 1765 non
1895 1699 2264 1765 inveniatur
2305 1719 2472 1762 cras-
2499 1709 2548 1756 in
2571 1708 2661 1758 hac

268 1805 398 1870 sior
430 1806 543 1870 illa
568 1805 856 1884 materia,
886 1827 1021 1870 non
1058 1806 1188 1869 nisi
1227 1804 1485 1889 praevia
1522 1805 1880 1889 digestione
1909 1801 2248 1886 egerenda,
2285 1801 2474 1884 (siout
2497 1789 2595 1822 ¹²⁰³
2619 1775 2749 1824 1.tem

268 1909 343 1972 in
378 1909 557 1974 febre
588 1910 881 1993 superius
924 1908 1339 1993 descripta,)'
1320 1929 1646 1972 incassum
1691 1907 2051 1972 ebullitioni
2080 1906 2472 1971 obsecunda„-

268 2032 415 2076 mus
452 2012 535 2076 ad
572 2012 992 2077 obtinendam
1028 2011 1397 2097 hujusmodi
1428 2011 1892 2095 digestionem3
1939 2010 2228 2094 quinimo
2258 2033 2294 2076 e
2323 2031 2473 2076 con:-

267 2121 391 2194 tra,
422 2115 599 2180 haud
626 2117 764 2181 leve
793 2123 893 2181 est
920 2115 1300 2201 periculum,
1330 2137 1435 2196 ne,
1466 2116 1622 2180 huic
1654 2117 1794 2180 viae
1821 2116 2213 2196 insistentes,
2245 2117 2472 2183 stimua

266 2216 365 2281 los
408 2218 719 2283 addamus
757 2218 1003 2298 morbo,
1049 2220 1235 2304 cujus
1277 2239 1408 2284 esse
1458 2217 1528 2283 in
1573 2219 2077 2284 inflammatione
2127 2221 2275 2304 plus·
2319 2222 2474 2286 satis

265 2320 549 2386 violenta
596 2323 929 2388 consistitz
994 2331 1189 2406 atque
1238 2345 1447 2407 porro,
1509 2343 1661 2388 cum
1711 2325 1970 2388 Natura
2024 2325 2274 2389 nullam
2321 2326 2476 2392 huic

266 2424 461 2490 Febri
494 2425 973 2490 evacuationem
1000 2447 1119 2510 per
1153 2424 1421 2490 modum
1460 2425 1814 2511 eruptionis
1843 2426 2269 2508 constituerit,
2303 2429 2476 2513 quod

264 2528 339 2591 in
383 2528 564 2593 febre
613 2529 1028 2614 pestilentiali
1073 2539 1139 2594 et
1182 2530 1435 2595 variolis
1478 2531 1620 2595 fieri
1669 2531 2010 2611 cernimus,
2063 2532 2238 2615 (utut
2279 2535 2475 2599 rebus

266 2634 411 2698 aliis
464 2635 802 2719 posteriori
854 2636 1005 2699 huic
1054 2635 1279 2700 morbo
1334 2636 1766 2719 respondeat,)
1815 2638 2182 2713 ‚necessario
2231 2640 2304 2703 in
2353 2641 2476 2705 hoc

266 2737 468 2802 stabit
510 2739 604 2803 rei
648 2759 919 2818 summa,
956 2746 1032 2802 ut
1076 2738 1337 2803 sedetur
1377 2738 1801 2805 inflammatio
1844 2742 2365 2807 evacuationibus
2409 2750 2478 2808 et

264 2842 753 2908 medicamentis
824 2844 1479 2927 contemperantibus.
1605 2846 1804 2911 Hunc
1877 2846 2041 2910 mihi
2111 2868 2476 2932 proponens

265 2966 553 3030 scopum,
611 2947 879 3031 hujusce
940 2946 1160 3011 Febris
1220 2949 1620 3014 curationem
1680 2970 2018 3033 aggressus
2085 2971 2248 3031 sum,
2312 2964 2476 3035 quae

262 3050 573 3114 methodo
599 3049 723 3114 hac
752 3050 926 3113 haud
957 3048 1297 3114 difficulter
1326 3057 1698 3134 expugnata
1723 3052 1869 3116 fuit.

358 3148 481 3237 [7.]
529 3151 639 3215 Ad
666 3172 933 3235 aegrum
964 3153 1327 3231 accersitus,
1357 3174 1504 3217 mox
1540 3153 1924 3237 sanguinem
1955 3162 1991 3218 e
2020 3155 2282 3221 brachio
2315 3156 2469 3223 edu·
2497 3176 2763 3224 cuni-no.

261 3254 545 3318 eendum
574 3255 809 3334 curavi,
832 3254 1025 3320 modo
1054 3256 1258 3319 nimia
1286 3255 1602 3335 debilitas,
1625 3257 2003 3339 praesertim
2031 3280 2182 3324 vero
2210 3281 2470 3375 proveea

260 3356 395 3421 tior
433 3364 628 3437 aetas,
666 3378 799 3421 non
840 3356 1441 3437 contra-indicaret,
1488 3365 1554 3423 et
1589 3378 1816 3424 venae·
1819 3360 2170 3425 sectionem
2208 3362 2472 3447 insuper

261 3460 531 3525 alternis
582 3459 809 3525 diebus
853 3460 937 3524 ad
986 3460 1147 3525 duas
1192 3460 1403 3524 adhuc
1444 3460 1614 3525 vices
1655 3462 2074 3546 repetendam
2117 3466 2302 3550 jussi,
2342 3467 2482 3530 nisi·

260 3561 597 3627 redeuntis
626 3562 919 3627 sanitatis
948 3563 1135 3646 signa
1163 3562 1350 3627 aliter
1378 3562 1744 3628 suaderent
1835 3564 2084 3629 Diebus
2112 3567 2468 3652 interjectis

262 3680 497 3728 enema
534 3686 571 3729 e
608 3664 775 3729 laete
816 3672 883 3729 et
928 3666 1247 3742 saccharo,
1279 3665 1381 3729 vel
1408 3665 1635 3744 simile,
1676 3665 2096 3749 injiciendum
2134 3668 2466 3752 praecepi3

258 3767 641 3851 praescripsi
670 3776 737 3833 et
759 3767 1079 3852 julapium
1102 3786 1395 3851 sequens,
1417 3768 1519 3831 vel
1542 3768 1719 3832 aliud
1739 3769 2072 3853 ejusmodi,
2093 3770 2467 3854 frequenter

258 3890 378 3952 per
407 3890 667 3934 omnem
694 3871 903 3935 morbi
932 3871 1275 3935 decursum
1304 3871 1762 3936 assumendum
1784 3896 1889 3935 :-
2473 3886 2478 3889 ·

262 3974 466 4043 [Form.
492 3972 629 4041 22]Ι
700 3970 763 4054 R
803 3978 987 4046 Aquae
1012 3976 1341 4041 Portulaoae,

802 4063 1041 4134 [Aquae]
1070 4064 1353 4128 Lactucae,

792 4148 1046 4221 [Aquae]
1073 4150 1255 4205 florum
1286 4150 1612 4222 Paralyseos,
1636 4167 1740 4204 ana
1763 4154 1950 4205 uncias
1973 4162 2216 4232 quatuor,

793 4236 985 4307 Sympi
1009 4236 1073 4291 de
1100 4237 1411 4290 Limonibus
1434 4239 1843 4307 sesquiuneiam,

792 4322 983 4393 Syrupi
1007 4322 1239 4376 Violacei
1265 4324 1476 4377 unciam
1501 4338 1662 4377 unam
1687 4346 1700 4387 ;

544 4410 739 4480 Capiat
762 4412 945 4463 uncias
971 4418 1073 4462 tres
1100 4418 1288 4479 quater
1311 4409 1391 4463 vel
1414 4412 1695 4479 quinquies
1718 4412 1774 4462 in
1801 4410 1903 4473 die,
1927 4416 1980 4463 et
2004 4410 2072 4463 ad
2095 4410 2323 4465 libitum.

390 4530 413 4561 ⁴¹
446 4522 699 4585 naturalis]
729 4524 943 4572 Naturae
970 4522 1039 4571 ed.
1067 4522 1159 4573 ’76.
1354 4536 1362 4543 ·
1717 4524 1736 4551 ²
1770 4522 1844 4569 cf.
1869 4522 2058 4571 fornum.
2089 4526 2194 4582 106,
2225 4528 2328 4573 158.
