3138 5006
830 277 1345 344 PROCESSUS
1391 274 1804 343 INTEGRI.
2283 274 2416 340 543
2437 285 2444 295 ’

319 438 437 524 [7.]
496 440 569 506 Si
609 440 847 525 pilulae
882 440 1313 527 praescriptae
1342 446 1640 506 ventrem
1676 436 2014 517 moverint,
2050 442 2278 502 utatur
2319 455 2416 501 se·-
2475 454 2560 502 nn
2584 452 2694 501 ‘Ar-

232 540 567 623 quentibus
587 567 693 607 :—-
820 606 827 611 .
2443 517 2726 631 ''fflissl‘
2747 530 2750 533 ⁴

233 673 427 737 [For-m.
457 674 635 748 142.]¹
685 674 749 755 B,
776 678 1029 733 Castorei
1053 676 1361 732 drachmam
1384 693 1569 743 unam,

786 761 925 817 Salis
950 762 1167 817 Succini
1188 762 1434 817 volatilis
1456 759 1915 826 semidraohmam,

786 868 909 905 cum
934 852 1225 906 sufficiente
1249 851 1547 921 quantitate
1573 850 1817 907 Extracti
1842 850 2049 913 Butam

504 937 668 992 Fiant
718 940 915 1011 pilulae
963 940 1151 1010 viginti
1198 948 1454 1011 quatum-3
1511 941 1691 1010 capiat
1735 947 1840 994 tres
1887 938 2113 1008 singulis
2158 934 2422 1002 noctibus,

504 1023 887 1095 super-bibendo
908 1026 948 1079 J
951 1027 1113 1097 ulapii
1141 1026 1445 1101 Hysterici¹¹
1468 1027 1765 1096 cochlearis.
1787 1027 1890 1080 tria.
1911 1026 1994 1079 vel
2011 1032 2255 1096 quatuor.

318 1146 593 1230 Spiritus
636 1168 839 1212 cornu
883 1146 1052 1211 cervi
1100 1146 1184 1211 ad
1223 1154 1442 1232 guttas
1490 1147 1768 1213 sedecim
1813 1147 1915 1212 vel
1952 1145 2307 1212 octodecim
2349 1144 2424 1209 in

232 1270 393 1333 aqua
421 1249 631 1334 aliqua
658 1250 1064 1334 appropriata
1084 1251 1333 1335 saepius
1364 1250 1708 1331 exhibitus,
1738 1250 1923 1315 valde
1951 1249 2219 1315 confert.

326 1352 445 1437 [8.]
504 1352 576 1417 Si
602 1374 753 1418 vero
785 1353 889 1417 his
916 1375 1053 1418 non
1085 1353 1272 1419 cedat
1300 1352 1621 1434 remediis,
1649 1360 1798 1419 tum
1834 1352 2044 1439 capiat
2083 1356 2436 1436 sequentes.

233 1454 461 1538 pilula-s
485 1481 590 1519 :—

237 1589 437 1653 [Form.
467 1593 613 1658 143.]
688 1590 755 1673 R,
793 1594 1197 1649 Trochiscorum
1253 1592 1321 1648 de
1384 1592 1610 1664 Myrrha
1673 1592 2064 1665 pulveratorum
2121 1591 2432 1661 scrupulum

864 1700 1053 1748 unum,

796 1770 1036 1825 Balsami
1060 1768 1339 1840 Sulphuris
1359 1767 1782 1823 Terebinthinati
1804 1776 1984 1839 guttas
2005 1774 2244 1838 quatuor,

794 1875 916 1915 cum
951 1860 1241 1913 sufficiente
1276 1858 1574 1931 quantitate
1611 1858 1834 1912 Gummi
1871 1858 2205 1911 Ammoniaci
2249 1858 2438 1921 soluti3

517 1942 682 1999 Fiant
701 1946 897 2016 pilulae
922 1954 1177 2016 quatuor3
1213 1947 1391 2017 capiat
1412 1960 1569 1998 mane
1594 1953 1649 1999 et
1669 1963 1800 2011 sero,
1824 1944 2208 2017 superbibendo
2229 1944 2266 1998 J
2270 1945 2440 2016 ulapii

517 2032 787 2102 Hysterici
822 2030 1116 2085 cochlearia
1156 2039 1381 2101 quatuor
1427 2030 1509 2085 vel
1555 2031 1806 2101 quinque,
1853 2030 2160 2086 instillanda
2209 2030 2438 2103 Spiritus

517 2120 701 2174 Cornu
723 2119 881 2174 Cervi
906 2126 1085 2190 guttas
1111 2118 1409 2173 duodecim.

322 2240 763 2304 Electuarium
797 2238 1419 2305 Antiscorbuticurn1
1453 2260 1600 2304 cum
1648 2260 1816 2324 aqua
1852 2240 2092 2305 ibidem
2123 2240 2440 2326 descripta

239 2344 497 2428 prodest
524 2344 595 2407 in
630 2344 733 2409 his
774 2344 1240 2423 affectionibus,
1269 2352 1346 2409 ut
1377 2351 1444 2408 et
1473 2343 1916 2411 Electum-ium
1947 2343 2442 2411 Corroboransm

240 2467 391 2512 cum
420 2446 745 2513 additione
773 2468 1110 2514 conservae
1140 2448 1531 2514 cochleariae
1551 2447 1873 2513 hortensis
1901 2450 2098 2515 uncia
2123 2471 2276 2530 una,
2297 2450 2462 2536 pul-,

239 2551 405 2615 veris
434 2551 533 2616 ari
572 2550 908 2635 compositi
937 2550 1258 2616 drachmis
1294 2570 1425 2630 sex,
1458 2548 1933 2634 superbibendo
1974 2553 2436 2638 praescriptam

245 2673 497 2737 aquam.
886 2704 894 2710 .
1380 2719 1385 2724 ,

342 2755 464 2838 [9.]
484 2761 514 2792 ¹²
556 2755 651 2818 At
681 2754 735 2819 si
765 2755 1031 2820 affectus
1058 2755 1162 2820 his
1190 2777 1326 2820 non
1355 2753 1542 2820 cedat
1572 2755 1890 2837 remediis,
1916 2757 2204 2822 eundum
2232 2763 2331 2823 est
2360 2757 2444 2822 ad

244 2878 442 2944 aquas
492 2859 767 2938 ferreas3
813 2865 880 2923 et
923 2859 979 2922 si
1028 2878 1240 2943 neque
1280 2858 1405 2937 his,
1450 2863 1598 2920 tum
1647 2857 1729 2922 ad
1781 2857 2178 2942 sulphureas,
2226 2860 2445 2945 quales

244 2967 400 3024 sunt
430 2961 922 3024 Bathonienses.

332 3061 497 3147 [10.]
551 3063 741 3128 Inter
776 3063 1133 3127 bibendum
1180 3084 1377 3147 aquas
1417 3063 1656 3127 ferreas
1691 3064 1854 3128 haec
1897 3065 2326 3131 observanda:
2391 3067 2446 3131 si
2471 3083 2746 3132 observan-

241 3165 504 3250 aliquod
532 3173 895 3251 symptoma
931 3166 1186 3250 gravius
1216 3166 1537 3245 acciderit,
1569 3167 1742 3250 quod
1775 3168 2094 3250 potationi
2133 3191 2443 3255 aquarum
2467 3149 2734 3262 ffissffirum

237 3269 467 3334 referri
507 3276 740 3354 potest,
770 3275 932 3334 tunc
976 3269 1057 3334 ab
1097 3270 1176 3333 iis
1222 3291 1412 3353 aeger
1452 3269 1793 3350 abstineat,
1834 3271 2040 3336 donec
2083 3280 2446 3358 symptoma
2471 3293 2625 3341 aquas
2645 3277 2740 3325 fer-

238 3371 421 3460 istud
447 3372 707 3456 penitus
745 3370 1097 3437 evanuerit.
1187 3372 1405 3456 Aeger
1430 3372 1503 3435 in
1546 3391 1767 3436 earum
1796 3394 1926 3438 usu
1951 3394 2067 3457 per
2115 3396 2225 3439 sex
2254 3378 2447 3460 septi·
2472 3359 2596 3401 reas,

240 3495 471 3540 manas
515 3473 599 3538 ad
640 3475 1005 3554 minimum,
1034 3473 1136 3540 vel
1174 3475 1389 3559 potius
1433 3473 1517 3538 ad
1556 3474 1717 3539 duos
1759 3495 2035 3557 menses,
2064 3486 2447 3561 perseveret.

243 3577 545 3644 Zinziber
582 3577 937 3657 conditum,
974 3578 1076 3642 vel
1116 3577 1365 3642 semina
1397 3577 1577 3641 carui
1613 3577 1998 3658 sacchar-ata,
2038 3579 2120 3643 ad
2163 3581 2449 3646 calefaci-

246 3679 493 3746 endum
511 3681 943 3746 ventriculum
964 3678 1239 3745 subinde
1262 3686 1496 3744 sumat.
1543 3679 1792 3745 Pilulae
1816 3681 2014 3746 etiam
2035 3682 2450 3768 Hystericae⁰

244 3788 384 3846 tres
414 3781 705 3856 devorari
730 3789 1001 3866 possunt
1029 3802 1145 3865 per
1169 3781 1410 3866 primas
1441 3780 1666 3846 decem
1699 3789 1944 3862 nocteS,
1978 3784 2450 3869 superbibendo

248 3885 295 3948 J
294 3883 499 3968 ulapii
528 3883 855 3968 Hysterici
884 3882 1239 3948 cochlearia
1267 3892 1544 3968 quatuor
1569 3883 1673 3949 vel
1702 3885 2005 3970 quinque.

343 3983 517 4074 [11.]
566 3985 800 4052 Quoad
839 4007 1034 4050 usum
1077 4008 1389 4070 aquarum
1432 3987 1990 4066 Bathoniensium,
2022 3987 2274 4052 duobus
2318 3987 2450 4054 die·
2477 4016 2526 4058 et
2557 4011 2762 4073 sulphu-

245 4088 377 4154 bus
401 4088 583 4153 bibat
613 4109 739 4169 eas,
760 4109 833 4153 ac
862 4088 1056 4152 tertio
1086 4089 1189 4154 die
1217 4110 1331 4174 per
1358 4089 1625 4154 modum
1646 4089 1862 4155 balnei
1883 4111 1990 4155 eas
2011 4090 2449 4173 ingrediatur3
2475 4091 2598 4124 ¹⁸⁸⁸·

248 4197 449 4276 atque
477 4192 571 4256 ita
599 4190 967 4256 alternatim
994 4213 1111 4276 per
1139 4213 1246 4257 sex
1278 4191 1668 4277 septimanas
1694 4192 1795 4256 vel
1825 4190 1986 4256 duos
2015 4212 2288 4257 menses.

318 4344 331 4378 ¹
368 4346 446 4396 ef.
469 4347 609 4395 form.
634 4349 711 4396 81.
1454 4351 1491 4378 ⁸²
1524 4347 1676 4394 Elect.
1700 4343 1912 4407 Coo-roh]
1940 4345 2016 4393 Cf.
2042 4344 2181 4395 form.
2208 4346 2287 4395 93.

318 4409 345 4441 Β
379 4413 479 4459 Jul.
500 4410 669 4476 Kysa]
696 4411 771 4462 Cf.
794 4412 985 4460 formm.
1008 4411 1089 4470 75,
1115 4413 1223 4460 133.
1456 4421 1481 4448 ¹¹
1517 4409 1594 4458 Cf.
1617 4412 1816 4458 Dissert-
1835 4411 1986 4471 Epist.
2016 4413 2040 4473 5
2067 4412 2158 4459 108
2183 4425 2254 4473 sq.

320 4472 334 4505 ¹
369 4477 518 4526 Eleae.
540 4474 749 4539 Aniba]
776 4477 851 4524 Cf.
874 4477 1069 4526 formm.
1095 4478 1177 4536 41,
1201 4477 1278 4523 42.
1456 4481 1478 4504 ⁰
1512 4476 1606 4522 Pil.
1622 4474 1792 4538 Κυμὼ]
1813 4475 1888 4522 Cf.
1905 4474 2098 4523 sermm.
2116 4475 2193 4534 ⁷4,
2215 4477 2322 4534 132,
2338 4477 2448 4525 229.
