<?xml version="1.0" encoding="UTF-8"?>
<!DOCTYPE html PUBLIC "-//W3C//DTD XHTML 1.0 Transitional//EN"
    "http://www.w3.org/TR/xhtml1/DTD/xhtml1-transitional.dtd">
<html xmlns="http://www.w3.org/1999/xhtml" xml:lang="en" lang="en">
 <head>
  <title>
</title>
<meta http-equiv="Content-Type" content="text/html;charset=utf-8" />
  <meta name='ocr-system' content='tesseract 3.04.00' />
  <meta name='ocr-capabilities' content='ocr_page ocr_carea ocr_par ocr_line ocrx_word'/>
</head>
<body>
  <div class='ocr_page' id='page_1' title='image "./operaomnia00khgoog_0572.png"; bbox 0 0 3138 5006; ppageno 0'>
   <div class='ocr_carea' id='block_1_1' title="bbox 822 308 2410 375">
    <p class='ocr_par' dir='ltr' id='par_1_1' title="bbox 822 308 2410 375">
     <span class='ocr_line' id='line_1_1' title="bbox 822 308 2410 375; baseline 0 -2"><span class='ocrx_word' id='word_1_1' title='bbox 822 309 1336 375; x_wconf 84' lang='lat' dir='ltr'>PROCESSUS</span> <span class='ocrx_word' id='word_1_2' title='bbox 1384 308 1792 375; x_wconf 78' lang='lat' dir='ltr'><strong>INTEGRI.</strong></span> <span class='ocrx_word' id='word_1_3' title='bbox 2279 311 2410 373; x_wconf 83' lang='lat'>549</span> 
     </span>
    </p>
   </div>
   <div class='ocr_carea' id='block_1_2' title="bbox 206 468 2724 1070">
    <p class='ocr_par' dir='ltr' id='par_1_2' title="bbox 206 468 2724 1070">
     <span class='ocr_line' id='line_1_2' title="bbox 206 468 2724 554; baseline -0.002 -19"><span class='ocrx_word' id='word_1_4' title='bbox 206 471 342 535; x_wconf 88' lang='lat' dir='ltr'>vini</span> <span class='ocrx_word' id='word_1_5' title='bbox 394 470 633 534; x_wconf 89' lang='lat' dir='ltr'>dentur</span> <span class='ocrx_word' id='word_1_6' title='bbox 686 476 911 553; x_wconf 87' lang='lat' dir='ltr'>guttae</span> <span class='ocrx_word' id='word_1_7' title='bbox 964 470 1187 535; x_wconf 89' lang='lat' dir='ltr'>decem</span> <span class='ocrx_word' id='word_1_8' title='bbox 1236 470 1501 535; x_wconf 90' lang='lat' dir='ltr'>laudani</span> <span class='ocrx_word' id='word_1_9' title='bbox 1557 470 1786 554; x_wconf 84' lang='lat' dir='ltr'>liquidi</span> <span class='ocrx_word' id='word_1_10' title='bbox 1844 468 2113 553; x_wconf 85' lang='lat' dir='ltr'>singulis</span> <span class='ocrx_word' id='word_1_11' title='bbox 2170 470 2270 534; x_wconf 84' lang='lat' dir='ltr'>vel</span> <span class='ocrx_word' id='word_1_12' title='bbox 2324 472 2413 535; x_wconf 86' lang='lat' dir='ltr'>al-</span> <span class='ocrx_word' id='word_1_13' title='bbox 2441 481 2724 531; x_wconf 69' lang='lat' dir='ltr'>Danniu-</span> 
     </span>
     <span class='ocr_line' id='line_1_3' title="bbox 207 547 2710 660; baseline 0.002 -23"><span class='ocrx_word' id='word_1_14' title='bbox 207 574 409 638; x_wconf 87' lang='lat' dir='ltr'>ternis</span> <span class='ocrx_word' id='word_1_15' title='bbox 436 574 701 653; x_wconf 81' lang='lat' dir='ltr'>vicibus,</span> <span class='ocrx_word' id='word_1_16' title='bbox 733 579 879 657; x_wconf 90' lang='lat' dir='ltr'>post</span> <span class='ocrx_word' id='word_1_17' title='bbox 910 574 1414 657; x_wconf 81' lang='lat' dir='ltr'>assumptionem</span> <span class='ocrx_word' id='word_1_18' title='bbox 1442 574 1595 653; x_wconf 87' lang='lat' dir='ltr'>boli,</span> <span class='ocrx_word' id='word_1_19' title='bbox 1626 582 1704 639; x_wconf 90' lang='lat' dir='ltr'>ut</span> <span class='ocrx_word' id='word_1_20' title='bbox 1733 596 1892 658; x_wconf 86' lang='lat' dir='ltr'>opus</span> <span class='ocrx_word' id='word_1_21' title='bbox 1921 576 2138 640; x_wconf 89' lang='lat' dir='ltr'>fuerit.</span> <span class='ocrx_word' id='word_1_22' title='bbox 2451 547 2710 660; x_wconf 34' lang='lat' dir='ltr'>3221,ssss</span> 
     </span>
     <span class='ocr_line' id='line_1_4' title="bbox 294 677 2413 763; baseline 0.001 -20"><span class='ocrx_word' id='word_1_23' title='bbox 294 678 401 743; x_wconf 90' lang='lat' dir='ltr'>Ad</span> <span class='ocrx_word' id='word_1_24' title='bbox 444 678 789 742; x_wconf 88' lang='lat' dir='ltr'>recidivam</span> <span class='ocrx_word' id='word_1_25' title='bbox 831 677 1339 762; x_wconf 79' lang='lat' dir='ltr'><strong>praecavendam</strong></span> <span class='ocrx_word' id='word_1_26' title='bbox 1385 678 1746 763; x_wconf 83' lang='lat' dir='ltr'>(praecipue</span> <span class='ocrx_word' id='word_1_27' title='bbox 1784 680 1857 743; x_wconf 89' lang='lat' dir='ltr'>in</span> <span class='ocrx_word' id='word_1_28' title='bbox 1899 680 2278 763; x_wconf 64' lang='lat' dir='ltr'>Quartana)</span> <span class='ocrx_word' id='word_1_29' title='bbox 2314 704 2413 746; x_wconf 89' lang='lat' dir='ltr'>re-</span> 
     </span>
     <span class='ocr_line' id='line_1_5' title="bbox 208 780 2414 868; baseline 0.002 -22"><span class='ocrx_word' id='word_1_30' title='bbox 208 789 469 866; x_wconf 87' lang='lat' dir='ltr'>petatur</span> <span class='ocrx_word' id='word_1_31' title='bbox 495 802 827 865; x_wconf 78' lang='lat' dir='ltr'>processus</span> <span class='ocrx_word' id='word_1_32' title='bbox 854 780 1219 865; x_wconf 86' lang='lat' dir='ltr'>praedictus</span> <span class='ocrx_word' id='word_1_33' title='bbox 1250 780 1521 865; x_wconf 85' lang='lat' dir='ltr'>singulis</span> <span class='ocrx_word' id='word_1_34' title='bbox 1552 782 1925 866; x_wconf 87' lang='lat' dir='ltr'>septimanis</span> <span class='ocrx_word' id='word_1_35' title='bbox 1953 806 2070 868; x_wconf 90' lang='lat' dir='ltr'>per</span> <span class='ocrx_word' id='word_1_36' title='bbox 2096 790 2228 850; x_wconf 87' lang='lat' dir='ltr'>tres</span> <span class='ocrx_word' id='word_1_37' title='bbox 2260 785 2414 849; x_wconf 88' lang='lat' dir='ltr'>alias</span> 
     </span>
     <span class='ocr_line' id='line_1_6' title="bbox 208 906 396 949; baseline 0.005 -1"><span class='ocrx_word' id='word_1_38' title='bbox 208 906 396 949; x_wconf 70' lang='lat' dir='ltr'>uces.</span> 
     </span>
     <span class='ocr_line' id='line_1_7' title="bbox 301 986 1705 1070; baseline 0.001 -19"><span class='ocrx_word' id='word_1_39' title='bbox 301 988 419 1051; x_wconf 87' lang='lat' dir='ltr'>Sin</span> <span class='ocrx_word' id='word_1_40' title='bbox 446 987 655 1051; x_wconf 86' lang='lat' dir='ltr'>forma</span> <span class='ocrx_word' id='word_1_41' title='bbox 682 986 1028 1070; x_wconf 87' lang='lat' dir='ltr'>pilularum</span> <span class='ocrx_word' id='word_1_42' title='bbox 1056 986 1263 1069; x_wconf 88' lang='lat' dir='ltr'>magis</span> <span class='ocrx_word' id='word_1_43' title='bbox 1294 986 1573 1052; x_wconf 74' lang='lat' dir='ltr'>arrideat</span> <span class='ocrx_word' id='word_1_44' title='bbox 1597 1014 1705 1051; x_wconf 88' lang='lat'>:—</span> 
     </span>
    </p>
   </div>
   <div class='ocr_carea' id='block_1_3' title="bbox 215 1095 2412 1427">
    <p class='ocr_par' dir='ltr' id='par_1_3' title="bbox 215 1095 2412 1427">
     <span class='ocr_line' id='line_1_8' title="bbox 215 1095 2048 1177; baseline 0.002 -26"><span class='ocrx_word' id='word_1_45' title='bbox 215 1098 413 1166; x_wconf 86' lang='lat' dir='ltr'>[Form.</span> <span class='ocrx_word' id='word_1_46' title='bbox 444 1098 629 1162; x_wconf 61' lang='grc' dir='ltr'>151.]ς</span> <span class='ocrx_word' id='word_1_47' title='bbox 678 1095 738 1177; x_wconf 68' lang='lat' dir='ltr'>R</span> <span class='ocrx_word' id='word_1_48' title='bbox 782 1098 1009 1151; x_wconf 85' lang='lat' dir='ltr'>Corticis</span> <span class='ocrx_word' id='word_1_49' title='bbox 1033 1096 1315 1151; x_wconf 84' lang='lat' dir='ltr'>Peruviani</span> <span class='ocrx_word' id='word_1_50' title='bbox 1341 1099 1601 1168; x_wconf 66' lang='lat' dir='ltr'>puli-erati</span> <span class='ocrx_word' id='word_1_51' title='bbox 1624 1100 1842 1153; x_wconf 77' lang='lat' dir='ltr'>unciam</span> <span class='ocrx_word' id='word_1_52' title='bbox 1869 1116 2048 1165; x_wconf 86' lang='lat' dir='ltr'>unam,</span> 
     </span>
     <span class='ocr_line' id='line_1_9' title="bbox 785 1184 2302 1258; baseline 0.003 -21"><span class='ocrx_word' id='word_1_53' title='bbox 785 1201 909 1237; x_wconf 91' lang='lat' dir='ltr'>cum</span> <span class='ocrx_word' id='word_1_54' title='bbox 932 1184 1223 1238; x_wconf 72' lang='lat' dir='ltr'>sufficiente</span> <span class='ocrx_word' id='word_1_55' title='bbox 1247 1186 1548 1254; x_wconf 84' lang='lat' dir='ltr'>quantitate</span> <span class='ocrx_word' id='word_1_56' title='bbox 1577 1185 1769 1255; x_wconf 82' lang='lat' dir='ltr'>Syrupi</span> <span class='ocrx_word' id='word_1_57' title='bbox 1795 1187 2267 1258; x_wconf 83' lang='lat' dir='ltr'>Caryophyllorum</span> <span class='ocrx_word' id='word_1_58' title='bbox 2289 1210 2302 1253; x_wconf 87' lang='lat'><strong>;</strong></span> 
     </span>
     <span class='ocr_line' id='line_1_10' title="bbox 493 1270 2412 1345; baseline 0.004 -23"><span class='ocrx_word' id='word_1_59' title='bbox 493 1270 655 1325; x_wconf 86' lang='lat' dir='ltr'>Fiant</span> <span class='ocrx_word' id='word_1_60' title='bbox 688 1271 886 1340; x_wconf 78' lang='lat' dir='ltr'>pilulae</span> <span class='ocrx_word' id='word_1_61' title='bbox 908 1270 1189 1324; x_wconf 83' lang='lat' dir='ltr'>mediocris</span> <span class='ocrx_word' id='word_1_62' title='bbox 1220 1270 1628 1341; x_wconf 77' lang='lat' dir='ltr'>magnitudinis,</span> <span class='ocrx_word' id='word_1_63' title='bbox 1651 1289 1876 1341; x_wconf 87' lang='lat' dir='ltr'>quarum</span> <span class='ocrx_word' id='word_1_64' title='bbox 1903 1275 2082 1344; x_wconf 86' lang='lat' dir='ltr'>capiat</span> <span class='ocrx_word' id='word_1_65' title='bbox 2104 1292 2198 1328; x_wconf 84' lang='lat' dir='ltr'>sex</span> <span class='ocrx_word' id='word_1_66' title='bbox 2222 1286 2412 1345; x_wconf 69' lang='lat' dir='ltr'>quarta</span> 
     </span>
     <span class='ocr_line' id='line_1_11' title="bbox 492 1358 877 1427; baseline -0.008 -15"><span class='ocrx_word' id='word_1_67' title='bbox 492 1374 706 1427; x_wconf 87' lang='lat' dir='ltr'>quaque</span> <span class='ocrx_word' id='word_1_68' title='bbox 730 1358 877 1410; x_wconf 87' lang='lat' dir='ltr'>hora.</span> 
     </span>
    </p>
   </div>
   <div class='ocr_carea' id='block_1_4' title="bbox 2451 678 2732 688">
    <p class='ocr_par' dir='ltr' id='par_1_4' title="bbox 2451 678 2732 688">
     <span class='ocr_line' id='line_1_12' title="bbox 2451 678 2732 688; baseline 0 4318"><span class='ocrx_word' id='word_1_69' title='bbox 2451 678 2732 688; x_wconf 95' lang='lat' dir='ltr'> </span> 
     </span>
    </p>
   </div>
   <div class='ocr_carea' id='block_1_5' title="bbox 213 1474 1978 1628">
    <p class='ocr_par' dir='ltr' id='par_1_5' title="bbox 213 1474 1978 1628">
     <span class='ocr_line' id='line_1_13' title="bbox 213 1474 1978 1555; baseline 0.001 -23"><span class='ocrx_word' id='word_1_70' title='bbox 213 1478 415 1541; x_wconf 76' lang='lat' dir='ltr'>[Form.</span> <span class='ocrx_word' id='word_1_71' title='bbox 446 1483 625 1548; x_wconf 83' lang='lat' dir='ltr'>152.]r</span> <span class='ocrx_word' id='word_1_72' title='bbox 673 1474 737 1555; x_wconf 61' lang='lat' dir='ltr'>R</span> <span class='ocrx_word' id='word_1_73' title='bbox 778 1478 1003 1532; x_wconf 87' lang='lat' dir='ltr'>Corticis</span> <span class='ocrx_word' id='word_1_74' title='bbox 1028 1477 1310 1531; x_wconf 85' lang='lat' dir='ltr'>Peruviani</span> <span class='ocrx_word' id='word_1_75' title='bbox 1334 1477 1594 1548; x_wconf 83' lang='lat' dir='ltr'>pulverati</span> <span class='ocrx_word' id='word_1_76' title='bbox 1617 1478 1803 1532; x_wconf 86' lang='lat' dir='ltr'>uncias</span> <span class='ocrx_word' id='word_1_77' title='bbox 1828 1478 1978 1545; x_wconf 82' lang='lat' dir='ltr'>duas,</span> 
     </span>
     <span class='ocr_line' id='line_1_14' title="bbox 772 1564 1545 1628; baseline 0.004 -14"><span class='ocrx_word' id='word_1_78' title='bbox 772 1564 901 1618; x_wconf 88' lang='lat' dir='ltr'>Vini</span> <span class='ocrx_word' id='word_1_79' title='bbox 926 1564 1174 1617; x_wconf 88' lang='lat' dir='ltr'>Rhenani</span> <span class='ocrx_word' id='word_1_80' title='bbox 1196 1564 1357 1617; x_wconf 86' lang='lat' dir='ltr'>libras</span> <span class='ocrx_word' id='word_1_81' title='bbox 1381 1564 1545 1628; x_wconf 83' lang='lat' dir='ltr'>duas3</span> 
     </span>
    </p>
   </div>
   <div class='ocr_carea' id='block_1_6' title="bbox 490 1650 2416 1895">
    <p class='ocr_par' dir='ltr' id='par_1_6' title="bbox 490 1650 2416 1895">
     <span class='ocr_line' id='line_1_15' title="bbox 493 1650 2416 1726; baseline 0.002 -21"><span class='ocrx_word' id='word_1_82' title='bbox 493 1652 648 1706; x_wconf 90' lang='lat' dir='ltr'>Stent</span> <span class='ocrx_word' id='word_1_83' title='bbox 670 1651 827 1704; x_wconf 89' lang='lat' dir='ltr'>simul</span> <span class='ocrx_word' id='word_1_84' title='bbox 859 1652 915 1705; x_wconf 91' lang='lat' dir='ltr'>in</span> <span class='ocrx_word' id='word_1_85' title='bbox 948 1650 1209 1705; x_wconf 83' lang='lat' dir='ltr'>infusione</span> <span class='ocrx_word' id='word_1_86' title='bbox 1242 1650 1453 1720; x_wconf 80' lang='lat' dir='ltr'>frigida,</span> <span class='ocrx_word' id='word_1_87' title='bbox 1476 1660 1530 1705; x_wconf 87' lang='lat' dir='ltr'>et</span> <span class='ocrx_word' id='word_1_88' title='bbox 1560 1651 1761 1706; x_wconf 84' lang='lat' dir='ltr'>coletur</span> <span class='ocrx_word' id='word_1_89' title='bbox 1794 1670 1888 1723; x_wconf 89' lang='lat' dir='ltr'>per</span> <span class='ocrx_word' id='word_1_90' title='bbox 1909 1654 2176 1707; x_wconf 81' lang='lat' dir='ltr'>manicam</span> <span class='ocrx_word' id='word_1_91' title='bbox 2205 1654 2416 1726; x_wconf 85' lang='lat' dir='ltr'>Hippo·</span> 
     </span>
     <span class='ocr_line' id='line_1_16' title="bbox 492 1738 2416 1811; baseline 0.002 -19"><span class='ocrx_word' id='word_1_92' title='bbox 492 1740 666 1793; x_wconf 78' lang='lat' dir='ltr'>cratis,</span> <span class='ocrx_word' id='word_1_93' title='bbox 748 1738 893 1792; x_wconf 88' lang='lat' dir='ltr'>Usus</span> <span class='ocrx_word' id='word_1_94' title='bbox 938 1747 1173 1808; x_wconf 79' lang='lat' dir='ltr'>tempore</span> <span class='ocrx_word' id='word_1_95' title='bbox 1219 1740 1497 1808; x_wconf 84' lang='lat' dir='ltr'>capiantur</span> <span class='ocrx_word' id='word_1_96' title='bbox 1536 1740 1729 1792; x_wconf 89' lang='lat' dir='ltr'>unciae</span> <span class='ocrx_word' id='word_1_97' title='bbox 1769 1747 1876 1793; x_wconf 82' lang='lat' dir='ltr'>tres</span> <span class='ocrx_word' id='word_1_98' title='bbox 1915 1740 2072 1795; x_wconf 75' lang='lat' dir='ltr'>tertia</span> <span class='ocrx_word' id='word_1_99' title='bbox 2107 1740 2190 1794; x_wconf 78' lang='lat' dir='ltr'>vel</span> <span class='ocrx_word' id='word_1_100' title='bbox 2228 1750 2416 1811; x_wconf 85' lang='lat' dir='ltr'>quarta</span> 
     </span>
     <span class='ocr_line' id='line_1_17' title="bbox 490 1825 865 1895; baseline -0.008 -17"><span class='ocrx_word' id='word_1_101' title='bbox 490 1841 699 1895; x_wconf 89' lang='lat' dir='ltr'>quaque</span> <span class='ocrx_word' id='word_1_102' title='bbox 721 1825 865 1878; x_wconf 87' lang='lat' dir='ltr'>hora.</span> 
     </span>
    </p>
   </div>
   <div class='ocr_carea' id='block_1_7' title="bbox 206 1944 2681 3064">
    <p class='ocr_par' dir='ltr' id='par_1_7' title="bbox 206 1944 2410 2549">
     <span class='ocr_line' id='line_1_18' title="bbox 309 1944 2410 2031; baseline 0.002 -22"><span class='ocrx_word' id='word_1_103' title='bbox 309 1946 429 2031; x_wconf 83' lang='lat'>[4.]</span> <span class='ocrx_word' id='word_1_104' title='bbox 450 1958 473 1989; x_wconf 79' lang='lat'>⁸</span> <span class='ocrx_word' id='word_1_105' title='bbox 522 1945 637 2008; x_wconf 90' lang='lat' dir='ltr'>Sin</span> <span class='ocrx_word' id='word_1_106' title='bbox 673 1944 755 2010; x_wconf 93' lang='lat' dir='ltr'>ob</span> <span class='ocrx_word' id='word_1_107' title='bbox 799 1944 1352 2009; x_wconf 85' lang='lat' dir='ltr'>vomituritionem</span> <span class='ocrx_word' id='word_1_108' title='bbox 1386 1945 1522 2010; x_wconf 88' lang='lat' dir='ltr'>fere</span> <span class='ocrx_word' id='word_1_109' title='bbox 1551 1947 1928 2011; x_wconf 89' lang='lat' dir='ltr'>continuam</span> <span class='ocrx_word' id='word_1_110' title='bbox 1961 1948 2262 2013; x_wconf 90' lang='lat' dir='ltr'>corticem</span> <span class='ocrx_word' id='word_1_111' title='bbox 2303 1949 2410 2014; x_wconf 89' lang='lat' dir='ltr'>de-</span> 
     </span>
     <span class='ocr_line' id='line_1_19' title="bbox 210 2047 2410 2135; baseline -0 -21"><span class='ocrx_word' id='word_1_112' title='bbox 210 2051 445 2135; x_wconf 83' lang='lat' dir='ltr'>glutire</span> <span class='ocrx_word' id='word_1_113' title='bbox 490 2055 769 2132; x_wconf 88' lang='lat' dir='ltr'>nequeat</span> <span class='ocrx_word' id='word_1_114' title='bbox 814 2068 1022 2131; x_wconf 87' lang='lat' dir='ltr'>aeger,</span> <span class='ocrx_word' id='word_1_115' title='bbox 1062 2055 1206 2111; x_wconf 91' lang='lat' dir='ltr'>tum</span> <span class='ocrx_word' id='word_1_116' title='bbox 1252 2047 1453 2112; x_wconf 83' lang='lat' dir='ltr'>sexies</span> <span class='ocrx_word' id='word_1_117' title='bbox 1498 2050 1600 2112; x_wconf 87' lang='lat' dir='ltr'>vel</span> <span class='ocrx_word' id='word_1_118' title='bbox 1645 2050 1844 2113; x_wconf 90' lang='lat' dir='ltr'>octies</span> <span class='ocrx_word' id='word_1_119' title='bbox 1888 2050 2093 2134; x_wconf 88' lang='lat' dir='ltr'>spatio</span> <span class='ocrx_word' id='word_1_120' title='bbox 2137 2050 2410 2115; x_wconf 89' lang='lat' dir='ltr'>duarum</span> 
     </span>
     <span class='ocr_line' id='line_1_20' title="bbox 206 2152 2409 2235; baseline 0 -18"><span class='ocrx_word' id='word_1_121' title='bbox 206 2154 511 2218; x_wconf 89' lang='lat' dir='ltr'>horarum</span> <span class='ocrx_word' id='word_1_122' title='bbox 558 2154 731 2217; x_wconf 89' lang='lat' dir='ltr'>succi</span> <span class='ocrx_word' id='word_1_123' title='bbox 757 2152 1073 2216; x_wconf 89' lang='lat' dir='ltr'>limonum</span> <span class='ocrx_word' id='word_1_124' title='bbox 1102 2171 1327 2215; x_wconf 89' lang='lat' dir='ltr'>recens</span> <span class='ocrx_word' id='word_1_125' title='bbox 1357 2152 1638 2235; x_wconf 87' lang='lat' dir='ltr'>expressi</span> <span class='ocrx_word' id='word_1_126' title='bbox 1667 2154 1996 2217; x_wconf 85' lang='lat' dir='ltr'>cochleare</span> <span class='ocrx_word' id='word_1_127' title='bbox 2023 2176 2231 2217; x_wconf 89' lang='lat' dir='ltr'>unum</span> <span class='ocrx_word' id='word_1_128' title='bbox 2262 2176 2409 2218; x_wconf 92' lang='lat' dir='ltr'>cum</span> 
     </span>
     <span class='ocr_line' id='line_1_21' title="bbox 208 2256 2410 2344; baseline 0.001 -22"><span class='ocrx_word' id='word_1_129' title='bbox 208 2260 355 2323; x_wconf 88' lang='lat' dir='ltr'>salis</span> <span class='ocrx_word' id='word_1_130' title='bbox 408 2258 715 2322; x_wconf 85' lang='lat' dir='ltr'>absinthii</span> <span class='ocrx_word' id='word_1_131' title='bbox 766 2256 1063 2339; x_wconf 90' lang='lat' dir='ltr'>scrupulo</span> <span class='ocrx_word' id='word_1_132' title='bbox 1110 2277 1244 2319; x_wconf 90' lang='lat' dir='ltr'>uno</span> <span class='ocrx_word' id='word_1_133' title='bbox 1296 2264 1603 2335; x_wconf 89' lang='lat' dir='ltr'>assumat,</span> <span class='ocrx_word' id='word_1_134' title='bbox 1665 2256 1818 2321; x_wconf 90' lang='lat' dir='ltr'>dein</span> <span class='ocrx_word' id='word_1_135' title='bbox 1861 2259 2125 2323; x_wconf 89' lang='lat' dir='ltr'>laudani</span> <span class='ocrx_word' id='word_1_136' title='bbox 2181 2260 2410 2344; x_wconf 91' lang='lat' dir='ltr'>liquidi</span> 
     </span>
     <span class='ocr_line' id='line_1_22' title="bbox 207 2359 2405 2443; baseline 0.001 -18"><span class='ocrx_word' id='word_1_137' title='bbox 207 2368 425 2443; x_wconf 88' lang='lat' dir='ltr'>guttas</span> <span class='ocrx_word' id='word_1_138' title='bbox 457 2361 733 2425; x_wconf 87' lang='lat' dir='ltr'>sedecim</span> <span class='ocrx_word' id='word_1_139' title='bbox 756 2381 905 2423; x_wconf 92' lang='lat' dir='ltr'>cum</span> <span class='ocrx_word' id='word_1_140' title='bbox 936 2379 1137 2441; x_wconf 88' lang='lat' dir='ltr'>aquae</span> <span class='ocrx_word' id='word_1_141' title='bbox 1168 2359 1562 2423; x_wconf 86' lang='lat' dir='ltr'>cinnamomi</span> <span class='ocrx_word' id='word_1_142' title='bbox 1583 2360 1865 2425; x_wconf 86' lang='lat' dir='ltr'>fortioris</span> <span class='ocrx_word' id='word_1_143' title='bbox 1896 2362 2210 2427; x_wconf 88' lang='lat' dir='ltr'>cochleari</span> <span class='ocrx_word' id='word_1_144' title='bbox 2242 2385 2376 2428; x_wconf 82' lang='lat' dir='ltr'>uno</span> <span class='ocrx_word' id='word_1_145' title='bbox 2386 2390 2405 2442; x_wconf 90' lang='lat'>;</span> 
     </span>
     <span class='ocr_line' id='line_1_23' title="bbox 209 2462 2264 2549; baseline 0 -19"><span class='ocrx_word' id='word_1_146' title='bbox 209 2487 283 2530; x_wconf 90' lang='lat' dir='ltr'>ac</span> <span class='ocrx_word' id='word_1_147' title='bbox 312 2464 487 2530; x_wconf 89' lang='lat' dir='ltr'>brevi</span> <span class='ocrx_word' id='word_1_148' title='bbox 516 2471 680 2549; x_wconf 89' lang='lat' dir='ltr'>post,</span> <span class='ocrx_word' id='word_1_149' title='bbox 711 2469 999 2528; x_wconf 87' lang='lat' dir='ltr'>cessante</span> <span class='ocrx_word' id='word_1_150' title='bbox 1028 2462 1294 2541; x_wconf 88' lang='lat' dir='ltr'>vomitu,</span> <span class='ocrx_word' id='word_1_151' title='bbox 1326 2462 1580 2527; x_wconf 87' lang='lat' dir='ltr'>corticis</span> <span class='ocrx_word' id='word_1_152' title='bbox 1609 2485 1800 2528; x_wconf 88' lang='lat' dir='ltr'>usum</span> <span class='ocrx_word' id='word_1_153' title='bbox 1833 2465 2264 2549; x_wconf 83' lang='lat' dir='ltr'>aggrediatur.</span> 
     </span>
    </p>

    <p class='ocr_par' dir='ltr' id='par_1_8' title="bbox 206 2564 2681 3064">
     <span class='ocr_line' id='line_1_24' title="bbox 281 2564 2647 2652; baseline 0 -22"><span class='ocrx_word' id='word_1_154' title='bbox 281 2569 347 2652; x_wconf 88' lang='lat'>[5</span> <span class='ocrx_word' id='word_1_155' title='bbox 356 2569 401 2651; x_wconf 93' lang='lat'>.]</span> <span class='ocrx_word' id='word_1_156' title='bbox 417 2568 439 2610; x_wconf 83' lang='lat' dir='ltr'>t</span> <span class='ocrx_word' id='word_1_157' title='bbox 462 2568 546 2631; x_wconf 93' lang='lat' dir='ltr'>In</span> <span class='ocrx_word' id='word_1_158' title='bbox 555 2565 1151 2632; x_wconf 89' lang='lat' dir='ltr'>Intermittentibus</span> <span class='ocrx_word' id='word_1_159' title='bbox 1159 2564 1551 2630; x_wconf 88' lang='lat' dir='ltr'>Vernalibus</span> <span class='ocrx_word' id='word_1_160' title='bbox 1569 2588 2043 2651; x_wconf 89' lang='lat' dir='ltr'>nonnunquam</span> <span class='ocrx_word' id='word_1_161' title='bbox 2061 2569 2404 2633; x_wconf 90' lang='lat' dir='ltr'>emeticum</span> <span class='ocrx_word' id='word_1_162' title='bbox 2435 2583 2647 2632; x_wconf 81' lang='lat' dir='ltr'>Emetici</span> 
     </span>
     <span class='ocr_line' id='line_1_25' title="bbox 206 2649 2518 2756; baseline 0 -20"><span class='ocrx_word' id='word_1_163' title='bbox 206 2672 581 2755; x_wconf 89' lang='lat' dir='ltr'>tempestive</span> <span class='ocrx_word' id='word_1_164' title='bbox 622 2668 1034 2754; x_wconf 85' lang='lat' dir='ltr'>propinatum</span> <span class='ocrx_word' id='word_1_165' title='bbox 1070 2667 1168 2750; x_wconf 90' lang='lat' dir='ltr'>(ut</span> <span class='ocrx_word' id='word_1_166' title='bbox 1204 2689 1439 2751; x_wconf 90' lang='lat' dir='ltr'>nempe</span> <span class='ocrx_word' id='word_1_167' title='bbox 1480 2683 1630 2733; x_wconf 90' lang='lat' dir='ltr'>ante</span> <span class='ocrx_word' id='word_1_168' title='bbox 1661 2691 2112 2754; x_wconf 84' lang='lat' dir='ltr'>paroxysmum</span> <span class='ocrx_word' id='word_1_169' title='bbox 2143 2672 2405 2756; x_wconf 88' lang='lat' dir='ltr'>negotio</span> <span class='ocrx_word' id='word_1_170' title='bbox 2429 2649 2518 2705; x_wconf 63' lang='lat'>&#39;¹⁵&#39;</span> 
     </span>
     <span class='ocr_line' id='line_1_26' title="bbox 210 2771 2402 2858; baseline 0.001 -20"><span class='ocrx_word' id='word_1_171' title='bbox 210 2796 327 2838; x_wconf 91' lang='lat' dir='ltr'>suo</span> <span class='ocrx_word' id='word_1_172' title='bbox 386 2774 652 2856; x_wconf 87' lang='lat' dir='ltr'>defungi</span> <span class='ocrx_word' id='word_1_173' title='bbox 706 2772 951 2856; x_wconf 89' lang='lat' dir='ltr'>possit‚)</span> <span class='ocrx_word' id='word_1_174' title='bbox 1013 2771 1418 2835; x_wconf 86' lang='lat' dir='ltr'>foelicissime</span> <span class='ocrx_word' id='word_1_175' title='bbox 1484 2773 1805 2837; x_wconf 88' lang='lat' dir='ltr'>successit.</span> <span class='ocrx_word' id='word_1_176' title='bbox 1909 2775 2402 2858; x_wconf 88' lang='lat' dir='ltr'>Nonnunquam</span> 
     </span>
     <span class='ocr_line' id='line_1_27' title="bbox 209 2874 2681 2961; baseline -0 -20"><span class='ocrx_word' id='word_1_177' title='bbox 209 2899 437 2941; x_wconf 91' lang='lat' dir='ltr'>enema</span> <span class='ocrx_word' id='word_1_178' title='bbox 457 2877 528 2940; x_wconf 91' lang='lat' dir='ltr'>in</span> <span class='ocrx_word' id='word_1_179' title='bbox 548 2876 773 2940; x_wconf 88' lang='lat' dir='ltr'>diebus</span> <span class='ocrx_word' id='word_1_180' title='bbox 801 2874 1384 2938; x_wconf 86' lang='lat' dir='ltr'>intermittentibus</span> <span class='ocrx_word' id='word_1_181' title='bbox 1412 2896 1527 2958; x_wconf 89' lang='lat' dir='ltr'>per</span> <span class='ocrx_word' id='word_1_182' title='bbox 1556 2875 1845 2939; x_wconf 87' lang='lat' dir='ltr'>triduum</span> <span class='ocrx_word' id='word_1_183' title='bbox 1864 2877 1964 2939; x_wconf 87' lang='lat' dir='ltr'>vel</span> <span class='ocrx_word' id='word_1_184' title='bbox 1988 2877 2401 2959; x_wconf 89' lang='lat' dir='ltr'>quatriduum</span> <span class='ocrx_word' id='word_1_185' title='bbox 2428 2892 2476 2961; x_wconf 61' lang='lat' dir='ltr'>e}</span> <span class='ocrx_word' id='word_1_186' title='bbox 2488 2902 2681 2935; x_wconf 81' lang='lat' dir='ltr'>enema-</span> 
     </span>
     <span class='ocr_line' id='line_1_28' title="bbox 207 2957 2504 3064; baseline -0.002 -20"><span class='ocrx_word' id='word_1_187' title='bbox 207 2982 520 3064; x_wconf 87' lang='lat' dir='ltr'>injectum</span> <span class='ocrx_word' id='word_1_188' title='bbox 549 2979 949 3044; x_wconf 89' lang='lat' dir='ltr'>curationem</span> <span class='ocrx_word' id='word_1_189' title='bbox 978 2977 1265 3041; x_wconf 86' lang='lat' dir='ltr'>absolvit.</span> <span class='ocrx_word' id='word_1_190' title='bbox 2428 2957 2504 2999; x_wconf 55' lang='grc' dir='ltr'>ω’</span> 
     </span>
    </p>
   </div>
   <div class='ocr_carea' id='block_1_8' title="bbox 286 3065 2696 3165">
    <p class='ocr_par' dir='ltr' id='par_1_9' title="bbox 286 3065 2696 3165">
     <span class='ocr_line' id='line_1_29' title="bbox 286 3065 2696 3165; baseline -0 -17"><span class='ocrx_word' id='word_1_191' title='bbox 286 3079 482 3150; x_wconf 71' lang='lat' dir='ltr'>⁴Quae</span> <span class='ocrx_word' id='word_1_192' title='bbox 512 3081 808 3165; x_wconf 89' lang='lat' dir='ltr'>sequenti</span> <span class='ocrx_word' id='word_1_193' title='bbox 837 3101 1093 3164; x_wconf 90' lang='lat' dir='ltr'>quoque</span> <span class='ocrx_word' id='word_1_194' title='bbox 1120 3079 1313 3144; x_wconf 91' lang='lat' dir='ltr'>modo</span> <span class='ocrx_word' id='word_1_195' title='bbox 1342 3081 1580 3144; x_wconf 76' lang='lat' dir='ltr'>tentari</span> <span class='ocrx_word' id='word_1_196' title='bbox 1606 3086 1820 3165; x_wconf 90' lang='lat' dir='ltr'>potest</span> <span class='ocrx_word' id='word_1_197' title='bbox 1841 3107 1948 3146; x_wconf 92' lang='lat'>:—</span> <span class='ocrx_word' id='word_1_198' title='bbox 2295 3065 2307 3076; x_wconf 62' lang='grc'><strong>’</strong></span> <span class='ocrx_word' id='word_1_199' title='bbox 2430 3097 2696 3148; x_wconf 77' lang='lat' dir='ltr'>Methodus</span> 
     </span>
    </p>
   </div>
   <div class='ocr_carea' id='block_1_9' title="bbox 210 3171 2720 3295">
    <p class='ocr_par' dir='ltr' id='par_1_10' title="bbox 210 3171 2720 3295">
     <span class='ocr_line' id='line_1_30' title="bbox 210 3171 2720 3295; baseline 0.002 -22"><span class='ocrx_word' id='word_1_200' title='bbox 210 3221 415 3283; x_wconf 82' lang='lat' dir='ltr'>[Form.</span> <span class='ocrx_word' id='word_1_201' title='bbox 446 3221 589 3284; x_wconf 65' lang='lat'>153]</span> <span class='ocrx_word' id='word_1_202' title='bbox 602 3227 626 3250; x_wconf 85' lang='grc'><em>“</em></span> <span class='ocrx_word' id='word_1_203' title='bbox 664 3215 728 3295; x_wconf 62' lang='lat' dir='ltr'>R</span> <span class='ocrx_word' id='word_1_204' title='bbox 770 3215 1037 3292; x_wconf 84' lang='lat' dir='ltr'>[Radicis]</span> <span class='ocrx_word' id='word_1_205' title='bbox 1068 3215 1432 3287; x_wconf 83' lang='lat' dir='ltr'>Serpentariae</span> <span class='ocrx_word' id='word_1_206' title='bbox 1466 3215 1816 3287; x_wconf 66' lang='lat' dir='ltr'>virginianae</span> <span class='ocrx_word' id='word_1_207' title='bbox 1851 3216 2189 3271; x_wconf 84' lang='lat' dir='ltr'>subtilissime</span> <span class='ocrx_word' id='word_1_208' title='bbox 2224 3220 2404 3288; x_wconf 85' lang='lat' dir='ltr'>pulve-</span> <span class='ocrx_word' id='word_1_209' title='bbox 2429 3171 2720 3291; x_wconf 42' lang='grc' dir='ltr'>ἓξὲξ-131.</span> 
     </span>
    </p>
   </div>
   <div class='ocr_carea' id='block_1_10' title="bbox 485 3303 2406 3721">
    <p class='ocr_par' dir='ltr' id='par_1_11' title="bbox 485 3303 2406 3721">
     <span class='ocr_line' id='line_1_31' title="bbox 840 3303 1515 3374; baseline -0.003 -17"><span class='ocrx_word' id='word_1_210' title='bbox 840 3313 983 3357; x_wconf 84' lang='lat' dir='ltr'>ratae</span> <span class='ocrx_word' id='word_1_211' title='bbox 1008 3320 1175 3373; x_wconf 79' lang='lat' dir='ltr'>grana</span> <span class='ocrx_word' id='word_1_212' title='bbox 1196 3303 1515 3374; x_wconf 86' lang='lat' dir='ltr'>quindecim,</span> 
     </span>
     <span class='ocr_line' id='line_1_32' title="bbox 767 3390 1410 3454; baseline 0.002 -12"><span class='ocrx_word' id='word_1_213' title='bbox 767 3390 894 3444; x_wconf 87' lang='lat' dir='ltr'>Vini</span> <span class='ocrx_word' id='word_1_214' title='bbox 918 3391 1041 3444; x_wconf 86' lang='lat' dir='ltr'>Albi</span> <span class='ocrx_word' id='word_1_215' title='bbox 1064 3392 1250 3444; x_wconf 81' lang='lat' dir='ltr'>uncias</span> <span class='ocrx_word' id='word_1_216' title='bbox 1274 3397 1377 3443; x_wconf 83' lang='lat' dir='ltr'>tres</span> <span class='ocrx_word' id='word_1_217' title='bbox 1397 3411 1410 3454; x_wconf 90' lang='lat'><strong>;</strong></span> 
     </span>
     <span class='ocr_line' id='line_1_33' title="bbox 487 3476 2406 3546; baseline -0.002 -13"><span class='ocrx_word' id='word_1_218' title='bbox 487 3479 678 3534; x_wconf 87' lang='lat' dir='ltr'>Sumat</span> <span class='ocrx_word' id='word_1_219' title='bbox 713 3477 920 3531; x_wconf 88' lang='lat' dir='ltr'>duabus</span> <span class='ocrx_word' id='word_1_220' title='bbox 965 3477 1106 3531; x_wconf 87' lang='lat' dir='ltr'>horis</span> <span class='ocrx_word' id='word_1_221' title='bbox 1142 3484 1266 3530; x_wconf 85' lang='lat' dir='ltr'>ante</span> <span class='ocrx_word' id='word_1_222' title='bbox 1307 3491 1715 3546; x_wconf 81' lang='lat' dir='ltr'>paroxysmum3</span> <span class='ocrx_word' id='word_1_223' title='bbox 1761 3481 1816 3528; x_wconf 87' lang='lat' dir='ltr'>et</span> <span class='ocrx_word' id='word_1_224' title='bbox 1849 3476 2098 3544; x_wconf 81' lang='lat' dir='ltr'>stragulis</span> <span class='ocrx_word' id='word_1_225' title='bbox 2133 3483 2406 3546; x_wconf 86' lang='lat' dir='ltr'>coopertus</span> 
     </span>
     <span class='ocr_line' id='line_1_34' title="bbox 485 3559 2406 3635; baseline -0.001 -17"><span class='ocrx_word' id='word_1_226' title='bbox 485 3582 645 3635; x_wconf 86' lang='lat' dir='ltr'>aeger</span> <span class='ocrx_word' id='word_1_227' title='bbox 679 3564 834 3618; x_wconf 85' lang='lat' dir='ltr'>sudet</span> <span class='ocrx_word' id='word_1_228' title='bbox 856 3579 949 3634; x_wconf 88' lang='lat' dir='ltr'>per</span> <span class='ocrx_word' id='word_1_229' title='bbox 970 3571 1073 3616; x_wconf 85' lang='lat' dir='ltr'>tres</span> <span class='ocrx_word' id='word_1_230' title='bbox 1106 3562 1188 3615; x_wconf 82' lang='lat' dir='ltr'>vel</span> <span class='ocrx_word' id='word_1_231' title='bbox 1221 3569 1447 3632; x_wconf 81' lang='lat' dir='ltr'>quatuor</span> <span class='ocrx_word' id='word_1_232' title='bbox 1480 3561 1664 3614; x_wconf 86' lang='lat' dir='ltr'>horas:</span> <span class='ocrx_word' id='word_1_233' title='bbox 1702 3561 1846 3614; x_wconf 88' lang='lat' dir='ltr'>idem</span> <span class='ocrx_word' id='word_1_234' title='bbox 1877 3559 2118 3616; x_wconf 77' lang='lat' dir='ltr'>faciendo</span> <span class='ocrx_word' id='word_1_235' title='bbox 2149 3579 2244 3632; x_wconf 88' lang='lat' dir='ltr'>per</span> <span class='ocrx_word' id='word_1_236' title='bbox 2273 3563 2406 3617; x_wconf 84' lang='lat' dir='ltr'>duas</span> 
     </span>
     <span class='ocr_line' id='line_1_35' title="bbox 486 3653 1341 3721; baseline -0.005 -15"><span class='ocrx_word' id='word_1_237' title='bbox 486 3654 617 3706; x_wconf 86' lang='lat' dir='ltr'>alias</span> <span class='ocrx_word' id='word_1_238' title='bbox 641 3653 779 3705; x_wconf 84' lang='lat' dir='ltr'>vices</span> <span class='ocrx_word' id='word_1_239' title='bbox 802 3660 927 3705; x_wconf 85' lang='lat' dir='ltr'>ante</span> <span class='ocrx_word' id='word_1_240' title='bbox 950 3667 1341 3721; x_wconf 83' lang='lat' dir='ltr'>paroxysmum.</span> 
     </span>
    </p>
   </div>
   <div class='ocr_carea' id='block_1_11' title="bbox 204 3769 2406 3960">
    <p class='ocr_par' dir='ltr' id='par_1_12' title="bbox 204 3769 2406 3960">
     <span class='ocr_line' id='line_1_36' title="bbox 304 3769 2406 3858; baseline -0 -22"><span class='ocrx_word' id='word_1_241' title='bbox 304 3773 425 3858; x_wconf 92' lang='lat'><strong>[6.]</strong></span> <span class='ocrx_word' id='word_1_242' title='bbox 484 3773 553 3838; x_wconf 90' lang='lat' dir='ltr'>Si</span> <span class='ocrx_word' id='word_1_243' title='bbox 603 3771 684 3836; x_wconf 90' lang='lat' dir='ltr'>ab</span> <span class='ocrx_word' id='word_1_244' title='bbox 730 3770 1147 3854; x_wconf 89' lang='lat' dir='ltr'>ingeminatis</span> <span class='ocrx_word' id='word_1_245' title='bbox 1197 3769 1592 3854; x_wconf 83' lang='lat' dir='ltr'>paroxysmis</span> <span class='ocrx_word' id='word_1_246' title='bbox 1639 3791 1890 3833; x_wconf 89' lang='lat' dir='ltr'>summe</span> <span class='ocrx_word' id='word_1_247' title='bbox 1937 3769 2166 3834; x_wconf 86' lang='lat' dir='ltr'>debilis</span> <span class='ocrx_word' id='word_1_248' title='bbox 2208 3771 2406 3835; x_wconf 84' lang='lat' dir='ltr'>fuerit</span> 
     </span>
     <span class='ocr_line' id='line_1_37' title="bbox 204 3897 503 3960; baseline -0.007 -20"><span class='ocrx_word' id='word_1_249' title='bbox 204 3897 503 3960; x_wconf 90' lang='lat' dir='ltr'>aeger,—</span> 
     </span>
    </p>
   </div>
   <div class='ocr_carea' id='block_1_12' title="bbox 206 4007 1622 4078">
    <p class='ocr_par' dir='ltr' id='par_1_13' title="bbox 206 4007 1622 4078">
     <span class='ocr_line' id='line_1_38' title="bbox 206 4007 1622 4078; baseline -0.004 -13"><span class='ocrx_word' id='word_1_250' title='bbox 206 4012 410 4076; x_wconf 82' lang='lat' dir='ltr'>[Form.</span> <span class='ocrx_word' id='word_1_251' title='bbox 439 4011 621 4075; x_wconf 79' lang='lat'>154.]¹</span> <span class='ocrx_word' id='word_1_252' title='bbox 658 4007 722 4075; x_wconf 71' lang='lat' dir='ltr'>R</span> <span class='ocrx_word' id='word_1_253' title='bbox 762 4010 1059 4063; x_wconf 84' lang='lat' dir='ltr'>Conservae</span> <span class='ocrx_word' id='word_1_254' title='bbox 1082 4007 1269 4062; x_wconf 86' lang='lat' dir='ltr'>florum</span> <span class='ocrx_word' id='word_1_255' title='bbox 1295 4007 1622 4078; x_wconf 76' lang='lat' dir='ltr'>BorraginiS,</span> 
     </span>
    </p>
   </div>
   <div class='ocr_carea' id='block_1_13' title="bbox 767 4098 2196 4250">
    <p class='ocr_par' dir='ltr' id='par_1_14' title="bbox 767 4098 2196 4250">
     <span class='ocr_line' id='line_1_39' title="bbox 768 4098 2196 4170; baseline -0.003 -16"><span class='ocrx_word' id='word_1_256' title='bbox 768 4101 1092 4170; x_wconf 80' lang='lat' dir='ltr'>[conservae</span> <span class='ocrx_word' id='word_1_257' title='bbox 1115 4099 1330 4168; x_wconf 88' lang='lat' dir='ltr'>florum]</span> <span class='ocrx_word' id='word_1_258' title='bbox 1357 4098 1624 4169; x_wconf 85' lang='lat' dir='ltr'>Buglossi,</span> <span class='ocrx_word' id='word_1_259' title='bbox 1647 4115 1754 4152; x_wconf 89' lang='lat' dir='ltr'>ana</span> <span class='ocrx_word' id='word_1_260' title='bbox 1773 4101 1990 4153; x_wconf 86' lang='lat' dir='ltr'>unciam</span> <span class='ocrx_word' id='word_1_261' title='bbox 2013 4114 2196 4162; x_wconf 80' lang='lat' dir='ltr'>unam,</span> 
     </span>
     <span class='ocr_line' id='line_1_40' title="bbox 767 4186 1679 4250; baseline -0.001 -11"><span class='ocrx_word' id='word_1_262' title='bbox 767 4186 1064 4240; x_wconf 83' lang='lat' dir='ltr'>Conservae</span> <span class='ocrx_word' id='word_1_263' title='bbox 1086 4187 1289 4241; x_wconf 76' lang='lat' dir='ltr'>Anthos</span> <span class='ocrx_word' id='word_1_264' title='bbox 1313 4187 1679 4250; x_wconf 81' lang='lat' dir='ltr'>semiunciam,</span> 
     </span>
    </p>
   </div>
   <div class='ocr_carea' id='block_1_14' title="bbox 200 4304 2140 4566">
    <p class='ocr_par' dir='ltr' id='par_1_15' title="bbox 267 4304 2140 4499">
     <span class='ocr_line' id='line_1_41' title="bbox 268 4304 2017 4365; baseline -0.003 -9"><span class='ocrx_word' id='word_1_265' title='bbox 268 4315 289 4348; x_wconf 69' lang='lat'><strong>⁹</strong></span> <span class='ocrx_word' id='word_1_266' title='bbox 325 4308 402 4358; x_wconf 81' lang='lat' dir='ltr'>cf.</span> <span class='ocrx_word' id='word_1_267' title='bbox 433 4306 573 4355; x_wconf 81' lang='lat' dir='ltr'>form.</span> <span class='ocrx_word' id='word_1_268' title='bbox 598 4308 676 4355; x_wconf 85' lang='grc'>61.</span> <span class='ocrx_word' id='word_1_269' title='bbox 1348 4310 1519 4365; x_wconf 72' lang='lat' dir='ltr'>tianae,</span> <span class='ocrx_word' id='word_1_270' title='bbox 1544 4305 1716 4353; x_wconf 90' lang='lat' dir='ltr'>deinde</span> <span class='ocrx_word' id='word_1_271' title='bbox 1738 4304 1878 4352; x_wconf 81' lang='lat' dir='ltr'>form.</span> <span class='ocrx_word' id='word_1_272' title='bbox 1909 4306 2017 4352; x_wconf 82' lang='lat'><strong>153.</strong></span> 
     </span>
     <span class='ocr_line' id='line_1_42' title="bbox 268 4365 2140 4434; baseline -0.003 -13"><span class='ocrx_word' id='word_1_273' title='bbox 268 4380 286 4402; x_wconf 73' lang='lat'>²</span> <span class='ocrx_word' id='word_1_274' title='bbox 321 4373 396 4421; x_wconf 87' lang='lat' dir='ltr'>Cf.</span> <span class='ocrx_word' id='word_1_275' title='bbox 421 4375 575 4434; x_wconf 69' lang='lat' dir='ltr'>Epist.</span> <span class='ocrx_word' id='word_1_276' title='bbox 596 4373 817 4431; x_wconf 63' lang='lat' dir='ltr'>stupam.</span> <span class='ocrx_word' id='word_1_277' title='bbox 840 4373 884 4420; x_wconf 88' lang='grc' dir='ltr'>Ι.</span> <span class='ocrx_word' id='word_1_278' title='bbox 911 4373 935 4432; x_wconf 61' lang='grc' dir='ltr'><strong><em>ἦ</em></strong></span> <span class='ocrx_word' id='word_1_279' title='bbox 961 4369 1022 4422; x_wconf 85' lang='grc'>27</span> <span class='ocrx_word' id='word_1_280' title='bbox 1046 4386 1117 4434; x_wconf 82' lang='lat' dir='ltr'>sq.</span> <span class='ocrx_word' id='word_1_281' title='bbox 1414 4371 1433 4405; x_wconf 82' lang='lat' dir='ltr'>t</span> <span class='ocrx_word' id='word_1_282' title='bbox 1467 4370 1544 4418; x_wconf 82' lang='lat' dir='ltr'>cf.</span> <span class='ocrx_word' id='word_1_283' title='bbox 1575 4373 1756 4418; x_wconf 77' lang='lat' dir='ltr'>Observ.</span> <span class='ocrx_word' id='word_1_284' title='bbox 1784 4371 1908 4418; x_wconf 78' lang='lat' dir='ltr'>Med.</span> <span class='ocrx_word' id='word_1_285' title='bbox 1935 4368 1965 4416; x_wconf 87' lang='lat' dir='ltr'>i.</span> <span class='ocrx_word' id='word_1_286' title='bbox 1991 4371 2035 4417; x_wconf 82' lang='lat'>5.</span> <span class='ocrx_word' id='word_1_287' title='bbox 2067 4365 2140 4418; x_wconf 85' lang='lat'>1⁷.</span> 
     </span>
     <span class='ocr_line' id='line_1_43' title="bbox 267 4433 1823 4499; baseline -0.004 -14"><span class='ocrx_word' id='word_1_288' title='bbox 267 4439 287 4462; x_wconf 88' lang='lat'>⁸</span> <span class='ocrx_word' id='word_1_289' title='bbox 322 4438 517 4485; x_wconf 78' lang='lat' dir='ltr'>Desunt</span> <span class='ocrx_word' id='word_1_290' title='bbox 556 4439 609 4499; x_wconf 65' lang='lat'>§5</span> <span class='ocrx_word' id='word_1_291' title='bbox 651 4433 776 4486; x_wconf 78' lang='lat'><em>4—-7</em></span> <span class='ocrx_word' id='word_1_292' title='bbox 816 4435 869 4484; x_wconf 84' lang='lat' dir='ltr'>in</span> <span class='ocrx_word' id='word_1_293' title='bbox 912 4436 989 4483; x_wconf 87' lang='lat' dir='ltr'>ed.</span> <span class='ocrx_word' id='word_1_294' title='bbox 1026 4437 1121 4493; x_wconf 79' lang='lat'>’93,</span> <span class='ocrx_word' id='word_1_295' title='bbox 1174 4450 1260 4498; x_wconf 83' lang='lat' dir='ltr'>pro</span> <span class='ocrx_word' id='word_1_296' title='bbox 1412 4433 1435 4456; x_wconf 71' lang='lat'>⁰</span> <span class='ocrx_word' id='word_1_297' title='bbox 1474 4435 1552 4482; x_wconf 86' lang='lat' dir='ltr'>cf.</span> <span class='ocrx_word' id='word_1_298' title='bbox 1579 4435 1718 4481; x_wconf 85' lang='lat' dir='ltr'>form.</span> <span class='ocrx_word' id='word_1_299' title='bbox 1743 4436 1823 4483; x_wconf 85' lang='grc'>57.</span> 
     </span>
    </p>

    <p class='ocr_par' dir='ltr' id='par_1_16' title="bbox 200 4497 1816 4566">
     <span class='ocr_line' id='line_1_44' title="bbox 200 4497 1816 4566; baseline -0.003 -17"><span class='ocrx_word' id='word_1_300' title='bbox 200 4501 382 4566; x_wconf 81' lang='lat' dir='ltr'>quibus</span> <span class='ocrx_word' id='word_1_301' title='bbox 412 4503 577 4549; x_wconf 77' lang='lat' dir='ltr'>Altera</span> <span class='ocrx_word' id='word_1_302' title='bbox 620 4503 852 4548; x_wconf 71' lang='lat' dir='ltr'>methodus</span> <span class='ocrx_word' id='word_1_303' title='bbox 898 4501 1094 4548; x_wconf 75' lang='lat' dir='ltr'>curandi</span> <span class='ocrx_word' id='word_1_304' title='bbox 1144 4501 1255 4548; x_wconf 88' lang='lat' dir='ltr'>Ter·</span> <span class='ocrx_word' id='word_1_305' title='bbox 1414 4507 1436 4532; x_wconf 81' lang='lat'>²</span> <span class='ocrx_word' id='word_1_306' title='bbox 1474 4498 1550 4546; x_wconf 83' lang='lat' dir='ltr'>cf.</span> <span class='ocrx_word' id='word_1_307' title='bbox 1578 4497 1816 4546; x_wconf 75' lang='lat' dir='ltr'>form.14.</span> 
     </span>
    </p>
   </div>
  </div>
 </body>
</html>
