3138 5006
730 292 1223 358 SCHEDULA
1267 292 1802 358 MONITORIA
1845 290 1976 357 III.
2328 294 2456 357 523

257 455 591 537 ingratum
616 453 971 519 redderem.
1060 454 1167 519 Ab
1197 453 1466 539 hujusce
1504 454 1772 518 remedii
1800 474 1926 537 usn
1953 452 2056 517 vix
2086 453 2214 517 dici
2243 460 2457 537 queat,
2482 470 2757 519 Danru

260 564 578 641 quantum
612 578 734 641 ego
768 557 1103 635 levaminis
1137 556 1305 621 circa
1354 558 1615 621 Renum
1659 556 1991 641 regionem
2025 556 2454 641 perceperim5
2507 534 2742 647 Ξζζοὲζ

257 660 409 726 licet
438 659 614 723 enim
650 666 843 724 antea
871 680 1007 726 non
1042 680 1293 743 semper
1335 659 1628 725 dolerent
1659 660 1893 739 Renes,
1924 664 2148 723 tamen
2174 658 2458 742 pondere

259 759 537 844 quodam
567 760 890 844 gravativo
918 768 986 825 et
1014 761 1285 825 molesto
1314 781 1506 825 sensu
1534 760 1995 825 afficiebantur.
2087 759 2282 825 Quod
2309 782 2459 825 cum

258 862 353 927 ita
378 862 650 927 feliciter
686 863 847 927 mihi
886 863 1095 941 cessit,
1126 862 1299 927 idem
1334 862 1760 928 catharticum
1804 862 2072 945 singulis
2109 861 2458 926 hebdoma-

262 964 360 1033 dis
404 971 575 1029 stato
605 965 879 1049 quodam
928 965 1031 1031 die
1075 965 1158 1030 ad
1192 986 1447 1029 menses
1490 965 1735 1049 aliquot
1777 965 2118 1029 continuos
2160 965 2233 1028 in
2265 986 2462 1029 usum

260 1067 679 1148 revocabam,
737 1075 813 1132 et
868 1073 1016 1151 post
1073 1068 1361 1151 singulas
1420 1068 1786 1133 catharseos
1841 1068 2010 1133 vices
2067 1067 2296 1131 melius
2353 1086 2460 1131 me

262 1169 562 1235 habuisse
590 1170 783 1253 plane
826 1191 973 1233 sum
1010 1178 1329 1253 expertus,
1361 1169 1563 1235 donec
1601 1171 1868 1235 tandem
1904 1170 2102 1237 etiam
2135 1169 2459 1234 rudiorem

263 1294 489 1338 currus
526 1274 1127 1358 conquassationem
1162 1274 1329 1341 ferre
1364 1274 1706 1357 potuerim,
1746 1273 1827 1337 ab
1867 1274 1990 1338 hoc
2032 1280 2459 1358 symptomate

260 1397 521 1460 prorsus
543 1377 851 1441 liberatus
873 1397 1079 1459 usque
1108 1376 1193 1440 ad
1220 1376 1385 1440 veris
1412 1384 1670 1459 tempus
1685 1378 1824 1460 jam
1841 1376 2126 1461 proxime
2148 1376 2458 1459 elapsum.

265 1477 413 1543 Quo
458 1483 819 1561 appetente,
864 1499 1015 1541 cum
1053 1500 1168 1562 per
1206 1500 1642 1562 praegressam
1684 1479 1984 1563 hyemem
2025 1478 2160 1543 fere
2203 1499 2462 1543 omnem

261 1580 547 1662 podagra
590 1579 997 1658 laborassem,
1044 1587 1111 1643 et
1159 1601 1313 1664 prae
1359 1580 1559 1643 nimia
1609 1581 1888 1664 corporis
1939 1576 2021 1645 a'd
2066 1586 2319 1645 motum
2362 1581 2460 1643 in-

264 1681 601 1747 habilitate
649 1682 851 1766 quieti
895 1689 960 1746 et
1003 1680 1305 1768 ἀκινησίᾳ
1346 1684 1550 1765 magis
1597 1704 1790 1766 quam
1838 1683 1992 1747 alias
2037 1683 2321 1747 solebam
2363 1684 2463 1747 in-

268 1783 852 1869 dulsissem,:rediit
898 1784 1112 1848 denuo
1160 1784 1511 1867 Sanguinis
1554 1785 1822 1849 Mictus.
1916 1784 2046 1851 Hic
2089 1806 2209 1869 ego
2251 1807 2340 1850 an
2382 1787 2466 1849 ad

267 1887 593 1951 catharsin
637 1908 743 1951 me
784 1886 1023 1951 iterum
1068 1888 1415 1969 reciperem
1452 1887 1798 1953 haerebam
1843 1886 2115 1966 dubius3
2161 1889 2466 1972 quoniam

266 1990 527 2073 nuperis
572 1989 748 2055 hisce
800 1990 1007 2068 annis,
1056 1990 1236 2054 omni
1292 1991 1573 2073 corporis
1625 1990 1989 2055 substantia
2031 1991 2102 2055 in
2146 1992 2466 2074 podagrae

266 2091 485 2155 sedem
512 2098 579 2155 et
607 2090 901 2154 fomitem
946 2092 1129 2174 quasi
1169 2112 1481 2175 perversa,
1512 2092 1958 2172 catharticum,
1991 2094 2468 2176 quantumlibet

264 2194 431 2273 lene,
463 2193 791 2257 diutinum
832 2192 1155 2276 podagrae
1195 2215 1652 2277 paroxysmum
1697 2203 1872 2259 certo
1915 2195 2151 2258 certius
2189 2216 2467 2259 accerse-

264 2294 399 2360 bat.
488 2295 777 2359 Tandem
823 2294 1040 2359 animo
1086 2296 1517 2375 succurrebat,
1552 2296 1743 2379 quod,
1776 2296 1830 2360 si
1856 2297 2296 2380 paregoricum
2338 2298 2468 2361 sin-

269 2397 434 2480 gulis
473 2396 771 2461 noctibus
809 2405 955 2481 post
994 2398 1446 2481 purgationem
1485 2398 1876 2477 adhiberem,
1910 2421 2036 2483 quo
2070 2400 2392 2463 tumultus
2431 2422 2472 2465 a

268 2499 621 2564 cathartico
651 2499 965 2564 excitatus
995 2500 1343 2580 sedaretur,
1376 2523 1559 2584 posse
1589 2523 1695 2566 me
1723 2502 2061 2586 pristinam
2088 2501 2470 2589 methodum

268 2623 547 2666 mannae
576 2603 775 2666 semel
800 2602 873 2666 in
900 2603 1301 2667 hebdomade
1336 2604 1680 2686 capiendae
1718 2611 1863 2668 tuto
1891 2625 2234 2668 resumere.
2327 2605 2470 2670 Un-

268 2707 401 2770 cias
430 2707 647 2790 itaque
678 2705 838 2768 duas
878 2726 1029 2768 cum
1067 2705 1329 2770 semisse
1366 2707 1437 2770 in
1475 2707 1602 2772 seri
1638 2708 1822 2772 lactis
1851 2708 2030 2771 libris
2060 2708 2311 2772 duabus
2341 2706 2468 2772 dis-

268 2808 514 2872 solutas
563 2828 756 2871 mane
803 2806 1011 2885 hausi,
1052 2813 1119 2870 et
1160 2827 1300 2872 sero
1346 2816 1567 2890 guttas
1619 2809 1895 2872 sedecim
1939 2809 2204 2873 laudeni
2242 2809 2471 2892 liquidi

266 2911 341 2974 in
370 2910 675 2974 cerevisia
701 2905 903 2974 tenui'
918 2908 1311 2974 dormiturus
1341 2910 1565 2993 adjeci,
1590 2918 1658 2974 et
1686 2932 1994 2974 mannam
2023 2918 2088 2974 et
2116 2911 2472 2975 laudanum

272 3013 445 3078 dicto
483 3012 677 3076 modo
710 3018 1030 3095 repetens,
1060 3012 1159 3076 bis
1196 3012 1267 3076 in
1307 3014 1668 3096 septimana
1705 3014 1787 3078 ad
1827 3034 1937 3078 sex
1964 3013 2149 3077 vices.
2240 3013 2475 3078 Postea

268 3136 418 3180 vero
468 3137 713 3180 manna
764 3114 964 3178 semel
1008 3115 1080 3177 in
1128 3114 1487 3198 septimana
1531 3122 1794 3180 tantum
1838 3122 2075 3194 uterer,
2127 3115 2474 3179 humorum

268 3220 485 3284 illuvie
518 3221 658 3304 jam
695 3220 789 3284 ita
833 3218 1085 3302 copiose
1130 3239 1169 3282 a
1212 3218 1565 3283 cathartico
1610 3217 1946 3296 subducta,
1990 3225 2068 3282 ut
2108 3239 2149 3282 a
2188 3219 2472 3301 podagra

269 3324 485 3388 minus
524 3321 949 3387 metuendum
993 3329 1151 3386 erat.
1242 3322 1411 3386 Cum
1443 3329 1665 3385 tamen
1709 3343 1855 3384 mea
1887 3321 2048 3386 mihi
2089 3322 2254 3386 ratio
2281 3323 2474 3405 plane

266 3427 623 3505 dictaverit,
656 3425 848 3509 quod,
880 3425 936 3488 si
962 3425 1268 3488 facultate
1308 3425 1539 3507 aliqua,
1572 3424 1702 3488 sive
1746 3424 2149 3503 dissolvente,
2181 3424 2311 3488 sive
2347 3425 2474 3489 alio

274 3529 493 3612 quovis
539 3528 733 3592 modo
778 3526 1265 3610 lithontriptica,
1312 3527 1508 3590 fuerit
1550 3526 1862 3609 insignita
1904 3548 2164 3605 manna,
2209 3526 2474 3590 omnino

275 3639 373 3694 est
418 3651 676 3694 necesse
732 3635 809 3692 ut
860 3628 1427 3706 medicamentum,
1475 3629 1661 3711 quale
1706 3636 1805 3692 est
1846 3629 2218 3706 laudanum,
2267 3628 2475 3692 valide

276 3732 659 3814 astringens,
688 3731 973 3809 remedii,
1004 3731 1076 3793 in
1121 3751 1247 3813 quo
1292 3751 1471 3813 spem
1514 3731 1984 3810 collocaveram,
2017 3731 2362 3795 efficaciam
2401 3751 2476 3793 ac

275 3834 405 3897 vim
465 3833 912 3917 quadantenus
962 3832 1318 3916 infringam
1384 3834 1584 3897 satius
1644 3854 1780 3897 esse
1839 3833 1995 3896 duxi
2051 3833 2477 3916 hypnoticum

276 3937 545 4000 missum
587 3936 816 4014 facere,
853 3956 1004 3998 cum
1034 3936 1173 4020 jam
1218 3935 1414 3998 semel
1456 3943 1718 3999 tantum
1756 3935 1829 3997 in
1866 3936 2224 4018 septimana
2263 3935 2478 3998 alvum

275 4041 607 4104 solverem.
704 4036 829 4123 [5.]
886 4038 969 4101 In
1017 4059 1145 4121 qua
1173 4039 1478 4103 methodo
1498 4041 1638 4123 jam
1668 4039 1751 4102 ad
1779 4059 2032 4102 menses
2061 4039 2306 4121 aliquot
2334 4056 2476 4118 per-

276 4142 551 4206 stiterim
561 4151 605 4222 ⁰,
650 4141 931 4206 eundem
976 4141 1370 4224 septimanae
1412 4142 1584 4206 diem
1623 4141 1861 4224 ubique
1901 4140 2178 4204 catharsi
2218 4140 2479 4219 dicans3

274 4267 397 4310 nec
426 4266 531 4309 me
560 4245 642 4309 ab
671 4245 795 4309 hoc
823 4264 968 4308 meo
996 4265 1193 4322 more,
1226 4265 1305 4308 ex
1350 4265 1733 4328 quacunque
1776 4245 1928 4308 data
1966 4265 2141 4322 ansa,
2173 4244 2480 4308 dimoveri

277 4345 583 4429 patererd.
674 4346 878 4425 Licet,
918 4369 957 4410 a
998 4345 1207 4429 prima
1250 4347 1517 4411 remedii
1569 4346 1764 4429 hujus
1812 4347 1970 4426 dosi,
2023 4345 2206 4410 dolor
2255 4347 2368 4430 qui
2407 4347 2481 4412 in

344 4481 363 4504 ‘
396 4477 567 4538 aliquot
584 4473 795 4538 peruia]
820 4477 1187 4538 aliquammultos
1202 4479 1400 4536 persisto
1423 4475 1494 4524 ed.
1522 4475 1618 4523 ’86.
1814 4471 1836 4503 ‘¹
1863 4473 2081 4538 paterer]
2099 4479 2256 4538 pacior
2279 4475 2352 4532 ed.
2378 4477 2472 4524 ’86.
