3138 5006
707 257 796 320 40
1331 257 1723 324 THOMAE
1772 256 2289 322 SYDENHAM

449 428 647 478 Faunus
709 417 934 483 eadem
963 419 1264 484 conclusa
1303 439 1377 486 ac
1414 419 1536 503 ipsi
1576 419 1842 484 inimica
1880 425 2271 499 secernatur,
2298 418 2399 484 vel
2438 425 2516 486 ut
2550 418 2821 502 sanguis
2850 417 2922 482 in

405 494 685 606 ᾓῗοῗέζ,
709 542 943 586 novam
973 522 1256 605 aliquam
1287 521 1615 586 diathesin
1642 522 2049 587 immutetur.

411 624 688 696 ,El-1⁹93·-
805 623 932 708 [2.]
971 624 1191 707 Atque
1219 624 1290 688 in
1321 623 1442 688 hoc
1473 625 1736 707 negotio
1758 625 1965 708 magis
1988 623 2228 689 arridet
2242 625 2441 690 latius
2458 631 2525 689 et
2550 624 2919 706 generalius

407 716 628 828 ss't'ffg·
711 727 1130 790 commotionis
1177 726 1583 805 vocabulum‚
1628 749 1823 810 quam
1872 728 1972 791 vel
1998 727 2523 808 fermentationis,
2562 728 2669 792 vel
2702 727 2917 790 ebulli-

409 849 556 906 atque
712 830 942 902 tioni83
1003 828 1239 912 quippe
1299 828 1472 911 quod
1541 829 1757 894 inanis
1822 827 2223 917 λογομαχὰιε
2280 831 2687 896 occasionem
2734 851 2919 913 prae-

409 909 644 1019 {2:⁴3ssssss
713 931 984 1009 scindat,
1017 951 1212 1013 quam
1239 930 1528 993 fortassis
1562 930 1931 994 istiusmodi
1972 951 2157 995 voces
2192 933 2379 1014 (quae
2422 931 2677 995 etiamsi
2719 931 2921 1013 expli-

407 1035 525 1082 bula
545 1035 638 1082 mi-
712 1033 1034 1098 cationem
1061 1053 1202 1096 non
1231 1031 1709 1096 incommodam
1736 1033 2110 1112 admittant,
2130 1039 2353 1098 tamen
2382 1034 2601 1096 minus
2624 1033 2921 1117 propriae

409 1115 512 1226 ΞΞῘ,
521 1114 610 1210 ξ’ζο
595 1127 688 1210 132.
713 1156 788 1200 ac
817 1133 1118 1201 nonnihil
1145 1134 1434 1200 duriores
1463 1135 1795 1198 nonnullis
1822 1135 2168 1219 videntum)
2202 1136 2378 1200 haud
2408 1136 2564 1200 satis
2594 1143 2918 1200 caverent.

409 1227 690 1354 3332&
717 1236 1026 1302 Quamvis
1099 1237 1276 1300 enim
1347 1237 1591 1300 cruoris
1663 1237 1737 1300 in
1794 1236 2108 1302 Febribus
2168 1237 2533 1316 commotio,
2591 1237 2923 1320 liquorum

413 1363 602 1420 pantur.
715 1338 1172 1422 vegetabilium
1217 1339 1372 1403 alias
1406 1339 1990 1418 fermentationem,
2036 1340 2192 1404 alias
2236 1341 2433 1404 etiam
2466 1339 2923 1404 ebullitionem

718 1441 1119 1518 aemuletur3
1181 1463 1318 1505 non
1360 1441 1601 1507 desunt
1648 1441 2071 1506 nihilominus
2119 1443 2233 1524 qui
2288 1442 2561 1506 eandem
2604 1461 2745 1506 non
2790 1463 2927 1506 uno

715 1543 909 1608 modo
960 1542 1042 1607 ab
1093 1551 1367 1628 utraque
1416 1545 1773 1628 plurimum
1818 1543 2075 1609 differre
2127 1544 2547 1609 arbitrantur.
2638 1543 2746 1608 De
2798 1543 2927 1607 fer-

715 1645 1116 1710 mentatione
1167 1667 1376 1710 unum
1437 1647 1791 1712 alterumve
1852 1646 1933 1710 ab
1990 1647 2118 1712 illis
2178 1653 2472 1712 sumatur
2530 1645 2925 1729 exemplum.

413 1763 476 1840 ¹3¹
499 1764 678 1826 quibus
717 1749 955 1826 Prim0‚
1003 1748 1152 1812 licet
1209 1748 1776 1813 fermentescentia
1820 1749 2064 1834 liquida
2110 1749 2401 1812 vinosam
2447 1747 2779 1831 quandam
2826 1749 2928 1812 in-

411 1829 574 1954 (ἓξὲξ
583 1843 694 1940 sgn-
719 1850 928 1916 dolem
965 1851 1060 1915 ita
1101 1852 1386 1915 nancisci
1429 1853 1679 1916 soleant
1724 1859 1800 1916 ut
1845 1853 2142 1936 spiritum
2188 1851 2525 1915 ardentem
2567 1872 2649 1914 ex
2688 1850 2929 1915 iisdem

411 1957 604 2004 bullitio
625 1973 656 2004 ⁸
719 1952 1065 2018 destillatio
1117 1953 1353 2032 eliciat,
1399 1961 1597 2038 atque
1653 1955 1725 2018 in
1770 1962 2023 2018 acetum
2080 1953 2269 2018 facile
2317 1953 2695 2032 desciscant,
2753 1953 2932 2036 quod

410 2021 692 2132 3532?er
716 2056 930 2139 ipsum
975 2055 1217 2138 insigni
1267 2077 1452 2120 acore
1498 2057 1717 2140 pollet,
1772 2065 1837 2122 et
1890 2056 2187 2140 spiritum
2234 2056 2490 2120 acidum
2534 2055 2931 2120 destillando

409 2151 669 2262 332⁸*
721 2157 1020 2236 exhibet3
1065 2164 1366 2222 neutram
1405 2166 1629 2224 tamen
1673 2159 1989 2242 ejusmodi
2026 2158 2456 2224 mutationem
2492 2158 2564 2220 in
2604 2157 2933 2239 sanguine

567 2249 581 2262 ⁰
718 2260 1032 2326 hactenus
1061 2260 1460 2326 observatam
1489 2261 1687 2326 fuisse
1716 2261 2139 2328 contendunt.

805 2363 1058 2427 Deinde
1087 2363 1332 2427 adverti
1368 2364 1594 2428 volunt
1629 2363 1803 2446 quod
1842 2384 1995 2428 cum
2021 2363 2093 2426 in
2128 2361 2484 2446 liquoribus
2523 2361 2767 2424 vinosis
2799 2361 2933 2424 fer-

715 2465 1028 2531 mentatio
1076 2472 1142 2531 et
1194 2465 1529 2551 depuratio
1576 2465 1804 2531 eodem
1850 2472 2139 2549 tempore
2176 2470 2589 2548 peragantur,
2628 2470 2695 2531 et
2742 2465 2933 2548 quasi

717 2568 980 2651 paribus
1030 2568 1323 2651 passibus
1381 2570 1753 2653 procedant,
1804 2568 2140 2653 deputatio
2187 2577 2409 2634 tamen
2456 2568 2797 2651 sanguinis
2854 2568 2935 2631 in

721 2670 1034 2737 Febribus
1063 2672 1352 2755 ejusdem
1382 2672 1852 2737 aestuationem
1881 2694 2017 2736 non
2044 2670 2410 2749 comitetur,
2432 2671 2543 2735 sed
2572 2692 2933 2754 consequa-

720 2782 849 2853 tur,
873 2774 943 2838 id
961 2774 1133 2859 quod
1155 2775 1224 2838 in
1240 2797 1622 2859 paroxysmo
1644 2774 1883 2841 Febrili
1903 2797 2019 2859 per
2048 2774 2311 2839 sudores
2335 2775 2565 2853 soluto,
2586 2775 2689 2838 vel
2708 2774 2933 2839 oculo-

719 2897 868 2941 rum
897 2877 1267 2942 testimonio
1293 2885 1514 2961 patere
1543 2878 1935 2943 existimant.

819 2980 942 3063 [3.]
999 2979 1192 3046 Quod
1241 2986 1460 3045 autem
1500 2980 1583 3045 ad
1628 2980 2073 3045 ebullitionem
2116 2979 2373 3059 attinet,
2422 2978 2741 3043 difficilior
2798 2979 2935 3043 illis

719 3081 881 3146 haec
921 3082 1174 3146 videtur
1212 3082 1526 3165 analogia,
1574 3104 1863 3167 quaeque
1906 3082 2367 3166 experientiam
2404 3082 2602 3145 habet
2638 3104 2933 3147 summo-

723 3205 874 3266 pere
917 3185 1370 3267 refragantem,
1417 3185 1489 3247 in
1540 3185 1762 3248 multis
1806 3185 2117 3249 nimirum
2160 3184 2431 3259 casibus,
2478 3185 2729 3267 quoties
2788 3206 2935 3248 non

723 3285 884 3350 adeo
935 3288 1229 3351 effraenis
1281 3295 1379 3352 est
1426 3289 1669 3352 cruoris
1717 3310 2048 3371 orgasmus
2093 3294 2170 3350 ut
2222 3288 2592 3351 ebullitionis
2643 3288 2932 3370 appella-

723 3389 968 3453 tionem
1013 3391 1241 3453 mereri
1286 3391 1507 3475 possit.
1598 3387 1846 3455 Verum
1884 3398 2035 3454 utut
2087 3390 2192 3468 sit,
2244 3392 2479 3476 (neque
2523 3390 2697 3454 enim
2746 3390 2934 3455 hisce

721 3492 1168 3555 controversiis
1212 3513 1318 3557 me
1361 3494 1686 3557 ullatenus
1730 3493 2077 3557 immisceri
2112 3493 2365 3577 patiar,)
2402 3490 2933 3575 quandoquidem

705 3592 1208 3673 soementationis
1251 3604 1317 3659 et
1356 3596 1729 3661 ebullitionis
1778 3596 2087 3661 vocabula
2126 3596 2297 3680 apud
2344 3596 2732 3660 recentiores
2776 3597 2932 3661 Me·

725 3696 898 3760 dicos
965 3696 1317 3781 plurimum
1375 3698 1811 3779 invaluerunt,
1873 3720 1995 3782 ego
2050 3720 2303 3782 quoque
2362 3698 2587 3761 eadem
2648 3698 2933 3763 subinde

723 3820 1032 3883 usurpare
1067 3822 1202 3864 non
1233 3801 1679 3881 dubitaverim,
1712 3802 2059 3866 dummodo
2090 3823 2169 3866 ex
2198 3802 2337 3886 jam
2367 3800 2554 3865 dictis
2584 3801 2741 3865 satis
2772 3824 2933 3867 con-

723 3908 854 3965 stet
894 3924 1076 3967 voces
1118 3904 1277 3966 istas
1328 3904 1400 3967 in
1439 3904 1565 3969 hoc
1610 3912 1894 3969 tractatu
1938 3902 2187 3970 clariori
2244 3905 2647 3969 solummodo
2706 3904 2933 3969 dicen-

725 4003 952 4069 dorum
985 4006 1390 4090 explicationi
1422 4006 1747 4072 inservire.

418 4124 642 4204 febrilis·
810 4109 1010 4173 Porro
1039 4108 1360 4175 Febrilem
1395 4109 1565 4174 hanc
1594 4110 1929 4193 sanguinis
1974 4108 2468 4175 commotionem
2501 4110 2583 4174 ob
2616 4110 2934 4176 materiae

416 4203 670 4253 ⁸⁸³3¹¹¹¹¹¹⁸
722 4212 1056 4294 cujusdam
1099 4212 1579 4297 heterogeneae,
1626 4214 1873 4297 ipsique
1918 4214 2212 4278 Naturae
2257 4212 2673 4292 adversantis,
2721 4235 2931 4277 secre-

415 4256 676 4303 commotio

413 4316 574 4367 vela-1
587 4332 693 4367 ma·
723 4313 965 4377 tionem
1006 4313 1087 4378 ab
1127 4316 1352 4379 eadem
1391 4316 1720 4395 concitari,
1754 4336 1945 4381 omne
1986 4338 2191 4401 genus
2228 4316 2507 4382 febrium
2540 4338 2705 4401 quae
2734 4338 2931 4401 erup-

415 4383 564 4431 teriae
581 4380 670 4431 he-

1434 4450 1456 4472 ⁰
1491 4445 1548 4491 In
1572 4447 1735 4507 quibus
1758 4443 1863 4507 612]
1890 4460 1986 4493 om.
2010 4446 2084 4493 ed.
2110 4446 2203 4497 76.
