3138 5006
2 1396 10 1555 ’“··ή·“-
4 1328 10 1357 ·-·
6 1196 18 1227 *-
6 1118 18 1158 ;’”’
11 1066 22 1080 .
6 1000 21 1027 ιι
6 919 16 949 ··

1224 298 1482 361 INDEX
1523 298 1834 360 RERUM.
2626 306 2737 365 637

319 451 424 501 tina
455 450 668 515 quando,
689 452 804 509 338,
820 452 947 507 843,
982 451 1034 501 in
1068 452 1198 501 febre
1231 452 1488 512 variolosa,

319 516 582 579 ptyalismo
639 516 902 579 disparent,
961 518 1080 571 158,
1134 516 1186 565 in
1249 518 1488 567 morbillis

321 582 532 643 quando,
554 584 667 639 338,
687 584 811 637 343,
847 582 1236 631 venae-sectione
1267 590 1314 631 et
1351 584 1490 631 refri-

320 646 602 708 gerantibus
635 646 870 703 sublatae,
909 646 1018 705 187,
1055 648 1172 701 1883
1215 647 1364 711 pestis
1397 648 1488 695 sub

321 711 552 768 adventu,
574 712 699 765 509,
735 710 786 757 in
809 718 940 773 peste
963 712 1294 774 praesentanei
1317 711 1488 759 interi-

321 784 400 821 tus
431 776 608 833 nuntii,
627 791 735 823 raro
765 775 868 823 sine
899 776 1031 824 febre
1057 776 1366 837 contingunt,
1388 778 1449 825 99
1475 796 1486 831 ,

320 840 594 887 bubonibus
613 840 1022 889 retrocedentibus
1041 840 1370 899 succedentes,
1384 856 1482 889 cer-

321 903 496 953 tissimi
527 903 696 953 mortis
726 904 928 963 indices,
952 907 1074 961 105,
1108 906 1170 953 ob
1203 922 1485 955 venae-sec-

322 969 504 1019 tionem
541 984 639 1019 non
678 969 796 1019 satis
833 969 1056 1019 iteratam
1091 985 1179 1019 cur
1216 973 1490 1033 erumpant,

328 1035 448 1087 1123
471 1033 522 1081 in
541 1032 752 1090 variolis,
768 1033 1087 1097 interspersae
1107 1034 1334 1097 pustulis,
1355 1051 1484 1083 mor·

323 1097 384 1147 tis
449 1098 721 1156 raenuntia,
760 1100 868 1155 128,
891 1102 1005 1157 333,
1026 1101 1156 1157 5193
1189 1099 1488 1149 confluentes

323 1170 410 1225 utp
433 1162 648 1211 urimum
682 1163 992 1221 comitantur,
1024 1166 1144 1219 3333
1181 1164 1402 1213 maculae
1435 1164 1487 1213 in

323 1225 516 1274 variolis
557 1228 703 1285 unde,
738 1228 850 1285 337,
883 1230 996 1286 508,
1029 1230 1142 1286 509,
1169 1230 1291 1284 519,
1351 1228 1426 1277 vel
1461 1246 1488 1277 e

323 1291 666 1341 constitutione
687 1292 828 1350 aet-is,
853 1294 971 1348 128;
1007 1292 1084 1341 vel
1119 1309 1146 1341 e
1178 1293 1292 1341 lecti
1313 1293 1489 1353 calore,

329 1356 450 1411 137,
483 1372 511 1404 e
544 1357 779 1419 regimine
813 1357 986 1415 calido,
1023 1358 1131 1414 147,
1164 1358 1286 1413 337,
1321 1374 1349 1406 e
1373 1374 1486 1407 san-

323 1420 472 1483 guine
491 1420 810 1479 inflammato,
823 1423 918 1469 509
937 1441 950 1477 ,
980 1422 1034 1471 in
1053 1422 1247 1471 variolis
1269 1422 1384 1471 anni
1407 1425 1483 1472 ‘81

323 1500 385 1531 ex
407 1484 621 1532 siccitate
649 1484 764 1533 anni
795 1486 1029 1543 inaudita,
1051 1489 1162 1544 332,
1186 1489 1310 1541 333,
1347 1503 1486 1537 aver-

325 1556 498 1597 tuntur
519 1548 904 1598 venae-sectione
935 1550 1238 1614 tempestiva,
1259 1551 1336 1599 vel
1359 1553 1486 1615 regi-

324 1614 456 1661 mine
491 1620 774 1677 temperato,
810 1615 920 1673 147,
953 1618 1067 1674 343,
1099 1618 1222 1673 509,
1266 1616 1490 1665 maculae

325 1678 498 1725 rubrae
520 1678 570 1725 in
593 1679 848 1736 morbillis,
873 1682 980 1728 184.

391 1742 680 1805 Malignitas
711 1745 992 1794 morborum
1013 1744 1134 1807 qnid
1159 1745 1238 1803 sit,
1264 1747 1355 1795 231
1384 1761 1486 1809 sq.3

323 1806 474 1868 hujus
507 1824 748 1870 quaenam
781 1809 921 1871 signa
953 1810 1116 1859 haberi
1150 1811 1354 1869 soleant,
1375 1813 1488 1870 508,

325 1873 450 1927 509,
475 1872 754 1935 malignitas
775 1874 1056 1923 morborum
1077 1890 1218 1950 saepe
1241 1891 1372 1923 error
1387 1891 1490 1925 me-

325 1936 565 1995 dentium,
591 1940 670 1997 54,
699 1940 790 1995 96,
826 1954 924 1987 non
959 1938 1010 1987 in
1045 1955 1181 1987 omni
1213 1941 1372 2003 specie
1405 1956 1490 2004 per

326 2001 526 2051 sudores
546 2002 840 2060 eliminatur,
864 2006 986 2059 2323
1021 2004 1264 2066 quomodo
1287 2004 1490 2063 tollitur,

325 2068 440 2123 233,
474 2069 596 2123 234,
653 2068 948 2130 malignitati
988 2068 1236 2131 quodnam
1273 2070 1490 2132 regimen

325 2131 516 2195 proprie
557 2132 863 2190 concedatur,
906 2135 1001 2181 232
1045 2148 1150 2195 sq.3
1204 2150 1293 2197 per
1333 2134 1492 2183 calida

325 2194 696 2254 medicamenta,
735 2212 1088 2260 nonnunquam
1123 2206 1346 2261 augetur,
1378 2202 1490 2257 232,

327 2261 450 2315 509,
485 2260 802 2323 malignitatis
838 2262 989 2320 notio,
1011 2263 1072 2311 ab
1105 2262 1384 2313 hominibus
1412 2263 1490 2311 in-

326 2330 486 2381 venta,
505 2323 612 2387 ipsa
633 2326 761 2389 pyrii
781 2326 997 2389 pulveris
1027 2327 1306 2377 inventione
1329 2328 1486 2377 letha-

325 2388 418 2437 lior
437 2388 546 2448 suit,
571 2392 678 2438 509.

328 2452 586 2566 9⁰Mama
627 2454 758 2520 (Dr.)
801 2455 1088 2516 Communi,
1131 2457 1246 2517 601,
1280 2458 1390 2508 602.
1427 2458 1489 2508 cf.

415 2535 488 2581 sq.

393 2583 590 2632 Maniae
620 2585 820 2644 curatio,
843 2587 924 2644 92,
945 2587 1070 2642 601,
1107 2587 1301 2636 maniae
1333 2587 1490 2636 febres

325 2645 576 2698 intermitt-
613 2649 940 2698 diuturniores
975 2666 1328 2714 nonnunquam
1356 2652 1488 2700 exci-

327 2711 504 2774 pientis
536 2715 738 2771 curatio,
767 2716 848 2774 91,
872 2717 994 2770 601,
1037 2715 1088 2763 in
1115 2716 1300 2778 vegetis
1332 2716 1487 2764 homi·

327 2775 471 2824 nibus
503 2779 672 2836 oritur,
702 2781 791 2834 923
828 2795 975 2828 causa
1007 2780 1131 2842 ejus,
1167 2782 1247 2838 91,
1274 2782 1396 2835 601,
1435 2781 1488 2828 in

327 2841 586 2890 stultitiam
619 2858 970 2906 nonnunquam
1007 2845 1323 2907 degenerans,
1363 2847 1486 2902 601,

327 2905 476 2968 hujus
499 2907 628 2970 apud
650 2915 870 2956 auctores
888 2909 1026 2956 nulla
1047 2910 1247 2967 mentio,
1269 2911 1327 2958 91
1351 2929 1362 2965 ,
1384 2911 1490 2972 eJus

327 2986 358 3018 a
389 2971 554 3020 mania
585 2973 836 3020 communi
869 2973 1154 3032 diffetentia,
1188 2976 1278 3033 913
1330 2981 1489 3022 metus

326 3033 404 3082 hic
425 3051 454 3082 a
476 3036 624 3094 febre,
644 3037 705 3084 ob
723 3037 939 3100 regimen
959 3039 1190 3096 calidum,
1209 3054 1382 3097 vanus,
1395 3041 1486 3095 923

326 3102 568 3161 quomodo
594 3101 852 3163 aliquando
877 3119 966 3166 pro
996 3103 1182 3152 ratione
1203 3103 1382 3151 virium
1415 3103 1490 3152 in-

327 3166 560 3214 crementi
578 3166 782 3224 recedat,
810 3166 885 3217 73.

393 3229 582 3278 Manna
615 3231 734 3293 quid
770 3231 850 3288 sit,
884 3233 1015 3289 5223
1059 3231 1415 3294 lithontriptica
1441 3232 1488 3280 vi

327 3309 476 3354 quare
527 3295 744 3358 praedita
793 3295 1096 3344 existimetur
1150 3297 1212 3345 ab
1257 3297 1490 3356 Auctore,

325 3360 449 3414 5223
507 3358 559 3408 in
604 3360 792 3410 calculo
831 3376 1048 3425 purgans
1087 3361 1487 3425 lithontripticon,

326 3425 440 3480 523,
463 3426 586 3480 524,
619 3425 672 3474 in
767 3425 842 3474 uis
872 3426 1090 3476 mineral.
1112 3426 1389 3476 catharticis
1410 3443 1486 3474 as-

326 3497 540 3601 ἓιᾶιέιρῑι,
579 3492 631 3538 in
687 3507 744 3539 ca
765 3489 958 3549 culosis,
1004 3491 1248 3554 quomodo
1301 3498 1486 3549 noceat,

393 3617 574 3666 Manus
612 3618 665 3668 in
703 3619 899 3670 variolis
937 3620 1077 3670 confi.
1122 3621 1316 3682 quando
1355 3621 1488 3670 intu-

325 3695 538 3730 mescere
559 3683 763 3742 soleant,
791 3686 896 3733 125.

393 3745 557 3794 Mares
589 3747 828 3796 affectioni
852 3748 1182 3812 hypochondr.
1205 3749 1368 3798 minus
1400 3751 1486 3798 ob-

327 3810 460 3858 noxii
505 3828 654 3874 quam
694 3814 948 3872 foeminae,
990 3815 1118 3870 365,
1175 3815 1299 3862 ratio
1339 3815 1488 3877 hujus

325 3875 554 3933 redditur,
581 3877 689 3928 371.

391 3939 657 3990 Martialis.
681 3939 751 4004 [v.
779 3941 1022 4006 Chalybs]

392 4003 602 4054 Materia
644 4005 827 4054 febrilis
875 4007 926 4054 in
977 4007 1190 4056 febribus
1239 4007 1487 4056 intermitt.

325 4070 522 4132 quando
558 4079 865 4134 aggregetur,
905 4073 1028 4126 2833
1086 4072 1288 4120 materia
1319 4088 1487 4122 excre-

324 4139 376 4182 ta
407 4142 517 4197 post
543 4135 760 4184 febrilem
795 4135 1168 4184 commotionem
1205 4136 1378 4186 vitiosa
1411 4153 1486 4185 es-

325 4213 378 4245 se
418 4206 593 4263 potest,
624 4199 740 4248 licet
776 4201 976 4264 sanguia
1009 4208 1152 4249 antea
1184 4202 1356 4260 bonus,
1395 4205 1452 4249 41
1477 4221 1488 4258 ,

324 4264 586 4327 expellitur
623 4281 834 4327 quoque,
862 4266 979 4328 quia
1011 4265 1203 4316 Natura
1235 4268 1341 4329 ejus
1371 4281 1486 4314 con-

325 4329 530 4378 sortium
551 4331 674 4378 ferre
707 4330 918 4393 amplius
937 4346 1036 4379 non
1057 4338 1234 4394 potest,
1255 4334 1346 4386 42,
1381 4347 1486 4380 ma-

323 4394 470 4442 teriae
483 4394 668 4444 febrilis
682 4396 1038 4444 concoctionem
1055 4411 1357 4472 promovere,
1373 4395 1490 4458 quid

323 4473 376 4506 re
398 4459 504 4521 ipsa
527 4460 604 4516 sit,
624 4462 702 4517 49,
727 4462 818 4516 50,
853 4461 1178 4510 concoctionis
1207 4460 1350 4523 signa
1379 4470 1491 4524 post

325 4523 427 4572 dies
453 4527 510 4574 13
531 4525 605 4574 vel
636 4527 694 4574 14
717 4533 968 4590 apparent,
991 4528 1111 4582 2983
1148 4526 1351 4576 materia
1383 4541 1486 4574 me-

1576 454 1685 502 dica
1706 464 1795 501 cur
1816 454 1936 529 adeo
1954 454 2212 512 immensa,
2241 455 2295 503 11
2316 472 2327 511 3
2363 456 2567 505 materia
2586 458 2743 506 morbi

1574 519 2575 647 'vffl‘ffffiffissussssssfgcffiissffssffi
2590 528 2741 642 ¹2:325}

1576 647 1802 695 materies
1834 648 2003 699 viridis
2038 648 2091 695 in
2128 648 2373 711 hysterica
2406 650 2560 699 affeet-

1576 712 1808 777 rejicitur,
1830 714 1945 771 366,
1970 712 2084 771 367,
2107 714 2220 771 372,
2242 714 2350 765 373.

1642 777 1909 825 Maturatio
1958 777 2253 825 variolarum
2300 778 2489 827 discret.
2534 779 2743 841 regular·

1574 842 1886 903 quandonam
1938 841 2158 905 incipiat,
2202 850 2251 891 et
2288 843 2581 905 quibusnam
2628 860 2743 893 curn

1575 906 1935 969 symptomatis,
1961 908 2047 955 121
2070 924 2081 962 ,
2116 908 2453 955 maturationis
2474 908 2641 965 febris,
2656 924 2744 959 scu

1572 974 1863 1030 secundaria,
1896 970 1975 1019 vel
2008 978 2057 1019 et
2070 975 2263 1033 putrida
2296 972 2444 1029 dicta,
2464 972 2515 1020 in
2546 973 2743 1021 variolis

1574 1035 1734 1094 confi„
1770 1038 1882 1093 141,
1922 1038 2031 1095 193,
2064 1038 2159 1084 513
2194 1052 2263 1099 sq.
2304 1034 2375 1099 [v.
2402 1038 2621 1097 Patricia,
2656 1042 2741 1087 Se·

1574 1099 1840 1163 candorio-J
1926 1117 1932 1124 ·

1640 1164 1838 1213 Mestus
1878 1164 2009 1213 caeci
2040 1180 2104 1213 ex
2144 1164 2417 1215 abdominis
2449 1165 2656 1215 cavitate
2688 1168 2741 1215 in

1574 1227 1805 1277 intestina
1827 1229 2019 1285 dantur,
2045 1230 2156 1277 462.

1640 1293 1837 1341 Medica
1870 1293 2033 1357 praxis
2068 1308 2128 1341 ex
2166 1292 2516 1357 hypothesibus
2542 1302 2647 1345 orta
2680 1295 2739 1343 li·

1575 1364 1651 1405 cet
1675 1358 1913 1415 videatur,
1934 1357 2254 1406 nihilominus
2286 1359 2419 1420 ipsae
2452 1358 2743 1422 hypotheses

1572 1423 1716 1485 praxi
1736 1422 1973 1485 originem
1998 1422 2190 1479 debent,
2212 1424 2325 1471 466.

1640 1486 2001 1535 Medicamenta
2035 1487 2453 1549 praestantissima
2488 1503 2519 1535 a
2552 1488 2743 1537 Natura

1574 1552 1859 1615 praecipuas
1892 1552 2019 1599 vires
2058 1551 2320 1613 accipiunt,
2344 1554 2467 1607 380,
2504 1568 2602 1616 quo
2624 1555 2744 1601 sim-

1572 1614 1791 1677 pliciora,
1804 1632 1860 1665 eo
1884 1616 2099 1672 meliora,
2118 1618 2241 1673 4253
2275 1620 2485 1678 specifica
2502 1634 2743 1679 quaenam

1574 1680 1909 1743 intelligenda,
1947 1683 2005 1728 18
2040 1696 2144 1743 sq.3
2197 1682 2422 1745 specifica
2454 1682 2611 1741 nulla,
2644 1678 2759 1731 uno'

1574 1746 1751 1794 cortice
1792 1746 1963 1795 Peruv.
2000 1752 2218 1808 excepto,
2253 1746 2465 1808 cognita,
2502 1749 2577 1805 19,
2614 1750 2740 1803 323,

1573 1810 1825 1859 medicam.
1865 1810 1927 1859 ad
1958 1811 2239 1859 morborum
2282 1811 2441 1873 magis
2472 1810 2741 1873 insignium

1575 1875 1889 1931 curationem,
1910 1874 1962 1921 in
1997 1875 2151 1937 patrio
2184 1874 2443 1936 cujuslibet
2476 1876 2579 1923 solo
2614 1876 2741 1933 data,

1573 1939 1834 1988 verisimile
1851 1939 2060 1997 videtur,
2082 1942 2168 1994 193
2191 1955 2253 1988 ex
2272 1938 2452 2002 plantis
2470 1941 2745 2017 desumpta,

1573 2004 1776 2066 reliquis
1806 2004 2022 2067 palmam
2049 2004 2367 2067 praeripiunt,
2394 2006 2471 2061 19,
2492 2007 2586 2061 20,
2622 2020 2739 2053 sun·

1609 2068 1843 2117 licissima
1862 2069 2008 2117 tradit
2024 2068 2228 2127 Auctor,
2246 2070 2304 2116 21
2325 2088 2337 2123 ,
2362 2084 2486 2132 quae
2500 2085 2530 2117 a
2546 2070 2739 2119 leviori-

1574 2084 1665 2180 bus
1706 2141 1897 2181 tantum
1934 2133 2143 2195 ingeniis
2192 2132 2573 2195 vilipenduntur,
2614 2137 2741 2191 300,

1575 2197 1813 2245 vilissima
1847 2214 2041 2261 quoque
2074 2197 2351 2247 hominibus
2382 2198 2630 2247 servandis
2662 2200 2737 2247 iu-

1576 2263 1751 2310 servire
1770 2268 1971 2325 queunt,
1990 2265 2079 2310 301
2100 2281 2113 2317 ,
2147 2263 2401 2310 medicam.
2420 2264 2605 2325 optima
2618 2263 2739 2327 chy-

1576 2326 1814 2375 micorum
1834 2327 1979 2375 nimis
1996 2326 2212 2375 officiosa
2232 2327 2489 2375 sedulitate
2511 2343 2743 2377 enervan-

1575 2398 1669 2449 tur,
1697 2392 1809 2449 379,
1832 2394 1952 2446 380,
1994 2391 2219 2439 calidiora
2241 2392 2295 2440 in
2316 2391 2529 2443 febribus
2559 2394 2741 2441 contin.

1576 2456 1769 2519 quando
1802 2456 2123 2514 concedenda,
2144 2458 2233 2512 493
2281 2456 2616 2520 refrigerantia
2650 2457 2738 2506 ali-

1577 2522 1770 2584 quando
1791 2523 2209 2586 despumationem
2227 2522 2435 2570 febrium
2451 2523 2743 2585 impediunt,

1578 2585 1667 2641 783
1704 2587 1883 2634 febrem
1908 2587 2187 2635 continuam
2210 2587 2513 2649 protrahunt,
2539 2591 2620 2644 50,
2643 2591 2705 2636 55
2728 2608 2741 2644 ,

1576 2651 1821 2714 hysterica
1839 2651 2130 2708 roborantia,
2149 2654 2235 2699 381
2258 2670 2270 2706 3
2306 2651 2545 2714 hysterica
2554 2650 2742 2713 foetida

1576 2730 1817 2777 quaenam
1840 2715 2080 2774 dicantur,
2101 2716 2214 2773 378,
2238 2715 2347 2773 379,
2367 2719 2491 2772 392,
2528 2716 2645 2764 dum
2668 2733 2741 2766 ro·-

1576 2780 1795 2828 borantia
1847 2780 2151 2838 adhibentur,
2201 2780 2395 2828 interim
2452 2781 2740 2839 exhibenda,

1578 2847 1703 2898 383,
1760 2843 2001 2907 hysterics
2041 2845 2280 2906 quaedam
2326 2851 2443 2892 sunt
2484 2846 2741 2904 naturalia,

1577 2909 1815 2971 quaedam
1857 2908 2141 2966 artificialia,
2182 2911 2305 2964 392;
2358 2909 2551 2972 quando
2596 2911 2738 2958 omit-

1577 2974 1735 3031 tenda,
1758 2975 1879 3028 385,
1930 2972 2113 3021 diutius
2147 2981 2300 3035 agunt
2331 2973 2373 3021 si
2405 2974 2563 3022 forma
2588 2974 2743 3024 solida

1577 3053 1725 3100 quam
1762 3039 1803 3085 si
1839 3037 2027 3100 liquida
2060 3038 2413 3100 deglutiuntur,
2435 3039 2558 3094 383,
2598 3039 2738 3087 robo-

1576 3102 1733 3150 rantia
1758 3103 1809 3149 in
1846 3103 2077 3166 hydrope,
2102 3104 2211 3160 469,
2239 3103 2351 3160 471,
2374 3102 2501 3158 472,
2538 3103 2738 3164 digesti-

1576 3183 1639 3215 va
1669 3167 1721 3214 in
1756 3167 1937 3214 morbis
1968 3167 2153 3224 chron„
2174 3173 2225 3214 et
2244 3167 2471 3230 podagra,
2492 3169 2607 3225 424,
2627 3170 2742 3227 430,

1577 3233 1704 3288 432,
1741 3247 1801 3280 ex
1834 3231 2228 3280 calefacientibus
2262 3247 2387 3294 quae
2420 3239 2742 3291 amarescunt,

1576 3311 1725 3359 quare
1758 3297 2046 3354 conducant,
2081 3297 2193 3352 427,
2229 3296 2287 3344 cf.
2326 3299 2455 3352 430,
2484 3297 2739 3348 medicam.

1576 3361 1681 3410 sola
1712 3361 1905 3410 morbos
1936 3361 2101 3409 chron.
2138 3369 2186 3410 et
2217 3361 2481 3423 podagram
2518 3376 2615 3410 non
2650 3377 2736 3410 cu·

1575 3433 1701 3484 rant,
1723 3429 1846 3482 432,
1893 3426 2130 3488 digestiva
2165 3426 2359 3488 quando
2394 3425 2445 3472 in
2480 3441 2627 3474 usum
2661 3441 2737 3474 rc-

1573 3491 1807 3548 vocanda,
1826 3493 1951 3546 432,
1986 3505 2134 3553 quare
2167 3497 2443 3538 constanter
2464 3497 2515 3538 et
2544 3491 2738 3540 assidue

1574 3556 1871 3619 usurpanda,
1892 3557 2005 3613 431,
2027 3557 2148 3611 432,
2187 3571 2285 3617 qua
2312 3555 2535 3603 cautione
2568 3556 2618 3604 in
2650 3571 2733 3604 eo·

1574 3635 1685 3668 rum
1718 3635 1813 3668 usu
1846 3621 2223 3683 procedendum,
2255 3623 2367 3676 425,
2388 3621 2450 3669 cf.
2470 3622 2593 3674 424,
2630 3635 2735 3668 me-

1576 3685 1751 3734 dicam.
1790 3694 1989 3734 externa
2020 3685 2072 3734 in
2106 3685 2321 3747 podagra
2351 3684 2613 3746 aliquando
2645 3701 2733 3733 no-

1576 3758 1701 3808 cent,
1724 3757 1931 3813 prosunt
1949 3765 2219 3812 nunquam,
2242 3750 2366 3802 448,
2402 3748 2739 3810 refrigerantia

1575 3822 1623 3862 et
1647 3815 1931 3878 repellentia
1958 3813 2244 3876 periculosa,
2268 3813 2393 3868 447,
2428 3827 2490 3860 ex
2513 3813 2739 3875 pluribus

1576 3879 1881 3942 simplicibus
1931 3879 2091 3927 mistis
2144 3883 2383 3932 constans,
2426 3877 2737 3938 quandonam

1576 3944 1819 4006 potentius
1842 3950 2080 4006 operetur,
2104 3944 2218 3989 425.

1643 4007 1892 4056 Medicina
1930 4007 2063 4054 varie
2096 4005 2293 4054 exculta
2331 4003 2441 4062 fuit,
2476 4019 2565 4066 pro
2605 4006 2738 4055 vario

1576 4080 1792 4136 tempore
1814 4079 1863 4119 et
1881 4071 2017 4120 varia
2032 4069 2242 4133 regione,
2259 4071 2317 4124 93
2354 4069 2595 4130 quomodo
2612 4070 2739 4118 ulte·

1575 4138 1679 4185 rius
1718 4136 1991 4200 promoveri
2034 4140 2197 4198 queat,
2240 4135 2457 4189 10—183
2516 4133 2741 4197 chy-miae

1577 4201 1697 4264 quid
1713 4201 1899 4256 debeat,
1922 4201 2033 4254 464,
2057 4201 2180 4254 465,
2216 4213 2315 4246 non
2336 4198 2613 4260 indigemus
2634 4215 2739 4246 me-

1576 4266 1685 4323 diis,
1723 4264 2099 4313 indicationibus
2138 4263 2411 4312 satisfacere
2444 4263 2601 4324 aptis3
2656 4265 2741 4312 sed

1576 4330 1907 4384 indicationes,
1933 4329 2113 4390 quibus
2136 4327 2531 4376 satisfaciendum
2556 4334 2644 4385 est,
2668 4328 2741 4390 ig·

1577 4410 1822 4451 noramus,
1847 4396 1940 4442 465
1960 4413 1973 4448 ,
2010 4394 2253 4457 quomodo
2274 4393 2394 4441 haec
2424 4391 2637 4454 cognitio
2658 4409 2739 4442 sc-

1578 4460 1827 4522 quirenda‚
1844 4461 1965 4514 465,
1992 4457 2251 4515 medicina,
2274 4457 2349 4506 uti
2370 4456 2585 4520 reliquae
2598 4465 2740 4516 artes,

1576 4525 1879 4576 incrementa
1910 4539 2100 4574 sumere
2136 4529 2307 4587 potest,
2330 4522 2435 4572 sine
2470 4522 2741 4584 priscorum
