3138 5006
1135 320 1410 382 INDEX
1431 320 1760 381 RERUM.
2537 320 2661 379 647

241 472 438 531 nudus,
451 474 586 531 260,
619 473 944 522 νωιε-ὼοιὶο
965 474 1154 537 quoties
1169 474 1402 535 iteranda,

243 544 296 586 et
334 538 548 601 quando,
584 538 698 594 257,
739 540 851 595 258,
891 540 1016 595 556,
1073 538 1406 589 calefacientia

249 602 650 651 venae-sectionis
701 602 1042 665 frequentioris
1100 619 1249 652 causa
1301 618 1408 653 esse

249 672 466 728 possunt,
489 669 614 725 258,
647 674 871 715 enemata
892 683 918 715 e
952 668 1078 716 lacte
1109 668 1406 727 saccharato,

243 733 360 787 258,
393 732 518 787 556,
558 731 717 793 qualis
747 731 920 787 diaeta,
953 733 1068 789 257,
1101 734 1228 789 258,
1263 732 1408 780 citius

250 795 525 858 paregorica
549 795 818 843 exhibenda
849 795 934 844 ubi
967 797 1115 845 citius
1144 796 1410 845 cathartica

243 860 552 916 exhibentur,
595 862 719 915 302,
777 860 966 908 dolores
1017 862 1410 909 venae-sectione

249 922 512 981 imminuti,
543 939 642 971 non
675 932 840 972 tamen
873 926 1071 973 omnino
1103 932 1409 984 evanescunt,

250 990 342 1036 259
353 1007 366 1045 ,
389 988 724 1037 rheumatismi
737 990 1000 1038 scorbutici
1011 990 1285 1053 descriptio,
1295 991 1410 1049 260,

249 1052 339 1102 261
359 1070 372 1109 ,
405 1068 644 1115 quasnam
664 1069 780 1117 prae
795 1054 998 1117 reliquis
1013 1054 1272 1112 adoriatur,
1291 1055 1376 1101 261
1399 1071 1411 1110 3

249 1117 438 1165 videtur
458 1118 642 1181 species
659 1117 859 1165 affectus
881 1118 1079 1182 hyster„
1105 1120 1194 1166 261
1217 1137 1230 1175 3
1265 1118 1412 1167 corti-

251 1181 319 1229 cis
343 1182 518 1231 Peruv.
537 1182 746 1245 longiori
767 1182 882 1230 usui
905 1189 1068 1230 ortum
1090 1198 1233 1245 saepe
1253 1182 1411 1241 debet,

253 1247 362 1303 261,
397 1247 518 1303 281,
565 1247 748 1295 curatio
781 1246 1059 1309 singularis,
1095 1248 1223 1302 261,
1264 1247 1412 1294 rheu·

251 1310 464 1358 matismi
502 1311 688 1358 curatio
721 1310 826 1359 sola
857 1310 1018 1359 diaeta
1057 1326 1084 1358 e
1117 1326 1222 1358 sero
1254 1310 1416 1369 lactis,

195 1416 212 1427 ,
252 1374 356 1422 loco
391 1374 761 1437 phlebotomiae,
787 1376 914 1431 299,
951 1374 1130 1437 quibus
1163 1376 1418 1423 conveniat

250 1438 520 1487 istiusmodi
544 1438 744 1497 curatio,
765 1445 816 1487 et
837 1439 1014 1501 quibus
1029 1454 1128 1487 non
1148 1440 1415 1497 conveniat,

253 1504 378 1559 302,
413 1503 636 1565 purgatio
657 1503 888 1566 frequens
909 1510 1054 1566 atque
1084 1504 1418 1567 anodynorum

252 1582 372 1614 usus
397 1572 602 1630 possunt
633 1567 992 1631 phlebotomiae
1021 1568 1310 1617 liberalioris
1341 1568 1415 1617 vi·

253 1647 360 1680 cem
377 1632 618 1695 supplere,
645 1634 753 1681 302.

252 1695 485 1811 &gigan
516 1711 578 1744 ex
619 1695 862 1761 hyster-ica
905 1696 1059 1744 afflect-
1103 1696 1209 1745 sine
1253 1710 1415 1753 causa,

319 1824 630 1883 Roborantia,
649 1831 698 1873 et
715 1825 948 1882 cardiaea,
966 1823 1022 1872 in-
1036 1824 1252 1873 febribus
1265 1824 1434 1887 inter-¹

254 1889 378 1939 mitt.
418 1896 660 1947 autumn„
699 1892 794 1945 84,
837 1890 890 1937 in
921 1888 1156 1953 hydrope,
1194 1890 1320 1945 470,
1364 1888 1419 1936 in

254 1953 496 2017 hyster-ica
516 1954 691 2011 affect,
711 1954 807 2005 379
829 1968 902 2016 sq.

244 2064 248 2069 .
317 2020 458 2074 Rosa,
479 2017 532 2065 in
563 2018 678 2081 igne
711 2032 846 2067 sacro
879 2032 1154 2075 occurrens,
1177 2016 1300 2079 quid
1328 2030 1416 2065 vo-

253 2088 406 2141 cetur,
434 2083 540 2133 101.

315 2147 536 2204 Rubedo‚
559 2146 613 2194 in
632 2143 844 2207 variolis,
867 2146 922 2196 in
945 2144 1218 2194 interstitiis
1240 2152 1416 2209 pustu-

256 2210 432 2269 larum,
460 2213 568 2269 122,
597 2213 702 2261 126.

243 2322 252 2329 ,
317 2275 511 2323 Ructus
525 2275 739 2351 nidorosi
759 2274 1074 2351 iri-podagrae
1091 2273 1288 2337 irregul.
1303 2289 1416 2338 par-

243 2340 954 2479 ,ont-,Srffpffltpiaitirffilpgcg
961 2343 1232 2463 iimonum,
1251 2402 1316 2451 ad
1337 2416 1421 2451 vo-

249 2474 450 2528 mitum,
467 2470 519 2518 in
541 2471 636 2518 ileo
655 2484 786 2526 vero,
809 2470 888 2518 64.

321 2533 454 2582 Salia
483 2534 724 2591 lixiviosa,
756 2535 808 2582 in
841 2533 1072 2597 hydrope,
1107 2531 1168 2580 ad
1201 2531 1418 2581 diuresin

246 2598 546 2646 movendam
566 2614 682 2661 prae
705 2599 906 2645 caeteris
926 2599 1127 2660 optima,
1147 2597 1258 2647 470.

323 2662 489 2711 Saliva
519 2662 572 2712 in
603 2662 796 2711 variolis
829 2661 985 2717 confi..
1026 2663 1133 2717 125,
1165 2662 1273 2718 146,
1294 2661 1418 2717 566,

245 2729 490 2777 »cardicas
514 2727 657 2774 dictis
688 2741 1002 2790 praepropere
1033 2723 1328 2774 incrassatur
1349 2725 1422 2773 ita

259 2799 318 2840 ut
339 2791 576 2854 pernicies
595 2790 872 2847 inducatur,
896 2791 1008 2839 343.

325 2856 558 2904 Salivatio
579 2854 631 2904 in
651 2855 895 2918 hysterica
914 2853 1071 2902 affect.
1093 2851 1269 2901 similis
1291 2867 1420 2901 mer·

259 2920 448 2978 curiali,
472 2920 600 2976 374,
634 2919 686 2968 iu
716 2920 849 2967 febre
877 2918 1138 2982 dysenter„
1164 2918 1272 2974 158,
1300 2917 1421 2972 179,

259 2985 444 3032 febrem
464 2984 752 3034 variolosam
773 2990 823 3031 et
847 2983 979 3046 ipsas
1007 2981 1213 3030 variolas
1234 2981 1425 3046 placide

257 3048 448 3096 solvere
490 3049 688 3106 solebat,
737 3049 858 3103 1583
915 3047 1158 3110 quomodo
1201 3046 1282 3094 hic
1333 3046 1424 3094 sub

261 3113 410 3161 finem
442 3113 599 3161 morbi
631 3111 882 3168 excitetur,
926 3113 1034 3168 152,
1075 3113 1202 3168 153,
1256 3117 1424 3172 estque

261 3178 342 3226 hic
363 3177 532 3226 critica
553 3177 782 3234 excretio,
807 3178 928 3232 154,
963 3173 1191 3223 salutaris
1213 3189 1422 3236 quoque,

266 3243 390 3299 158,
447 3241 708 3305 aliquando
748 3256 836 3304 per
877 3240 1036 3302 ipsam
1078 3239 1324 3287 Naturam
1372 3238 1425 3285 in

260 3307 564 3356 diarrhoeam
584 3306 663 3354 vel
683 3306 736 3353 in
757 3305 957 3353 sudores
989 3303 1212 3367 profusos
1230 3317 1423 3366 perver-

259 3372 469 3429 tebatur,
494 3373 600 3420 154.
670 3369 904 3418 Salivatio
933 3367 1238 3417 mercurialis
1259 3368 1310 3416 in
1341 3367 1426 3414 lue

243 3450 467 3486 ,venerea
497 3435 782 3484 confirmata
809 3447 1004 3483 omnem
1041 3447 1306 3481 numerum
1337 3432 1422 3480 ab·

261 3499 424 3558 solvit,
464 3502 592 3557 3183
647 3499 734 3547 sed
772 3499 1122 3562 gonorrhoeam
1160 3511 1260 3545 non
1298 3496 1430 3544 valet

261 3579 450 3620 sanare,
473 3567 596 3622 323,
632 3563 875 3627 quomodo
895 3561 1315 3620 instituenda,8l9
1335 3577 1424 3624 sq„

261 3629 354 3677 591
381 3649 394 3687 3
429 3644 642 3691 quonam
655 3636 904 3692 unguento
919 3627 1166 3675 fricandae
1181 3631 1341 3688 partes
1364 3626 1426 3673 ad

261 3708 378 3740 eam
418 3693 740 3750 excitandam,
784 3699 835 3740 et
907 3705 1117 3740 uaenam
1161 3690 1426 3747 fricandae,

263 3759 380 3816 319,
425 3760 536 3816 322,
594 3758 683 3806 591
705 3775 718 3814 ,
774 3771 872 3819 quo
958 3771 1116 3818 neque
1166 3753 1429 3803 cathartica

261 3837 424 3883 neque
436 3822 553 3898 ‘al-ia
572 3820 904 3884 praeparantia
924 3817 1198 3867 salivationi
1224 3818 1431 3894 debcant

263 3883 1432 4012 {minii}03ss2133⁰ffia¹32¹330132¹53

263 4014 319 4062 in
351 4029 501 4062 usum
537 4014 701 4062 venire
743 4013 962 4070 debeant,
1003 4012 1095 4060 321
1117 4029 1130 4068 ,
1183 4010 1433 4059 diarrhoea

263 4075 1430 4204 ἓὲξὲῗέὶῑὲἓςέθῖἓὲἓὲηἕοέὶῖἰὲἱῖἓαὲἳὲ

263 4208 456 4256 natm-is
471 4206 746 4256 salivationi
765 4206 915 4254 nimis
937 4205 1286 4262 resistentibus,
1305 4205 1429 4261 322,

265 4271 414 4320 certis
429 4272 660 4334 gradibus
677 4270 1014 4327 modificanda,
1037 4271 1149 4328 319,
1168 4271 1282 4326 320,
1305 4270 1395 4316 591
1418 4287 1430 4325 ,

265 4337 480 4386 violenta
501 4336 650 4384 nimis
677 4335 944 4384 cathartico
977 4333 1296 4398 reprimenda,
1319 4334 1432 4390 321,

263 4403 382 4459 591,
406 4403 534 4458 592,
559 4401 598 4448 si
621 4400 906 4463 languescat
925 4398 1074 4446 nimis
1093 4399 1206 4456 cito,
1227 4413 1430 4461 quomo·

263 4466 330 4514 do
357 4465 673 4523 stimulanda,
695 4467 806 4522 320,
843 4464 966 4520 591,
1003 4463 1212 4511 diaetam
1235 4462 1432 4524 qualem

264 4530 447 4592 exigat,
483 4532 595 4589 324,
629 4531 872 4587 325,,592
889 4547 904 4590 ,
953 4527 1174 4578 salivatio
1205 4527 1432 4576 methodo

1488 472 1723 523 Auctoris
1756 472 1998 534 instituta,
2032 476 2199 525 minus
2224 474 2515 539 periculosa,
2536 472 2661 523 reci-

1489 539 1630 587 divae
1662 538 1827 587 minus
1860 540 2081 598 obnoxia,
2108 542 2217 598 325,
2244 541 2359 589 326.
2432 538 2664 589 Salivatio

1488 604 1542 651 in
1580 602 1777 652 variolis
1816 604 1956 653 confi.
1992 620 2087 653 usu
2124 604 2517 666 refrigerantium
2552 618 2663 665 pro-

1487 674 1727 724 movetur,
1751 675 1801 717 et
1833 669 2068 717 cardiacis
2102 669 2415 718 calidioribus
2435 666 2660 731 reprimi-

1490 739 1585 789 tur,
1614 733 1737 789 1583
1788 732 1841 780 in
1874 733 2071 782 variolis
2105 734 2219 782 anni
2254 734 2353 791 ’70,
2393 734 2500 790 189,
2540 732 2662 789 190,

1489 796 1607 845 anni
1641 796 1739 854 ⁰74,
1772 797 1898 854 224,
1947 798 2000 845 in
2034 798 2235 847 variolis
2267 796 2477 859 regular.
2503 795 2662 854 confi..

1496 862 1614 917 125,
1671 860 1954 909 individuus
1998 878 2161 910 comes
2206 877 2312 911 esse
2354 862 2511 918 debet,
2550 861 2661 919 336,

1493 926 1619 981 564,
1653 940 1753 973 non
1787 925 2169 985 sistenda,‘l43;
2206 925 2365 991 prodit
2396 924 2664 989 eruptionis

1491 989 1651 1047 initio,
1681 989 1940 1053 aliquando
1972 998 2095 1054 post,
2124 994 2232 1049 125,
2272 990 2379 1048 141,
2404 991 2529 1047 564,
2564 988 2659 1037 ini-

1495 1054 1584 1101 nui
1606 1060 1653 1101 et
1674 1053 1944 1103 decrescere
1964 1056 2137 1119 incipit
2161 1058 2280 1103 11Φο
2296 1055 2389 1112 die,
2416 1056 2523 1112 125,
2552 1053 2665 1113 127,

1498 1118 1611 1175 141,
1637 1120 1745 1177 142,
1765 1120 1877 1177 354,
1902 1121 2027 1175 564,
2052 1122 2295 1183 quomodo
2315 1118 2661 1183 promovenda,

1497 1188 1547 1229 et
1578 1183 1909 1241 sustentanda,
1944 1185 2056 1242 141,
2092 1186 2201 1242 146,
2241 1186 2361 1241 193,
2396 1200 2427 1231 a
2458 1198 2663 1246 parego-

1496 1245 1613 1295 rieis
1635 1246 1754 1295 licet
1784 1245 2124 1305 imminuatur,
2148 1255 2315 1295 tamen
2347 1263 2442 1296 non
2468 1248 2665 1311 penitus

1499 1316 1671 1367 cessat,
1699 1312 1821 1367 353,
1858 1312 2184 1374 protrahenda
2204 1313 2559 1360 narcoticorum
2580 1312 2661 1361 iti·
2750 1356 2757 1363 .

1499 1376 1611 1422 dem
1645 1390 1751 1437 ope,
1790 1376 1910 1432 142,
1951 1376 2273 1439 supprimitur
2305 1376 2463 1424 calore
2496 1375 2664 1435 nimio,

1503 1440 1613 1497 141,
1637 1439 1701 1487 cf.
1727 1440 1847 1497 191,
1882 1446 1931 1487 et
1948 1454 1979 1487 a
1997 1456 2117 1503 pure
2139 1446 2370 1503 resorpto,
2392 1441 2517 1495 336,
2546 1455 2663 1503 sup-

1499 1518 1718 1567 pressam
1760 1518 1822 1551 ex
1864 1504 2045 1553 salivae
2082 1504 2369 1564 visciditate,
2404 1502 2663 1553 emeticum

1493 1570 1671 1631 juvare
1692 1567 1833 1626 solet,
1858 1569 1970 1616 146.
2064 1600 2071 1605 -

1567 1632 1848 1695 Sanguinea
1885 1648 2049 1681 massa
2088 1639 2381 1696 repurgatur
2422 1628 2665 1683 ordinario

1501 1696 1657 1759 spatio
1678 1696 1867 1745 dierum
1893 1700 1968 1755 14,
1993 1702 2080 1746 aut
2101 1697 2308 1756 circiter,
2331 1697 2405 1749 77.

1569 1760 1832 1823 Sanguinis
1867 1761 1999 1809 color
2036 1762 2327 1825 purulentus
2365 1761 2667 1811 in·febribus

1501 1823 1889 1873 inflammatoriis
1930 1826 2173 1874 detractus
2207 1826 2354 1885 unde,
2386 1828 2500 1884 246,
2537 1827 2663 1883 247,

1501 1889 1754 1952 sanguinis
1790 1891 1983 1952 jactura
2018 1890 2070 1938 in
2114 1892 2363 1954 puerperis
2408 1889 2667 1953 hystericis

1499 1954 1648 2012 mala,
1667 1954 1787 2010 365,
1810 1954 2010 2016 sanguis
2032 1954 2294 2017 spirituum
2315 1956 2423 2004 fons
2446 1961 2495 2002 et
2513 1955 2667 2017 origo,

1499 2018 1629 2075 378,
1684 2032 1771 2081 per
1825 2034 1877 2067 se
1929 2018 1982 2070 iu
2032 2020 2195 2082 pueris
2244 2019 2549 2077 imbecillior,
2584 2022 2668 2078 41,

1506 2083 1631 2139 142,
1682 2082 1735 2131 in
1768 2082 2027 2145 pleuritide
2062 2099 2176 2131 vcra
2210 2084 2387 2148 qualis,
2418 2086 2529 2141 246,
2554 2085 2665 2142 247,

1503 2148 1627 2203 554,
1664 2147 1863 2209 sanguis
1882 2148 2249 2209 pleuriticorum
2280 2148 2508 2212 sanguini
2529 2147 2665 2197 simi·

1503 2210 1565 2257 lis
1588 2211 1826 2273 reperitur
1855 2210 1907 2259 in
1941 2212 2216 2275 dysenteria
2246 2213 2527 2270 inveterata,
2557 2212 2669 2270 177,

1510 2276 1631 2331 178,
1666 2274 1719 2323 in
1739 2275 1871 2324 febre
1908 2276 2112 2339 epidem.
2136 2292 2247 2326 ann.
2284 2277 2533 2335 ’vs—¹75,
2555 2277 2666 2335 207,

1510 2340 1632 2397 209,
1667 2340 1720 2387 in
1740 2340 1873 2389 febre
1895 2340 2137 2404 erysipe1.,
2160 2343 2284 2398 2633
2318 2342 2371 2389 in
2392 2342 2524 2389 febre
2544 2356 2671 2389 nova

1505 2404 1737 2467 hyemali,
1772 2404 1887 2464 477,
1919 2408 2032 2462 488,
2065 2407 2190 2462 490,
2240 2406 2293 2455 in
2325 2406 2457 2455 febre
2489 2406 2671 2469 pestilz,

1510 2470 1623 2529 110,
1649 2470 1767 2526 112,
1810 2469 1865 2518 in
1897 2470 2267 2533 haemon-bagis
2298 2471 2508 2529 narium,
2541 2472 2667 2528 2683

1505 2533 1565 2646 i1¹¹1
1574 2535 2124 2661 22⁶¹{finss'3ffi0‘235
2136 2537 2273 2652 ²⁵43}
2290 2620 2303 2632 ·
2322 2535 2668 2650 hinpssflssiffl’

1614 2634 1628 2656 ν
1982 2635 1995 2658 2
2131 2636 2145 2658 2
2290 2636 2303 2658 ν
2645 2629 2667 2638 “

1507 2664 2170 2787 ῗὲἒὶέιὲἒέἱιῧεηέἓῐιῖἰῖῗὲεῇ
2178 2665 2509 2792 ἔὲῗῒὲηἷᾞ
2521 2672 2671 2780 ἱῐιρὶἶὲξ

1506 2791 1593 2838 bre
1626 2791 1813 2866 contin·
1840 2791 2045 2868 epidem.
2068 2793 2187 2840 anni
2215 2794 2294 2841 ’65
2328 2809 2359 2842 a
2390 2793 2669 2856 pleuritico-

1507 2869 1879 2991 ωιὲᾼῖἒιξζῖξ
1896 2855 2285 2982 ἓξὲξψὲἱέτόὖ,
2300 2933 2401 2968 ver.
2417 2934 2588 2970 arran
2603 2935 2672 2970 nn

1509 2982 1866 3041 Hannon-os,
1891 2985 2003 3041 268,
2027 2984 2138 3041 269,
2162 2987 2273 3042 599,
2298 2985 2411 3034 600.

1577 3046 1770 3095 Sanitas
1789 3063 1849 3095 ex
1871 3048 2003 3096 febre
2058 3049 2233 3107 uand0,
2258 3049 2339 3100 27.

1576 3111 1895 3174 Sarsaparilla
1935 3111 1987 3160 in
2026 3063 2121 3160 ‘ine
2175 3127 2380 3162 venerea
2429 3115 2672 3179 quomodo

1488 3213 1497 3218 -
1509 3183 1637 3238 agat,
1666 3177 1772 3225 103.

1578 3240 1784 3289 Scabies.
1813 3238 1884 3302 [v.
1906 3240 2175 3306 Prin-itus]

1513 3369 1543 3416 5
1578 3305 1947 3416 {canta-rma-
1967 3305 2100 3368 (Da)
2152 3306 2349 3364 Fenus,
2394 3308 2509 3368 243,
2558 3309 2674 3368 244,

1547 3385 1576 3416 o
1619 3405 1631 3418 .
2638 3392 2647 3422 3

1578 3432 1872 3482 Scarlatiuae
1902 3433 2050 3482 febris
2081 3433 2354 3512 descriptio,
2378 3437 2503 3494 243,
2538 3438 2671 3487 mul-

1511 3503 1602 3556 tos,
1620 3497 1705 3546 sed
1724 3498 1935 3547 infantes
1950 3514 2066 3562 prae
2084 3507 2300 3559 caeteris,
2318 3501 2528 3561 infestat,
2548 3505 2641 3552 243
2659 3523 2672 3561 ,

1495 3575 1609 3624 -quo
1643 3569 1859 3626 tempore
1890 3562 2087 3622 incidat,
2108 3566 2235 3621 243,
2276 3567 2461 3615 curatio
2481 3569 2671 3630 simpli-

1512 3626 1723 3684 cissima,
1768 3630 1881 3686 243,
1927 3631 2051 3685 244,
2108 3629 2151 3676 si
2204 3630 2543 3679 convulsiones
2594 3632 2674 3681 vel

1512 3705 1652 3741 coma
1683 3691 1824 3740 initio
1857 3692 2138 3756 eruptionis,
2161 3693 2428 3742 infantibus
2457 3711 2673 3759 praeser—

1512 3755 1618 3813 tim,
1658 3757 2035 3818 supervenerint,
2080 3756 2201 3819 quid
2244 3759 2503 3820 agendum,
2548 3764 2673 3818 244,

1511 3820 1693 3931 febris2
1703 3821 1939 3935 dpcedens
1980 3835 2210 3884 squamas
2245 3821 2482 3873 farinosas
2525 3824 2674 3872 relin-

1516 3885 1640 3947 quit,
1701 3886 1722 3932 1
1764 3917 1777 3932 .
2640 3901 2647 3906 ·

1581 3948 1797 3996 Scientia
1826 3947 2061 3996 intuitiva'
2082 3963 2180 3997 non
2212 3948 2369 4008 datur,
2394 3966 2493 4013 qua
2524 3951 2677 4000 fretus

1513 4012 1753 4075 principia
1788 4011 1900 4075 quis
1940 4021 2088 4075 queat
2130 4013 2450 4074 substernere,
2499 4016 2677 4080 quibus

1514 4092 1632 4124 mox
1653 4082 1971 4139 superstruat,
1994 4077 2108 4135 465,
2130 4077 2240 4131 476.
2396 4090 2403 4096 ·

1582 4139 1733 4188 Scioli
1755 4147 1989 4202 quantam
2012 4142 2157 4190 edant
2178 4149 2407 4204 stragem,
2431 4146 2545 4196 295.

1584 4205 1879 4262 Scoanuro,
1906 4204 2039 4268 (Dr.)
2066 4205 2178 4264 607,
2203 4208 2314 4257 608.
2370 4255 2377 4264 ,

1584 4269 1849 4317 Scorbutus
1883 4283 1983 4318 non
2025 4271 2096 4318 ita
2134 4272 2362 4334 ftequens
2398 4272 2527 4350 apud
2572 4289 2677 4332 nos,

1517 4349 1575 4382 ac
1608 4332 1759 4396 vulgo
1795 4332 2022 4390 creditur,
2050 4337 2176 4393 259,
2234 4338 2449 4386 scorbuu
2481 4339 2679 4388 nomine

1515 4397 1719 4460 plurimi
1740 4398 1983 4447 donantur
2014 4399 2231 4458 affectus,
2256 4401 2343 4464 qui
2374 4402 2451 4451 vel
2483 4404 2677 4452 morbo-

1517 4477 1629 4510 rum
1674 4462 1898 4510 fientium
1941 4463 2110 4514 effecta
2154 4472 2286 4524 sunt,
2328 4466 2407 4517 vel
2446 4468 2682 4531 reliquiae

1517 4526 1675 4576 morbi
1707 4542 1805 4575 non
1838 4528 2049 4590 perfecte
2084 4530 2255 4594 curati,
2286 4533 2413 4590 259,
2454 4527 2681 4584 scorbuto
