3138 5006
657 281 781 346 116
1279 281 1671 348 THOMAE
1720 283 2239 349 SYDENHAM

385 469 590 520 raama
751 442 914 527 [46]
956 439 1202 506 Verum
1245 441 1360 506 ubi
1387 449 1607 508 tumor
1627 444 1767 528 jam
1809 452 2040 510 enatus
2067 445 2282 524 fuerit,
2312 465 2543 509 venam
2582 444 2844 528 aperire,

354 537 591 649 &rga-m.
653 545 850 609 etiam
877 545 950 608 in
979 565 1240 629 corpore
1270 545 1353 609 ad
1383 547 1749 610 sudandum
1779 547 2191 630 quantumvis
2219 546 2510 626 inhabili,
2534 547 2849 612 hactenus

343 615 623 714 Ακῃξῗιξῗι
650 669 785 713 non
837 649 1155 727 sustinui3
1199 649 1439 713 veritus
1481 671 1587 728 ne,
1617 650 1889 714 materia
1928 649 2259 713 morbifica
2298 649 2371 712 in
2414 648 2669 732 depleta
2700 669 2853 712 vasa

378 731 475 787 '⁶⁵’
495 732 591 779 ’⁶⁶'
651 749 990 815 confertim
1047 759 1393 830 remeante,
1446 751 1821 816 subitaneus
1879 753 2057 834 aegri
2104 751 2405 815 interitus
2462 750 2851 814 destinatam

336 819 606 946 ffffffissto
649 852 1057 936 diaphoresin
1127 861 1569 918 anteverteret.
1659 854 2099 918 Nihilominus
2168 855 2435 919 fortasse
2502 853 2655 917 satis
2704 859 2852 917 tuto

339 963 516 1025 ven-am
524 965 595 1062 X·
655 955 1086 1020 administrari
1117 958 1352 1040 poterit
1393 957 1849 1041 phlebotomia,
1878 956 2071 1021 modo
2104 956 2441 1020 confestim
2468 955 2550 1020 ab
2594 976 2671 1020 ea
2706 976 2851 1038 per-

339 1027 470 1154 ἓξὲξ
465 1029 563 1156 3013
577 1029 633 1063 u-
655 1065 799 1123 acta
826 1079 901 1122 ac
938 1059 1120 1122 nulla
1153 1080 1336 1124 mora
1375 1060 1714 1144 interjecta
1756 1059 2093 1124 eliciantur
2122 1059 2400 1136 sudores,
2433 1058 2565 1141 qui,
2595 1058 2676 1122 ad
2706 1079 2849 1141 spa-

343 1149 590 1194 nustmmt.
649 1162 817 1225 tium
867 1162 1158 1244 superius
1205 1161 1587 1245 requisitum
1636 1161 1951 1244 producti,
1992 1181 2251 1226 omnem
2298 1162 2570 1225 tumoris
2613 1160 2851 1224 molem

339 1229 588 1344 3351380
647 1263 959 1347 paulatim
999 1265 1330 1330 absumere
1363 1285 1438 1329 ac
1483 1263 1787 1348 dissipare
1827 1265 2117 1343 valeant3
2160 1264 2353 1347 idque
2380 1265 2573 1346 longe
2600 1263 2853 1327 minore

343 1360 521 1407 tentari
650 1366 872 1430 salutis
899 1367 1198 1450 periculo,
1230 1387 1424 1449 quam
1454 1366 1507 1428 si
1535 1367 1825 1448 legitima
1852 1366 2261 1449 apostematis
2288 1365 2655 1443 maturatio,
2686 1383 2853 1447 quae

337 1437 544 1538 εἷῖἒιῖιι.
647 1468 720 1532 in
747 1471 1076 1554 praecipiti
1111 1470 1346 1536 affectu
1375 1469 1723 1536 admodum
1760 1470 2007 1534 incerta
2042 1489 2117 1533 ac
2154 1468 2346 1533 fallax
2380 1469 2615 1548 existit,
2646 1469 2851 1532 serius

651 1581 1110 1656 expectaretur.

344 1688 579 1766 authqris
749 1676 915 1760 [4⁷]
972 1675 1268 1761 Denique
1325 1679 1423 1762 (ut
1467 1677 1550 1741 ad
1594 1677 1831 1742 calcem
1874 1675 2139 1741 tandem
2188 1675 2599 1761 perveniam,)
2646 1674 2851 1740 sicubi

338 1762 598 1806 nnoentu.
652 1778 820 1842 circa
855 1779 1170 1844 theoriam
1221 1801 1325 1844 me
1367 1779 1831 1844 hallucinatum
1880 1780 2077 1843 fuisse
2122 1779 2356 1843 Lector
2394 1777 2851 1862 deprehendat,

653 1882 851 1944 errori
879 1882 1130 1946 veniam
1157 1889 1350 1966 pet03
1394 1903 1617 1947 verum
1660 1883 1831 1967 quod
1874 1883 1957 1946 ad
1992 1883 2232 1966 praxim
2264 1881 2517 1959 attinet,
2544 1881 2849 1965 profiteor

650 2005 757 2048 me
786 1985 1006 2048 omnia
1033 2006 1111 2049 ex
1138 2006 1288 2050 vero
1315 1985 1674 2064 tradidisse,
1696 1985 1985 2068 nihilque
2012 1985 2263 2068 uspiam
2290 1984 2693 2068 proposuisse
2720 1979 2849 2046 nisi

653 2087 826 2170 quod
852 2087 1050 2170 probe
1080 2088 1478 2171 exploratum
1514 2087 1807 2153 habeam.
1900 2088 2091 2167 Sane,
2120 2107 2269 2152 cum
2312 2108 2646 2171 supremus
2680 2087 2847 2151 vitae

651 2211 830 2254 meae
857 2190 1126 2254 instabit
1165 2191 1318 2270 dies,
1351 2191 1601 2256 confido
1636 2191 1797 2255 mihi
1834 2191 2211 2255 adfuturum
2254 2190 2523 2255 alacrem
2556 2191 2627 2252 in
2664 2210 2847 2273 prae-

649 2291 877 2354 cordiis
916 2298 1168 2371 testem,
1207 2314 1313 2358 me
1351 2313 1486 2358 non
1525 2294 1733 2358 solum
1784 2315 2121 2378 aegrorum
2164 2293 2473 2372 omnium,
2507 2294 2849 2378 cujuscun-

649 2415 773 2476 que
803 2394 1063 2458 demum
1093 2395 1300 2475 sortis,
1331 2397 1442 2479 qui
1486 2417 1622 2461 sese
1651 2417 1839 2461 curae
1878 2417 2058 2462 meae
2101 2395 2644 2474 coum-ediderant,
2675 2415 2847 2459 sum-

645 2518 756 2560 ma
799 2497 924 2561 fide
970 2518 1045 2561 ac
1104 2497 1438 2581 diligentia
1481 2499 1753 2563 salutem
1796 2520 2184 2583 procurasse,
2239 2500 2535 2582 (quorum
2584 2498 2847 2563 interim

644 2620 837 2663 nemo
867 2622 906 2663 a
933 2622 1038 2665 me
1068 2600 1224 2664 alias
1251 2607 1562 2665 tractatus
1592 2610 1707 2680 est,
1729 2625 1923 2686 quam
1951 2623 2073 2687 ego
2100 2610 2338 2667 memet
2366 2602 2629 2667 tractari
2656 2624 2845 2687 cupe-

645 2724 804 2782 rem,
845 2704 901 2767 si
933 2704 1120 2768 mihi·
1135 2725 1213 2767 ex
1245 2703 1474 2769 iisdem
1507 2705 1749 2769 morbis
1786 2713 2115 2789 aegrotare
2143 2706 2591 2789 contingeret,)
2625 2726 2849 2769 verum

643 2806 842 2870 etiam
883 2824 998 2889 pro
1035 2806 1283 2889 ingenii
1309 2806 1572 2871 modulo
1615 2828 1837 2871 omnes
1878 2806 2077 2871 animi
2104 2829 2331 2872 nervos
2369 2809 2443 2871 in
2484 2807 2607 2871 hoc
2632 2808 2845 2872 inten-

646 2908 832 2988 disse,
861 2917 939 2973 ut
985 2910 1062 2992 (si
1106 2931 1235 2993 quo
1271 2909 1465 2974 modo
1511 2911 1651 2974 fieri
1697 2911 1943 2994 possit,)
1992 2910 2363 2976 morborum
2404 2909 2657 2974 medela
2701 2918 2847 2993 post

641 3012 889 3076 cineres
931 3032 1108 3079 meos
1147 3012 1376 3095 majori
1420 3032 1571 3075 cum
1612 3014 1999 3078 certitudine
2038 3012 2625 3091 administraretur,
2666 3018 2848 3075 ratus

647 3113 1278 3197 quantulamcunque
1321 3114 1392 3178 in
1426 3115 1548 3179 hoc
1596 3116 1899 3180 scientiae
1952 3136 2183 3199 genere
2235 3114 2678 3193 accessionem,
2726 3114 2848 3178 etsi

644 3215 809 3279 nihil
837 3216 1356 3298 magnificentius
1397 3238 1596 3299 quam
1632 3218 2038 3302 odontalgiae
2068 3224 2181 3281 aut
2218 3217 2540 3280 clavorum
2578 3214 2849 3299 pedibus

643 3318 1121 3381 innascentium
1164 3318 1561 3382 curationem
1613 3320 1892 3400 edoceat,
1939 3321 2132 3403 longe
2176 3318 2443 3382 maximi
2490 3318 2847 3382 faciendam

641 3440 803 3497 esse,
833 3440 986 3502 prae
1023 3420 1204 3483 inani
1239 3420 1573 3485 subtilium
1618 3423 2125 3506 speculationum
2162 3443 2397 3506 pompa
2438 3442 2512 3485 ac
2555 3420 2848 3485 levicula-

645 3542 794 3583 rum
836 3542 1054 3585 rerum
1097 3522 1349 3604 notitia,
1383 3547 1544 3609 quae
1573 3527 1842 3591 fortasse
1886 3527 2145 3591 Medico
2181 3526 2263 3590 ad
2292 3526 2641 3609 abigendos
2678 3547 2846 3589 mor-

648 3624 764 3687 bos
793 3646 928 3689 non
955 3626 1160 3709 magis
1189 3648 1269 3691 ex
1295 3650 1423 3692 usu
1449 3628 1669 3693 futura
1697 3636 1815 3709 est,
1846 3651 2041 3713 quam
2068 3630 2417 3695 architecto
2446 3629 2531 3692 ad
2558 3636 2847 3694 constru-

647 3726 847 3791 endas
877 3728 1064 3792 aedes
1093 3730 1374 3794 musicae
1403 3732 1557 3795 artis
1586 3733 1836 3815 peritia.

349 3853 484 3904 Quid
505 3868 592 3916 per
747 3830 912 3913 [48]
953 3830 1258 3895 ¹Unicam
1281 3831 1450 3899 hanc
1479 3836 2095 3915 annotatiunculam,
2118 3856 2203 3899 ne
2228 3836 2369 3920 quis
2397 3835 2563 3900 forte
2592 3835 2851 3901 sinistra

344 3920 625 4030 ssss'ffin-
649 3933 1176 4017 interpretatione
1232 3942 1520 4001 mentem
1576 3958 1789 4002 meam
1840 3938 2233 4022 detorqueat,
2264 3946 2378 4003 aut
2428 3958 2572 4002 eam
2623 3939 2849 4003 saltem

347 4046 501 4122 tell-igi
522 4046 566 4095 io
652 4058 788 4101 non
829 4037 983 4101 satis
1017 4046 1408 4121 assequatur,
1438 4046 1761 4123 postremo
1797 4040 1937 4106 loco
1971 4041 2378 4126 subjungam.
2468 4042 2555 4105 In
2596 4060 2847 4126 praece-

345 4110 475 4161 γεω·
653 4139 834 4203 denti
883 4161 1114 4223 nempe
1161 4140 1438 4205 diatriba
1485 4143 1775 4207 Naturae
1822 4146 2085 4209 nomine
2126 4145 2381 4228 saepius
2423 4150 2591 4224 utor,
2626 4144 2851 4227 illique

651 4242 856 4307 varios
886 4242 1149 4306 effectus
1171 4244 1472 4323 attribuo,
1495 4246 1759 4329 perinde
1790 4248 1971 4330 quasi
1990 4268 2127 4312 rem
2159 4248 2435 4331 aliquam
2456 4248 2849 4330 singularem

653 4356 718 4413 et
749 4348 1010 4413 seorsim
1039 4348 1512 4430 subsistentem,
1533 4352 1645 4417 sed
1673 4376 1788 4437 per
1814 4360 2019 4421 totam
2047 4355 2215 4420 hanc
2236 4356 2465 4421 mundi
2484 4356 2851 4422 machinam

1303 4474 1314 4507 ¹
1349 4478 1501 4527 Extat
1525 4482 1548 4541 5
1576 4482 1637 4529 48
1661 4480 1711 4529 in
1734 4482 1828 4531 fine
1850 4482 1953 4533 edd.
1982 4484 2077 4543 ’66,
2101 4485 2195 4533 ’68.
