3138 5006
507 309 1299 374 OBSERVATIONUM
1343 310 1918 376 MEDICARUM
1965 320 2045 373 ΙΙ.
2086 326 2136 373 2.
2296 316 2420 377 113

227 469 641 548 vertentibus,
686 469 1099 553 ejusdemque
1150 490 1520 553 compagem
1580 471 1940 536 subtilitate
1997 472 2232 535 eximia
2288 472 2415 535 dis-
2487 488 2689 539 anus

224 572 671 655 rumpentibus
687 573 731 655 ς)
782 593 973 654 aeger
1002 579 1221 635 autem
1249 580 1395 655 post
1418 573 1662 656 aliquot
1691 574 1880 639 horas
1901 574 2052 637 fatis
2081 575 2414 639 concessit.
2454 554 2723 666 ἔῗέζῂ,

228 670 394 757 [39.]
448 674 617 737 Cum
655 694 809 756 ergo
840 673 1237 757 frequentior
1274 674 1650 758 hujusmodi
1688 676 2168 741 obstaculorum
2195 696 2416 739 occur·
2442 682 2722 771 Apnoffwu

224 796 331 837 sus
366 776 527 838 mihi
560 776 921 840 molestiam
954 775 1313 854 facesseret,
1343 798 1584 859 magna
1623 778 1950 861 cogitandi
1987 777 2419 843 sollicitudine
2494 747 2576 803 65,
2617 748 2700 795 σθ’

224 898 477 941 mecum
500 878 757 961 agitari,
780 878 996 961 ecquis
1020 877 1281 941 demum
1310 880 1576 961 reperiri
1603 886 1817 962 posset
1837 880 2142 945 medendi
2169 880 2421 959 modus,

225 980 337 1062 qui
377 980 678 1043 morbum
724 1001 861 1043 non
908 980 1127 1043 minus
1177 981 1519 1044 efficaciter
1562 981 1869 1064 abigeret,
1911 1004 2034 1047 nec
2083 983 2422 1048 hominum

222 1082 642 1146 offensionem
701 1103 901 1165 aeque
966 1082 1339 1158 incurreret.
1433 1085 1531 1147 Re
1599 1084 1716 1147 diu
1778 1086 2188 1168 multumque
2252 1086 2426 1169 apud
2453 1100 2670 1151 Qualem

223 1185 514 1248 animum
542 1207 763 1248 meum
794 1184 1164 1263 deliberata,
1194 1184 1461 1249 tandem
1493 1187 1566 1249 in
1595 1186 1764 1250 hanc
1799 1187 2178 1252 methodum
2205 1188 2426 1270 incidi,
2451 1165 2681 1278 (ξέᾓξζῶ

223 1309 419 1370 quam
457 1309 795 1371 nunquam
832 1309 967 1351 non
1003 1288 1353 1370 proficuam
1393 1308 1468 1351 ac
1508 1288 1808 1353 omnibus
1847 1292 2134 1354 numeris
2174 1289 2426 1354 absolu-
2452 1294 2690 1343 rationem

220 1397 361 1453 tam
391 1390 692 1472 deinceps
720 1396 1021 1472 expertus
1051 1410 1217 1452 sum.

320 1492 489 1575 [40.]
544 1491 781 1568 Primo,
822 1490 1136 1574 siquidem
1178 1498 1397 1555 tumor
1435 1492 1730 1557 nondum
1768 1493 2237 1576 protuberaret,
2277 1515 2424 1558 san-
2451 1513 2738 1565 cuamoe⁸

220 1594 491 1676 guinem
532 1615 651 1677 pro
693 1594 1085 1677 aegrotantis
1128 1594 1371 1657 viribus
1415 1614 1490 1657 ac
1540 1601 2052 1678 temperamento
2096 1597 2426 1661 moderate

224 1695 515 1773 detraxi,
563 1716 689 1778 quo
716 1696 907 1772 facto,
932 1694 1324 1778 diaphoresis
1361 1697 1568 1779 (cujus
1600 1698 1755 1761 alias
1779 1698 2142 1762 sollicitatio
2169 1700 2242 1761 in
2261 1721 2425 1763 non·
2450 1720 2640 1769 Venae-

220 1798 425 1861 nullis
462 1797 831 1880 corporibus
868 1818 1005 1859 non
1042 1796 1233 1861 modo
1278 1819 1600 1861 summam
1637 1798 1919 1863 habebat
1960 1800 2424 1881 difficultatem,
2452 1785 2695 1897 {⁸222}ss

220 1920 451 1963 verum
486 1899 681 1962 etiam
720 1898 979 1980 majoris
1017 1898 1321 1976 incendii,
1357 1899 1754 1983 proindeque
1794 1900 2238 1984 ecthymatnm
2273 1924 2425 1986 pur-
2450 1864 2686 1975 piaemis-

220 2021 597 2084 pureorum,
616 2000 972 2083 periculum
992 1999 1461 2083 minitabatur‚)
1488 2000 1694 2065 facilis
1725 2008 1864 2065 erat
1886 2009 2081 2086 atque
2110 2004 2424 2086 expedita.
2452 1983 2720 2088 ἷζξῑξξέηθῒ

218 2105 447 2184 Atque
493 2101 661 2165 hanc
719 2102 1053 2183 sanguinis
1094 2126 1101 2131 ·
1105 2102 1445 2185 jacturam,
1492 2124 1676 2185 quae,
1722 2110 1800 2167 ut
1847 2112 1924 2168 ut
1976 2104 2225 2189 exigua,
2271 2106 2426 2169 alias
2449 2104 2624 2180 reddit,
2649 2111 2700 2152 0²

220 2204 675 2289 gravissimum
702 2203 1185 2268 incommodum
1216 2206 1557 2283 attulisset,
1583 2205 2028 2289 diaphoreseos
2057 2207 2428 2272 immediate
2451 2170 2650 2283 ἓξὲξ

218 2306 631 2389 insequentis
686 2306 1073 2370 beneficium
1131 2306 1388 2370 abunde
1448 2308 1903 2390 compensavit.
1996 2310 2151 2373 Post
2199 2331 2427 2374 venae-

218 2409 598 2486 sectionem,
624 2408 843 2491 (quam
864 2407 935 2470 in
956 2408 1125 2471 lecto
1154 2408 1605 2472 celebrandam
1627 2410 1861 2488 curavi,
1880 2431 2029 2473 cum
2052 2413 2190 2495 jam
2212 2412 2432 2476 omnia

218 2511 315 2574 ad
357 2511 621 2574 sudores
658 2509 1081 2593 proliciendos
1122 2511 1195 2574 in
1237 2519 1543 2594 promptu
1586 2506 1846 2596 essent,)
1893 2535 1978 2576 ne
2016 2514 2118 2578 vel
2159 2514 2432 2578 minima

216 2613 610 2695 interposita
634 2633 834 2689 mora,
868 2612 1168 2694 stragulis
1199 2635 1462 2695 aegrum
1502 2613 1707 2692 obrui,
1739 2634 1814 2677 ac
1842 2615 2144 2679 laciniam
2171 2617 2429 2680 laneam
2457 2630 2646 2693 Capitis

221 2713 515 2796 sincipiti
542 2714 791 2795 alligari
821 2713 1022 2797 jussi,
1070 2735 1233 2796 quae
1264 2715 1525 2798 quidem
1560 2716 1788 2799 capitis
1818 2717 2099 2781 obtectio
2129 2718 2212 2781 ad
2239 2696 2740 2809 SUd0·33t{f1t‹ig1-es

218 2837 370 2879 rem
410 2815 711 2879 ciendum
737 2816 885 2899 plus
923 2817 1175 2899 proficit
1206 2839 1399 2900 quam
1441 2818 1584 2900 quis
1623 2819 1810 2882 facile
1849 2819 2210 2883 crediderit.
2301 2821 2430 2883 De·
2457 2823 2650 2870 ciendos

218 2918 406 2996 inde,
452 2918 507 2981 si
564 2919 845 2983 vomitus
902 2940 1039 2982 non
1098 2919 1415 2998 adessent,
1459 2919 1621 2984 haec
1679 2928 1746 2984 et
1806 2921 2040 2985 similia
2095 2921 2434 3006 hydrotica
2457 2887 2670 3000 ἓξὲξ-Τ

218 3020 494 3084 exhibui
515 3045 622 3082 :—

238 3115 451 3184 [Form.
476 3121 584 3185 19.]
598 3119 621 3151 ‘¹
663 3119 729 3198 R
766 3122 1053 3176 Theriacae
1074 3125 1429 3178 Andromachi
1452 3124 1908 3190 semidrachmam‚

760 3209 1049 3262 Electuarii
1072 3209 1139 3263 de
1164 3210 1279 3264 Ovo
1303 3213 1606 3282 scrupulum
1629 3229 1817 3278 unum,

758 3293 1002 3347 Pulveris
1024 3313 1053 3349 e
1077 3295 1257 3350 Chelis
1283 3299 1610 3353 cancrorum
1635 3299 1932 3368 compositi
1950 3315 2118 3369 grana
2139 3299 2437 3365 duodecim,

760 3380 1185 3434 Coccinellarum
1210 3399 1378 3451 grana
1400 3390 1534 3449 octo,

757 3466 915 3520 Croci
940 3483 1109 3536 grana
1130 3477 1373 3536 quatuor,

758 3569 881 3606 cum
906 3553 1199 3606 sufficiente
1217 3554 1517 3622 quantitate
1540 3554 1700 3607 Succi
1727 3553 1981 3618 Kermes;

514 3637 637 3690 Fiat
666 3639 831 3704 bolus,
862 3655 1019 3708 quem
1049 3647 1227 3692 sumat
1256 3649 1405 3692 sexta
1440 3657 1656 3709 quaque
1687 3639 1836 3706 hora,
1865 3641 2252 3711 superbibendo
2283 3642 2442 3695 coch-

304 3747 333 3766 ·
512 3725 676 3777 leat-ia
696 3741 791 3776 sex
814 3726 1083 3793 sequentis
1095 3725 1289 3794 julapii
1302 3745 1393 3778 :—

224 3811 433 3881 [Fam.
454 3809 605 3873 20.]·ι
652 3806 717 3882 R
752 3811 937 3879 Aquae
962 3809 1161 3863 Cardui
1188 3811 1484 3876 Benedicti,

442 3909 452 3914 ·
760 3893 1005 3967 [Aquae]
1033 3895 1238 3948 Scordii
1260 3898 1614 3967 compositae,
1636 3913 1742 3950 ana
1760 3899 1944 3951 uncias
1967 3905 2092 3966 tres,

761 3982 946 4049 Aquae
970 3980 1292 4034 Theriacalis
1316 3981 1620 4035 Stillatitiae
1642 3982 1828 4036 uncias
1851 3982 1999 4048 duas,

762 4067 953 4137 Syrupi
977 4063 1449 4137 Caryophyllomm
1472 4069 1686 4122 unciam
1708 4085 1906 4132 unium

516 4152 721 4216 Misce3
756 4152 852 4206 fiat
861 4153 1143 4222 julapium.

327 4248 497 4332 [4l.]
554 4247 748 4313 Quod
788 4248 843 4310 si
870 4248 1135 4313 vomitio
1172 4249 1633 4333 interpellaret,
1661 4256 1752 4339 ut'
1766 4250 1840 4312 in
1869 4250 2061 4314 Peste
2100 4270 2175 4313 ac
2209 4248 2430 4312 Febri-
2459 4269 2560 4318 Ubi
2581 4271 2682 4333 pri.

216 4350 351 4414 bus
382 4350 929 4414 Pestilentialibus
964 4351 1331 4434 saepissime
1371 4352 1623 4430 accidit,
1655 4352 2200 4416 medicamentum
2239 4351 2429 4415 sudo·
2453 4350 2592 4382 mum
2614 4352 2721 4383 ¹¹¹²·

2451 4401 2600 4448 tex-iae
2611 4415 2744 4448 mor-

494 4485 513 4508 ²
550 4478 625 4528 Cf.
650 4481 853 4528 Proceu.
880 4481 973 4528 Iul.
998 4495 1041 4526 e.
1064 4481 1108 4526 3.
1541 4476 1572 4514 d
1604 4480 1681 4527 cf.
1701 4480 1895 4527 formm.
1923 4481 2030 4536 148,
2059 4481 2166 4527 149.

1314 4581 1355 4630 Q

2453 1358 2722 1407 substituit.
2799 1395 2807 1404 .
