3138 5006
842 298 1358 363 PROCESSUS
1408 296 1826 363 INTEGRI.
2309 297 2438 362 54⁷

326 464 449 549 [6.]
509 463 579 529 Si
609 463 1016 548 superveniat
1054 460 1241 525 iliaca
1272 462 1503 545 passio,
1533 459 2006 545 praescribatur
2035 459 2184 523 salis
2223 459 2436 524 absin·
2464 475 2549 524 nn
2563 476 2744 525 Fusa

229 567 353 631 thii
396 567 733 652 scrupulus
776 586 949 629 unus
992 587 1073 630 ex
1119 564 1435 629 cochleari
1476 584 1613 629 uno
1657 564 1834 628 succi
1879 563 2198 627 limonum
2242 582 2436 627 mane
2462 541 2742 655 Ξξξξζζζ

228 678 293 734 et
340 692 517 749 sero;
590 669 991 735 intermediis
1032 667 1429 752 temporibus
1480 667 1818 751 capiantur
1874 687 2078 749 aquae
2127 665 2434 730 menthae
2497 672 2709 749 ’61-’643

228 773 581 838 stillatitiae
624 772 765 837 sine
808 772 1110 836 saccharo
1146 769 1503 835 cochlearia
1545 769 1788 853 aliquot
1822 768 1923 833 bis
1959 789 2210 852 quaque
2247 768 2426 833 hora.
2455 744 2745 887 ἓοῗῗξὲἐίξῖ

227 878 405 942 Dum
439 878 599 942 haec
638 878 828 955 fiunt,
860 876 1115 940 catulus
1143 872 1365 939 vivens
1392 872 1574 938 nudo
1604 872 1818 937 ventri
1843 872 2288 937 indesinenter
2325 892 2430 936 ac-
2733 861 2744 882 ’

226 980 507 1044 cumbat.
584 980 933 1063 Postquam
959 977 1139 1042 dolor
1168 997 1319 1041 cum
1346 976 1598 1041 vomitu
1625 996 1742 1059 per
1768 975 2042 1039 biduum
2063 974 2432 1039 triduumve

226 1083 582 1161 cessaverit,
606 1081 985 1146 exhibeatur
1012 1080 1360 1165 pilularum
1382 1079 1752 1143 cochiarum
1781 1077 2099 1162 majorum
2129 1078 2435 1142 drachma

222 1206 358 1250 una
400 1187 472 1249 in
516 1206 682 1269 aqua
722 1184 1032 1249 menthae
1072 1183 1318 1248 soluta:
1364 1204 1487 1247 nec
1521 1182 1948 1249 removendus
1985 1181 2236 1246 catulus
2278 1188 2432 1245 ante

223 1289 571 1372 pilularum
600 1270 811 1351 usum.

319 1390 441 1475 [7.]
495 1390 603 1455 Ad
651 1389 995 1454 recidivam
1044 1388 1553 1473 praecavendam
1602 1388 1902 1472 persistat
1946 1388 2017 1452 in
2073 1410 2196 1451 usu
2246 1408 2426 1471 prae·
2454 1398 2572 1473 qui-d
2583 1398 2644 1446 ad
2663 1415 2736 1448 re-

224 1494 434 1558 dictae
470 1514 672 1577 aquae
715 1513 832 1577 per
868 1493 1139 1575 longum
1168 1500 1443 1575 tempus,
1475 1498 1541 1555 et
1584 1490 1922 1575 duplicatis
1951 1489 2183 1575 pannis
2224 1489 2428 1555 laneis
2452 1463 2736 1588 {moffen-

224 1604 515 1661 ventrem
546 1618 584 1660 a
610 1596 849 1680 frigore
880 1595 1208 1661 defendat.
2313 1593 2318 1601 ’
2453 1592 2580 1641 dam.

1121 1910 1311 1975 CAP.
1360 1908 1493 1974 III.

541 2074 639 2137 De
666 2073 861 2137 Febre
890 2072 1309 2137 Pestilentia&
1332 2092 1636 2135 annorum
1669 2072 1858 2151 1665,
1897 2071 2086 2136 1666.

267 2277 285 2287 ‚
306 2209 478 2272 Posr
516 2208 1137 2273 venae-sectionem⁸
1179 2209 1250 2272 in
1296 2209 1463 2272 lecto
1509 2207 1982 2287 celebrandam,
2023 2229 2216 2292 aeger
2259 2212 2420 2273 strae
2448 2223 2712 2275 coam-10.

218 2310 387 2393 gulis
438 2312 767 2389 obruatur,
818 2318 883 2375 et
928 2310 1163 2375 lacinia
1210 2310 1401 2375 lanea
1446 2310 1729 2394 sincipiti
1780 2311 2117 2395 alligetur3
2161 2316 2326 2391 tum,
2367 2312 2422 2375 si

216 2413 497 2477 vomitus
527 2435 661 2477 non
692 2413 877 2493 adsit,
908 2413 1030 2477 hoc
1058 2414 1160 2477 vel
1189 2414 1397 2477 simile
1424 2412 1836 2497 hydroticum
1867 2414 2098 2478 exhibe
2119 2440 2224 2479 :—

222 2579 423 2643 [Form.
454 2575 643 2642 148.]ιι
688 2578 751 2662 R
789 2581 1076 2636 Theriacae
1099 2582 1457 2636 Andromachi
1482 2582 1942 2648 semidrachmam,

785 2667 1075 2724 Electum-ii
1101 2669 1166 2723 de
1193 2669 1308 2723 Ovo
1332 2671 1636 2740 scrupulum
1661 2687 1846 2734 unum,

782 2754 1020 2810 Pulveris
1036 2773 1067 2810 e
1084 2757 1267 2810 Chelis
1286 2757 1614 2810 Cancrorum
1631 2757 1924 2827 Compositi
1939 2773 2108 2827 grana
2123 2756 2419 2822 duodecim,

782 2843 1207 2898 Coccineilarum
1232 2860 1402 2914 grana
1426 2852 1563 2909 octo,

782 2931 937 2985 Croci
961 2949 1131 3002 grana
1152 2941 1399 3002 quatuor,

778 3035 900 3072 cum
923 3017 1215 3072 sufficiente
1238 3017 1537 3088 quantitate
1564 3017 1722 3072 Succi
1749 3017 2006 3081 Kermes;

498 3103 625 3160 Fiat
646 3105 813 3172 bolus,
837 3123 999 3176 quem
1033 3113 1210 3159 sumat
1239 3113 1393 3159 sexta
1426 3121 1642 3174 quaque
1677 3105 1822 3170 hora,
1845 3103 2230 3176 sapei-bibendo
2265 3104 2418 3158 coch-

495 3192 658 3246 learia
682 3209 773 3246 sex
799 3193 1071 3263 sequentis
1085 3193 1280 3263 julapii
1298 3212 1381 3244 2-—

214 3335 416 3400 [Form.
448 3340 635 3406 149.]11
680 3335 742 3416 ᾖ
781 3338 965 3408 Aquae
990 3336 1191 3392 Cardui
1216 3336 1515 3402 Benedicti,

780 3421 1013 3492 [Aquae]
1049 3421 1253 3476 Scordii
1277 3423 1633 3493 Compositae,
1656 3439 1762 3477 ana
1785 3425 1969 3478 uncias
1993 3433 2236 3494 quatuor,

772 3510 957 3581 Aquae
982 3509 1308 3563 Theriacalis
1334 3508 1640 3563 Stillatitiae
1667 3510 1850 3563 uncias
1873 3510 2024 3575 duas»,

776 3598 970 3668 Syrupi
994 3595 1465 3667 Caryophyllorum
1490 3597 1706 3650 unciam
1733 3611 1894 3649 uuam
1917 3617 1932 3658 ;

496 3685 695 3749 Misce;
734 3685 829 3739 fiat
843 3685 1130 3755 julapium.

305 3831 377 3893 Si
421 3830 585 3894 adsit
624 3831 909 3910 vomitio,
953 3829 1365 3915 hydroticum
1409 3829 1762 3908 differatur,
1801 3815 2004 3893 d'onec
2047 3829 2181 3892 solo
2225 3836 2410 3912 tegu-

212 3939 585 3997 mentorum
642 3933 927 4017 pondere
986 3931 1181 3997 sudor
1235 3953 1616 4017 promanare
1672 3931 1958 4014 incipiat,
2019 3930 2412 3994 linteaminis

208 4042 393 4120 parte
420 4036 631 4100 vultui
658 4036 1131 4121 superinducta.

298 4139 571 4224 Incepta
616 4138 1009 4223 diaphoresis
1058 4138 1377 4203 haustulis
1422 4137 1800 4222 zythogalae
1848 4134 2044 4199 salvia
2088 4135 2412 4212 alteratae,

210 4242 309 4305 vel
338 4242 673 4306 cerevisiae
704 4243 808 4306 cui
837 4241 1035 4316 macis
1066 4241 1537 4324 aliquantulum
1566 4238 1900 4316 incoxeris,
1931 4236 2207 4302 subinde
2234 4259 2412 4320 repe-

278 4453 295 4485 f
330 4451 405 4500 ef.
434 4456 613 4501 Observ.
642 4454 767 4501 Med.
790 4453 843 4500 ii.
867 4455 911 4502 2.
1730 4447 1752 4478 ¹²
1789 4448 1865 4497 cf.
1893 4449 2080 4496 foi-mm.
2111 4451 2188 4508 19,
2211 4453 2289 4497 20.

276 4523 299 4554 Β
336 4519 443 4564 Post
464 4525 731 4565 venae-sect.
758 4517 865 4580 ξω]
892 4517 967 4565 Cf.
990 4520 1100 4566 ibid.
1126 4515 1172 4565 ii.
1196 4519 1240 4565 2.
1267 4519 1329 4563 4-0
1354 4533 1425 4577 sq.
