3138 5006
1014 281 1543 348 TRACTATUS
1591 283 1686 346 Π.
2326 284 2456 348 459

258 460 395 502 sam
458 439 947 522 praebebimus,
1008 447 1202 524 atque
1274 463 1354 506 ex
1428 443 1551 508 hac
1622 444 2030 510 induciarum
2103 444 2455 523 occasione,
2517 459 2600 508 Da
2626 460 2739 508 Hr-

258 541 441 622 quasi
466 540 731 606 victoria
750 541 889 624 jam
916 549 1104 624 parta
1143 542 1244 606 uti
1281 544 1664 624 nescientes,
1693 545 1962 610 tandem
1988 545 2130 610 loco
2159 545 2350 627 pulsi,
2381 567 2454 610 re
2537 538 2722 574 nuova.

256 641 497 706 infecta
542 643 818 725 turpiter
862 643 1253 727 fugabimur.
1343 645 1549 725 Adde,
1598 646 1770 730 quod
1812 645 2172 730 periculum
2221 653 2322 710 est
2367 669 2452 712 ne

258 765 570 826 aquarum
598 744 769 808 inter
795 746 1037 810 viscera
1064 766 1245 810 mora
1274 745 1637 812 diuturnior
1675 747 1900 812 eadem
1927 745 2268 830 putredine
2297 768 2452 830 qua-

258 846 407 910 dam
438 869 554 912 sua
579 847 875 930 inquinet
905 868 979 912 ac
1006 848 1269 912 inficiat.
1334 848 1555 932 Atque
1583 849 1866 934 insuper,
1903 849 2100 932 (quod
2125 848 2306 932 parvi
2335 849 2451 914 du-

257 948 535 1014 cendum
562 971 699 1014 non
728 951 870 1032 est,)
904 949 1067 1014 istae
1096 971 1299 1033 aquae
1334 971 1375 1014 a
1400 952 1788 1034 praegressis
1829 951 2201 1016 catharticis
2244 951 2341 1014 ita
2381 950 2452 1014 in

254 1059 507 1118 motum
536 1052 822 1118 concitae
852 1052 935 1116 ad
962 1073 1200 1118 noxam
1226 1051 1642 1118 inferendam.
1661 1055 1798 1136 jam
1827 1052 2268 1136 propensiores
2297 1061 2452 1116 sunt

255 1176 449 1236 quam
484 1155 601 1220 ubi
644 1157 1063 1240 quiescerent.
1154 1155 1316 1219 'Pam
1356 1155 1441 1220 ob
1480 1155 1651 1221 hanc
1692 1156 1912 1240 itaque
1954 1177 2214 1220 causam
2257 1177 2452 1237 quam

255 1257 336 1322 ob
386 1257 539 1320 alias
586 1279 780 1340 supra
823 1264 1229 1336 memoratas,
1282 1257 1434 1321 huic
1479 1257 1848 1338 intentioni,
1897 1277 2061 1342 quae
2117 1256 2452 1322 colluviem

255 1378 535 1422 serosam
562 1358 741 1424 intus
772 1359 1055 1422 clausam
1080 1358 1359 1442 respicit,
1390 1380 1586 1442 quam
1628 1360 2022 1425 velocissime
2061 1359 2450 1424 satisfacien-

255 1461 412 1524 dum
458 1467 594 1539 est;
640 1481 851 1544 neque
896 1460 979 1525 ab
1031 1482 1127 1540 ea,
1167 1459 1293 1522 nisi
1341 1467 1619 1542 urgente
1664 1459 2064 1539 necessitate,
2109 1466 2208 1526 est
2252 1459 2450 1522 absis-

252 1563 527 1628 tendum
556 1571 671 1628 aut
698 1562 1101 1642 cessandum,
1132 1563 1336 1630 donec
1366 1564 1576 1628 omnis
1605 1584 1921 1646 aquarum
1955 1563 2156 1630 moles
2183 1561 2451 1626 omnino

254 1665 518 1730 demum
547 1665 873 1730 exantlata
898 1664 1114 1728 fuerit.

352 1769 417 1851 [1
428 1768 517 1850 L]
574 1767 721 1832 Hoc
763 1788 951 1851 porro
984 1768 1346 1832 notandum
1380 1768 1578 1848 venit,
1614 1768 1805 1851 quod,
1842 1788 1992 1832 cum
2021 1788 2058 1832 e
2085 1769 2267 1852 praxi
2295 1789 2446 1834 con·
2473 1781 2733 1844 Hydrago-

256 1876 404 1948 stet,
434 1869 807 1954 hydragoga
848 1869 982 1934 fere
1025 1870 1261 1951 omnia,
1295 1869 1486 1954 genio
1531 1869 1812 1954 quodam
1855 1869 1978 1934 sibi
2020 1870 2348 1954 peculiari,
2395 1869 2450 1934 si
2473 1861 2727 1957 {23:¹¹ssss-

254 1971 391 2034 sola
430 1970 874 2051 exhibeantur,
904 1971 983 2035 iis
1023 1973 1135 2054 qui
1176 1992 1367 2056 segre
1413 1978 1778 2054 purgantur
1823 1993 2058 2056 parum
2099 1971 2449 2036 admodum
2474 1975 2705 2050 §nent-in

252 2075 415 2140 votis
458 2076 865 2159 respondere,
914 2076 1073 2160 quin
1132 2083 1199 2140 et
1256 2076 1600 2160 largiorem
1657 2074 2013 2140 eorundem
2070 2073 2257 2138 dosin
2314 2095 2450 2138 non
2474 2053 2712 2159 ἕῖηἱῖζῗίρε,

250 2185 387 2242 tam
416 2177 743 2242 catharsin
787 2199 981 2261 quam
1020 2177 1355 2262 sanguinis
1396 2178 1758 2244 tumultum
1786 2197 2156 2262 promovere
2177 2202 2198 2254 ς
2249 2177 2450 2258 (unde

252 2279 363 2361 qui
407 2279 709 2344 imminui
757 2279 1068 2346 debuerat
1113 2287 1351 2360 tumor,
1404 2281 1545 2364 jam
1597 2279 1846 2346 auctior
1891 2278 2182 2342 cernitur
2196 2280 2241 2362 ς)
2287 2278 2450 2342 haec

250 2380 467 2462 itaque
517 2402 653 2444 non
698 2381 896 2444 alium
944 2381 1241 2445 obtinent
1284 2401 1475 2446 usum
1526 2381 1600 2445 in
1642 2380 2014 2464 hujusmodi
2057 2379 2448 2464 corporibus,

251 2506 443 2566 quam
482 2489 561 2547 ut
602 2482 954 2549 lenioribus
994 2485 1359 2553 catharticis
1404 2485 1744 2551 stimulum
1772 2483 2032 2550 addant.
2126 2482 2276 2549 Quo
2311 2505 2448 2549 non
2473 2513 2618 2561 quem
2643 2499 2695 2546 in

250 2586 571 2664 obstante,
604 2586 677 2649 in
720 2586 797 2649 iis
842 2588 951 2671 qui
994 2595 1277 2671 purgatu
1318 2595 1472 2652 sunt
1516 2588 1755 2667 facileS,
1795 2586 2172 2671 hydragoga
2211 2585 2338 2651 ista
2380 2594 2446 2651 et
2471 2562 2732 2689 {33³3ss

250 2688 545 2752 celeriter
574 2694 641 2751 et
670 2709 822 2751 cum
848 2710 1087 2772 magno
1117 2690 1351 2755 effectu
1379 2697 1748 2772 operantur.
2469 2698 2590 2753 μω
2601 2700 2731 2741 sunt.

346 2792 513 2875 [12.]
571 2792 892 2857 Quocirca
920 2792 995 2855 in
1030 2793 1173 2857 istis
1218 2794 1327 2879 qui
1370 2794 1650 2857 catharsi
1691 2798 1989 2877 prompte
2028 2791 2292 2871 cedunt,
2342 2814 2443 2875 sy·
2472 2808 2535 2855 111
2543 2808 2653 2857 isti·
2665 2810 2752 2871 qui

248 2916 447 2978 rupus
484 2894 565 2958 de
600 2894 785 2977 spina
818 2895 1089 2974 cervina,
1120 2895 1317 2959 etiam
1352 2896 1542 2974 solus,
1577 2917 1773 2978 aquas
1817 2900 1918 2959 sat
1953 2893 2204 2977 copiose
2233 2872 2688 3000 elicit;1‘²‚¹r“²‚¹1¹m''1¹‚}{³

251 2999 423 3082 quod
474 2998 735 3082 quidem
786 2998 1145 3063 remedium
1186 2999 1259 3061 in
1296 2999 1399 3063 his
1452 3020 1650 3083 aquas
1701 2998 1834 3063 fere
1879 2996 2064 3075 solas,
2103 3017 2338 3079 easque
2372 2996 2447 3059 in
2469 3002 2649 3050 cedunt
2711 3067 2724 3079 ‚

248 3122 487 3183 magna
543 3102 930 3185 quantitate,
978 3101 1214 3180 educit,
1262 3122 1384 3166 nec
1432 3101 1814 3185 sanguinem
1865 3098 2272 3183 perturbans,
2323 3118 2444 3162 nec
2469 3066 2752 3179 ffssssssssffl

246 3204 503 3268 urinam
560 3204 835 3267 reddens
894 3203 1336 3267 coloratiorem
1400 3223 1518 3287 pro
1574 3202 1967 3285 reliquorum
2023 3199 2442 3283 purgantium
2467 3209 2738 3270 ⁸3¹qu

2465 3266 2529 3306 tis
2546 3274 2740 3321 copiose

247 3327 423 3369 more
449 3332 463 3370 ε
508 3306 577 3369 id
615 3313 876 3369 tantum
911 3305 1111 3369 habet
1149 3304 1541 3369 incommodi
1586 3325 1858 3387 syrupus
1900 3302 2030 3381 ille,
2063 3300 2236 3384 quod
2271 3300 2444 3365 inter
2467 3322 2628 3371 elicit:
2663 3324 2718 3372 id

247 3407 645 3490 operandum
681 3407 1018 3489 ingentem
1058 3406 1235 3469 sitim
1274 3412 1593 3489 provocet.
1685 3404 1879 3470 Quod
1923 3404 1976 3465 si
2013 3402 2187 3466 idem
2229 3402 2328 3466 vel
2369 3403 2440 3465 in
2465 3386 2710 3499 101ζᾶἲὲ

248 3530 503 3572 summa
540 3508 679 3572 dosi
717 3509 857 3573 aliis
902 3508 1283 3591 propinetur
1322 3508 1433 3591 qui
1479 3528 1668 3590 aegre
1719 3511 2180 3588 expurgantur,
2228 3525 2440 3587 neque
2464 3514 2544 3563 hio
2567 3532 2709 3578 syru-

248 3612 491 3675 multae
531 3618 883 3693 sequentur
928 3612 1337 3695 dejectiones,
1368 3633 1581 3697 neque
1620 3632 1732 3675 eae
1770 3610 1978 3675 multa
2006 3631 2192 3692 aqua,
2221 3615 2299 3672 ut
2330 3609 2437 3672 de·
2463 3580 2727 3707 {2¹}qussssss

245 3714 541 3791 buerant,
572 3714 859 3777 refertae.
2461 3709 2678 3771 gaudum

346 3814 509 3898 [13.]
564 3814 885 3897 Equidem
923 3815 1123 3898 probe
1159 3816 1427 3879 memini
1462 3818 1637 3899 (cum
1672 3822 1834 3881 tunc
1869 3814 2154 3898 primum
2182 3812 2269 3877 ad
2299 3811 2439 3896 Hy·
2461 3772 2732 3900 {2¹33ssss-

246 3918 513 4000 dropem
533 3918 893 3983 curandum
914 3919 1262 4003 invitarer,)
1286 3940 1394 3984 me
1416 3920 1606 3984 annis
1629 3916 1903 3985 abhinc⁴¹
1919 3918 2150 4000 viginti
2172 3925 2439 3998 septem,
2465 3908 2616 3949 ''⁰⁰⁶‘’

218 4020 360 4083 ‘aut
402 4019 673 4097 circiter,
714 4019 799 4082 ad
838 4028 1201 4085 matronam
1238 4022 1563 4105 quandam
1606 4022 1780 4106 piam
1817 4026 1884 4085 et
1923 4020 2283 4096 honestam,
2325 4038 2439 4081 no-

244 4122 420 4185 mine
471 4121 850 4202 Saltmarsh,
898 4124 1457 4189 westmonasterii
1509 4130 2036 4201 commorantem,
2083 4121 2280 4184 fuisse
2340 4142 2440 4183 ac-

246 4226 588 4302 cersitum;
635 4226 819 4309 cujus
850 4226 1168 4291 abdomen
1210 4227 1533 4311 Hydrops,
1568 4221 1694 4309 quo
1735 4225 2113 4289 atrociorem
2149 4222 2443 4287 nondum

244 4326 393 4405 vidi,
424 4326 493 4391 in
536 4327 773 4391 molem
818 4328 1287 4412 magnitudinis
1316 4328 1422 4393 vix
1468 4328 1822 4393 credendae
1863 4333 2173 4391 evexerat.
2266 4324 2442 4389 Huic

969 4454 991 4486 ‘⁵
1024 4456 1215 4520 abhinc]
1242 4472 1306 4507 sc.
1333 4456 1392 4504 ab
1416 4472 1543 4505 anno
1571 4458 1711 4504 168³.
