3138 5006
734 290 866 354 492
1362 285 1752 352 THOMAE
1799 285 2320 351 SYDENHAM

429 468 711 518 Dauom-An
736 456 849 514 tur
888 469 1015 512 usu
1063 447 1343 532 pulveris
1384 447 1637 512 corticis
1680 447 2062 526 Peruviani,
2045 473 2062 490 ·
2121 466 2356 530 nempe
2397 445 2592 511 uncia
2627 467 2780 510 una
2823 465 2966 508 cor-

476 534 675 583 Faunus
736 552 882 617 ticin
938 571 1091 616 cum
1146 549 1371 634 syrupi
1426 549 1756 634 papaveris
1813 549 2126 614 rhoeadon
2177 550 2542 632 quantitate
2587 548 2970 612 sufficiente

432 600 700 647 Iuenzsau

432 690 695 739 omnm,
734 654 807 718 in
854 654 1065 718 forma
1112 653 1445 716 electuarii
1498 653 1601 716 vel
1649 651 2000 735 pilularum
2057 651 2338 729 redacta,
2383 670 2589 733 eaque
2639 648 2971 713 methodo

735 763 1067 842 assumpta
1115 776 1312 838 quam
1370 755 1525 821 olim
1585 753 1922 819 tradebam
1969 754 2264 836 Epistola
2307 753 2396 816 ad
2435 751 2570 816 D...
2613 754 2972 817 Doctorem

734 859 957 940 Brady
997 859 1066 945 [ᾗ
1098 861 1180 921 21
1190 857 1258 942 .,]
1288 856 1764 941 superbibendo
1792 857 2100 922 haustum
2133 857 2320 922 lactis
2347 857 2666 922 deflorati.
2765 851 2973 922 Quod

732 959 1002 1025 remedii
1051 980 1257 1042 genus
1302 959 1744 1044 experimento
1788 959 2181 1044 deprehendi
2224 960 2461 1024 certius
2507 960 2581 1024 in
2623 959 2764 1024 hoc
2811 980 2974 1024 casu

734 1083 999 1146 scopum
1022 1062 1363 1145 attingere,
1388 1085 1582 1146 quam
1611 1061 1790 1126 aliud
1817 1061 2082 1146 quodvis
2111 1061 2310 1126 etiam
2337 1081 2376 1126 e
2403 1060 2972 1136 celebratissimis,

732 1165 928 1229 modo
960 1185 1097 1230 non
1134 1165 1531 1230 frustrentur
1568 1166 1709 1250 ejus
1745 1165 1912 1232 vires
1945 1165 2144 1251 (quod
2181 1165 2324 1230 fieri
2357 1165 2636 1248 assolet)
2681 1185 2780 1229 ex
2821 1163 2974 1248 jugi

734 1267 911 1350 aegri
936 1267 1009 1330 in
1036 1265 1205 1332 lecto
1234 1267 1562 1332 decubitu.

830 1368 997 1452 [11.]
1052 1368 1298 1434 Diebus
1334 1391 1373 1433 a
1398 1369 1788 1454 purgatione
1818 1368 2038 1434 liberis
2071 1368 2410 1453 sequentia
2437 1367 2538 1432 vel
2567 1367 2673 1431 his
2711 1366 2974 1432 similia

732 1491 1209 1553 nonnunquam
1236 1471 1603 1556 praescribo
1624 1495 1731 1535 :—

736 1603 939 1670 [Form.
970 1603 1159 1668 105.]o
1194 1601 1259 1682 R
1298 1605 1596 1658 Conservae
1623 1603 1865 1674 Lujulae,

1298 1689 1651 1762 [Consertae]
1679 1690 1990 1760 cynosbati‚
2011 1707 2120 1746 ana
2141 1691 2359 1746 unciam
2381 1705 2567 1754 unam,

1296 1777 1594 1832 Conservae
1619 1776 1866 1832 Bel-beris
1890 1777 2260 1842 semiunciam,

1294 1862 1564 1916 cremeris
1589 1861 1800 1916 Tartari
1821 1860 2132 1916 drachmam
2158 1877 2342 1925 unam,

1296 1941 1738 2004 cum⁸sufficiente
1761 1949 2065 2018 quantitate
2091 1947 2282 2017 Syrupi
2307 1945 2375 1998 de
2399 1945 2760 2010 Limonibus3

1016 2033 1139 2090 Fiat
1178 2035 1540 2101 electuarium,
1577 2034 1642 2088 de
1683 2052 1789 2105 quo
1825 2035 2004 2104 capiat
2037 2033 2107 2087 ad
2147 2032 2577 2103 magnitudinem
2615 2034 2784 2087 nucis
2823 2051 2966 2087 mos-

1010 2119 1199 2175 chatae
1222 2129 1303 2175 ter
1324 2121 1381 2173 in
1406 2119 1510 2187 die,
1527 2119 1913 2191 superbibendo
1937 2119 2204 2190 sequentis
2218 2118 2414 2189 julapii
2439 2117 2746 2173 cochlearia
2761 2135 2866 2174 sex
2879 2139 2968 2173 :-

734 2239 939 2303 [Form.
971 2237 1155 2303 106.]1>
1192 2235 1256 2318 R
1298 2241 1481 2310 Aquae
1507 2238 1838 2305 Portulacae,

1297 2325 1533 2395 [Aquae]
1562 2325 1848 2391 Lactucae,

1294 2411 1535 2481 [Aquae]
1562 2411 1890 2482 Paralyseos,
1915 2427 2022 2465 ana
2043 2413 2230 2466 uncias
2251 2419 2375 2476 uos,

1294 2497 1489 2569 Syrupi
1513 2497 1586 2553 de
1609 2499 1926 2555 Limonibus
1949 2499 2366 2571 sesquiunciam,

1294 2584 1489 2657 Syrupi
1510 2586 1786 2642 violarum
1809 2587 2028 2642 unciam
2053 2602 2250 2648 unam;
2327 2638 2334 2646 ,

1012 2672 1216 2736 Misce;
1252 2672 1347 2727 fiat
1360 2673 1648 2745 julapium.

815 2796 961 2877 Vel,

732 2897 935 2961 [Em.
962 2880 1107 2967 102]
1127 2912 1157 2951 (ι
1192 2894 1257 2980 R,
1296 2898 1484 2968 Aquae
1507 2895 1762 2953 fontanae
1785 2897 1978 2953 libram
2003 2914 2188 2963 unam,

1294 2984 1481 3055 Aquae
1504 2984 1786 3050 Rosamm,

1296 3071 1453 3125 Succi
1478 3070 1787 3136 Limonum,

1291 3156 1541 3211 Sacchari
1565 3158 1838 3223 albissimi,
1863 3174 1970 3211 ana
1991 3158 2179 3211 uncias
2201 3162 2461 3227 quatuor;

1011 3244 1197 3313 Coque
1229 3242 1376 3297 lento
1406 3244 1535 3315 igne
1559 3242 1689 3297 dum
1714 3242 2172 3314 despumaverint:
2211 3244 2390 3314 capiat
2423 3243 2610 3297 uncias
2645 3250 2758 3297 nea
2793 3242 2873 3297 ad
2895 3244 2962 3296 li·

1008 3330 1202 3384 bitum.

726 3444 977 3508 Verum
1018 3442 1091 3507 in
1132 3442 1235 3507 his
1280 3443 1585 3508 omnibus
1631 3444 1930 3529 spiritum
1975 3443 2234 3525 vitrioli,
2281 3442 2403 3509 etsi
2453 3464 2710 3508 summe
2759 3444 2956 3508 refri-

728 3553 1083 3630 gerantem,
1117 3568 1369 3630 semper
1409 3546 1642 3626 devit0,
1679 3554 1908 3631 utpote
1955 3548 2082 3631 qui,
2127 3568 2278 3611 cum
2322 3547 2580 3629 egregie
2623 3546 2954 3630 stypticus

728 3649 831 3727 ait,
865 3647 1083 3712 minus
1122 3650 1423 3713 convenit
1466 3648 1710 3713 morbis
1751 3650 2056 3715 omnibus
2098 3670 2373 3733 quorum
2418 3648 2666 3712 curatio
2703 3669 2954 3731 purga-

722 3750 889 3815 tioni
916 3750 1261 3829 innititur3
1304 3758 1382 3815 ut
1404 3750 1475 3814 in
1503 3751 1628 3817 hoc
1656 3752 1800 3817 loco
1827 3752 2208 3817 mineralem
2236 3750 2434 3835 hujus
2456 3750 2720 3834 spiritus
2745 3758 2952 3815 natu-

722 3874 867 3919 ram
893 3853 1072 3918 haud
1099 3874 1473 3919 memorem.

821 3957 987 4041 [12.]
1047 3958 1522 4041 Saepenumero
1573 3956 1681 4022 hic
1741 3956 1995 4037 accidit,
2059 3955 2364 4041 (maxime
2407 3953 2614 4020 Febre
2663 3954 2811 4038 jam
2863 3954 2954 4019 ad

722 4060 922 4122 finem
948 4062 1300 4143 vergente)
1335 4066 1411 4124 ut
1442 4079 1650 4143 aeger,
1682 4059 1841 4124 dum
1878 4060 2002 4124 hac
2035 4058 2341 4124 methodo
2376 4064 2712 4133 tractetur,
2743 4064 2954 4123 nocte

724 4160 999 4226 subinde
1030 4161 1263 4227 sudore
1286 4168 1515 4247 sponte
1543 4166 2006 4247 prorumpente
2028 4160 2313 4238 diffluat3
2357 4180 2398 4223 a
2427 4180 2555 4242 quo
2585 4157 2956 4223 admodum

719 4262 1107 4346 mitigantur
1134 4262 1435 4328 universa
1471 4262 1683 4328 morbi
1723 4270 2177 4349 symptomata.
2269 4262 2419 4329 Quo
2447 4283 2584 4327 non
2612 4261 2952 4342 obstante,

720 4382 871 4427 cum
903 4364 1275 4448 hujusmodi
1315 4363 1676 4450 diaphoresi
1710 4365 2042 4430 fidendum
2081 4387 2218 4431 non
2257 4366 2360 4445 sit,
2393 4364 2766 4449 supradicta
2804 4388 2951 4431 me-

765 4505 790 4532 o
826 4499 903 4546 Cf.
924 4499 1064 4548 form.
1094 4501 1200 4552 157.
1351 4508 1379 4547 P
1416 4501 1493 4550 cf.
1520 4502 1713 4551 foi-mm.
1740 4504 1818 4561 22,
1846 4503 1952 4552 1⁶8.
2112 4510 2138 4548 (ἱ
2173 4518 2268 4551 om.
2296 4504 2371 4551 ed.
2397 4503 2489 4552 '8st
2516 4502 2594 4552 Cf.
2613 4500 2761 4554 form.
2793 4504 2912 4552 159.
