3138 5006
691 284 1182 351 SCHEDULA
1226 286 1762 351 MONITORIA'
1803 286 1859 349 Ι.
2295 290 2424 353 503

227 466 377 510 vero
427 446 657 511 horum
709 466 859 511 usu‘
880 447 1275 512 vomituritio
1324 468 1399 511 ac
1440 448 1683 511 ventris
1734 446 1986 512 dolores
2034 448 2420 528 remiserint,
2449 458 2729 509 DnNovAn

226 554 386 611 tunc
415 548 839 613 catharticum
865 550 1045 633 prius
1076 548 1321 613 dictum
1356 549 1598 614 iterum
1633 549 2045 615 exhibeatur:
2091 550 2215 615 hoc
2244 551 2420 615 enim
2449 524 2718 637 Ῑξέζζζζσ

227 656 515 733 tempore
572 651 744 715 idem
795 652 915 716 sub
971 651 1235 721 laudani
1290 652 1499 716 tutela
1553 659 1958 735 assumptum
2011 652 2418 733 retinebitur,

229 771 303 813 ac
334 772 450 815 suo
487 752 753 817 tandem
782 754 1175 837 defungetur
1212 775 1500 819 munere.
1589 754 1838 819 Verum
1869 754 1941 832 si,
1974 754 2422 839 anodynorum

228 853 464 918 virtute
494 876 569 919 ac
589 855 652 919 vi
672 857 811 938 jam
830 856 1091 939 penitus
1118 856 1426 935 infractis,
1450 856 1848 921 vomituritio
1876 878 1953 920 ac
1974 857 2155 921 dolor
2182 858 2422 923 iterum

228 956 556 1035 redierint,
601 957 953 1022 cathartico
1002 958 1265 1023 interim
1307 959 1380 1022 in
1430 980 1690 1043 corpore
1739 960 2114 1039 restitante3
2176 961 2250 1024 in
2297 961 2446 1026 hoc·

228 1079 399 1137 casu,
424 1080 501 1123 ex
532 1058 997 1144 dejectionibus
1024 1082 1139 1144 per
1159 1061 1463 1126 inferiora
1484 1082 1596 1145 spe
1625 1061 1803 1125 omni
1822 1062 2419 1145 impraesentiarum

229 1160 496 1243 abjecta,
542 1162 626 1226 ad
681 1184 875 1227 usum
929 1163 1283 1247 paregorici
1340 1183 1532 1246 supra
1589 1162 1892 1247 descripti
1945 1165 2418 1243 revertendum,

226 1261 523 1348 idemque
566 1287 845 1350 eousque
879 1268 1305 1351 repetendum
1343 1274 1569 1351 quarta
1602 1268 1706 1332 vel
1747 1275 1928 1333 sexta
1970 1290 2222 1353 quaque
2263 1270 2424 1334 hora

228 1362 433 1430 donec
459 1367 785 1433 intestinis
816 1370 995 1454 quies
1024 1369 1395 1434 omnimoda
1418 1370 1782 1449 inducatur,
1808 1391 1882 1434 ac
1908 1370 2176 1453 proinde
2205 1378 2443 1436 motus·

228 1489 453 1534 eorum
502 1472 816 1536 naturalis
874 1473 1173 1537 deorsum
1223 1494 1443 1537 versus
1498 1474 1882 1537 restituatur
1902 1498 1936 1536 :-
1981 1495 2108 1556 quo
2161 1474 2423 1558 quidem

226 1580 516 1656 tempore
559 1574 1003 1655 catharticum,
1040 1576 1215 1659 quod
1254 1575 1567 1641 hactenus
1612 1575 1696 1640 ob
1735 1576 2131 1640 contrarium
2167 1576 2420 1641 intesti-

226 1697 460 1740 norum
503 1686 755 1741 motum
789 1678 863 1741 in
901 1699 1163 1763 corpore
1201 1680 1554 1756 sisteretur,
1578 1678 1717 1761 jam
1757 1678 2194 1762 operationem
2237 1702 2422 1743 suam

224 1797 341 1860 per
370 1777 552 1841 sedes
581 1787 816 1858 exeret,
848 1781 1323 1863 quantumlibet
1353 1801 1432 1844 ex
1467 1789 1606 1844 tam
1634 1780 1911 1863 repetito
1947 1780 2419 1845 narcoticorum

226 1900 350 1942 usu
392 1881 583 1963 plane
625 1883 1018 1946 contr-arium
1060 1882 1363 1947 effectum
1406 1882 1487 1946 iri
1523 1882 1835 1947 videatur.
1926 1881 2121 1947 Quod
2159 1890 2225 1948 et
2262 1882 2418 1967 ipse,

228 1980 384 2045 dum
441 1983 601 2047 haec
658 1983 1017 2062 scriberem,
1061 1985 1135 2048 in
1186 2006 1496 2067 generoso
1554 1984 1834 2068 quodam
1881 1984 2008 2049 ileo
2059 1985 2419 2049 saevissimo

223 2084 555 2150 laborante
595 2094 896 2170 expertus
940 2109 1122 2167 sum,
1174 2088 1281 2152 cui
1322 2094 1543 2151 tamen
1585 2094 1827 2171 postea,
1868 2107 1946 2149 ex
1988 2086 2180 2150 nimis
2221 2086 2422 2170 longa

223 2192 359 2250 tam
408 2188 757 2253 humorum
807 2190 1107 2255 morbum
1164 2190 1711 2255 committentium
1771 2210 1966 2272 quam
2017 2188 2260 2252 acrium
2311 2211 2415 2253 ca·
2442 2209 2673 2272 Aphthae

223 2288 646 2355 tharticorum
687 2293 1071 2372 retentione,
1109 2293 1389 2376 aphthae
1432 2312 1872 2376 supervenere,
1909 2289 2022 2354 sed
2062 2312 2224 2375 quae
2260 2292 2415 2355 satis
2439 2275 2724 2397 ῗξζίξζῇζῗ

225 2391 409 2457 facile
452 2392 927 2459 debellarentur
974 2416 1101 2459 usu
1150 2395 1401 2459 corticis
1445 2394 1787 2459 Peruviani
1829 2415 2024 2477 supra
2072 2392 2410 2478 descriptO,
2441 2404 2686 2466 quomodo

224 2502 301 2558 ut
330 2502 397 2558 et
426 2517 496 2560 os
526 2518 713 2581 saepe
742 2498 1078 2563 colluendo
1107 2521 1258 2564 cum
1288 2503 1596 2582 sequente
1625 2497 2084 2582 gargarismate
2101 2524 2210 2562 :—
2440 2475 2652 2518 curatae.

228 2681 429 2750 [Form.
456 2683 601 2748 113.]
614 2687 637 2721 ¹¹
690 2681 753 2752 R:
793 2685 949 2738 Succi
974 2685 1259 2739 Pomorum
1282 2685 1586 2756 Agl-estium
1608 2684 1798 2738 libram
1816 2683 2112 2749 dimidiam,

789 2771 981 2842 Syrupi
1004 2773 1070 2827 de
1094 2773 1249 2827 Rubo
1275 2771 1437 2826 Idaeo
1460 2773 1675 2825 unciam
1697 2789 1892 2836 unam;

507 2856 631 2910 Fiat
653 2861 994 2929 gargarisma.

320 3029 487 3113 [31.]
542 3032 634 3094 At
678 3050 829 3093 cum
873 3031 1010 3113 jam
1061 3030 1295 3095 ductus
1336 3031 1447 3094 isti
1497 3052 1616 3115 pro
1664 3031 1959 3096 Naturae
2008 3031 2152 3114 lege
2202 3031 2416 3096 denuo

221 3137 507 3215 pateant,
538 3153 728 3216 aegro
765 3133 1044 3197 liberum
1079 3138 1178 3196 est
1204 3140 1282 3197 ut
1312 3133 1396 3197 ad
1434 3133 1569 3198 dies
1610 3134 1852 3218 aliquot
1894 3134 2161 3199 ferietur
2189 3156 2228 3198 a
2263 3157 2416 3218 pur-

223 3235 503 3316 gatione,
531 3234 735 3299 donec
766 3236 1005 3300 scilicet
1032 3236 1357 3299 tumultus
1392 3257 1604 3320 nuper
1629 3236 1702 3299 in
1730 3235 2074 3300 visceribus
2103 3237 2416 3302 excitatus

222 3338 485 3402 omnino
512 3339 855 3418 resederit3
903 3338 1075 3423 quod
1102 3339 1409 3422 temporis
1438 3339 1722 3422 spatium
1749 3338 2096 3403 humorum
2125 3340 2320 3404 calori
2348 3346 2414 3404 et

221 3441 604 3506 acrimoniae
644 3441 962 3506 diluendis
1002 3441 1684 3525 contemperandisque
1725 3442 1878 3506 satis
1918 3442 2250 3506 commode
2292 3445 2412 3507 im-

219 3544 443 3625 pertiri
476 3552 725 3627 potest:
773 3567 900 3628 quo
935 3546 1125 3624 fact0,
1156 3545 1435 3610 catharsi
1471 3545 1734 3609 alternis
1773 3543 1998 3610 diebus
2042 3546 2140 3627 (ut
2171 3549 2408 3630 supra,)

219 3647 605 3728 repetendae
632 3669 855 3711 vacare
894 3647 1107 3727 debet,
1139 3649 1195 3712 si
1220 3649 1322 3712 vel
1356 3648 1630 3711 minima
1667 3647 1878 3711 adhuc
1914 3654 2162 3713 restent
2192 3649 2415 3714 Febris

217 3749 505 3832 vestigia.
598 3750 729 3814 Sed
756 3750 835 3814 de
864 3749 987 3814 hoc
1016 3752 1191 3815 satis.

317 3851 517 3936 [32.]¹
563 3853 637 3916 Si
676 3853 889 3917 infans
936 3854 1060 3917 hac
1102 3853 1307 3918 Febre
1354 3853 1624 3931 laboret,
1667 3859 1812 3917 tum
1861 3853 2193 3916 hirudines
2245 3854 2410 3918 duae
2435 3873 2656 3924 Infantes

216 3955 524 4039 utrinque
562 3977 731 4038 pone
776 3977 959 4019 aures
998 3956 1437 4039 applicentur3
1484 3955 1634 4018 dein
1674 3955 2092 4038 emplastrum
2131 3955 2408 4038 epispas-
2431 3939 2524 3986 ¹¹⁸⁰
2549 3940 2589 3987 F
2591 3941 2702 3989 ebre

2431 4003 2718 4063 laborantes,

215 4058 421 4122 ticum
446 4057 786 4141 posteriori
814 4057 1043 4122 cervici
1081 4057 1529 4136 admoveatur;
1577 4078 1726 4121 cum
1755 4057 2076 4134 cerevisia,
2108 4078 2236 4140 qua
2259 4056 2406 4120 rha-
2432 4083 2528 4129 qua
2549 4083 2653 4116 me-

214 4161 561 4225 barbarum
587 4161 784 4225 fuerit
812 4161 1120 4239 infusum,
1142 4169 1474 4245 purgetur.
1567 4159 1640 4224 Si
1668 4167 1812 4243 post
1835 4158 2158 4223 catharsin
2185 4160 2407 4225 Febris
2429 4133 2583 4244 ξὲζέζ
2601 4149 2686 4182 ⁰¹²·

212 4264 647 4329 intermittere
672 4253 985 4342 videatur,
1016 4273 1159 4328 tum
1189 4264 1561 4348 julapiumm
1593 4283 1744 4326 cum
1781 4261 2016 4326 cortice
2045 4262 2405 4328 Peruviano

283 4387 313 4426 Β
348 4393 422 4440 Cf.
448 4393 585 4440 form.
614 4393 721 4440 160.
1681 4397 1716 4420 '¹²
1752 4389 1828 4437 Cf.
1851 4389 2040 4438 sermm.
2066 4391 2145 4447 52,
2171 4391 2281 4439 155.

282 4452 297 4485 ¹
331 4457 523 4518 Deest§
548 4460 611 4506 32
632 4457 683 4504 in
707 4457 779 4508 ed.
803 4459 900 4505 '86.
972 4457 1047 4506 cf.
1070 4459 1275 4506 Procax.
1298 4458 1388 4506 [nt.
1410 4473 1449 4506 c.
1475 4458 1521 4504 6.
