3138 5006
707 259 839 322 466
1334 257 1726 321 ΤΗΟΜΑΕ
1777 253 2291 321 SYDENHAM

442 433 525 481 Dr:
553 431 663 480 Ην·
709 421 914 504 phicis
942 421 1203 484 innixae
1235 420 1456 484 futiles
1501 421 1634 483 sint
1673 441 1951 503 prorsus,
1989 420 2159 502 (cum
2191 439 2388 484 nemo
2426 419 2772 484 hominum
2803 421 2932 484 sci-

464 511 688 576 Μο-’Ξ-
712 525 892 588 entia
931 524 1238 588 intuitiva
1274 522 1605 606 praeditus
1651 523 1756 602 sit,
1788 544 1922 608 qua
1963 523 2168 586 fretus
2195 522 2514 607 principia
2541 530 2738 606 queat
2769 523 2930 586 sub-

712 637 999 692 sternere
1030 627 1262 711 quibus
1302 647 1452 690 mox
1496 627 1945 709 superstruat,)
1982 633 2290 704 attamen,
2323 626 2378 689 si
2412 623 2806 709 hypotheses
2840 625 2932 689 ab

712 733 865 817 ipsis
892 732 1087 796 rebus
1114 730 1303 795 factis
1332 731 1559 808 fluant,
1593 751 1666 792 ex
1715 730 1807 792 eis
1845 735 2110 793 tantum
2139 728 2692 793 observationibus
2719 737 2930 794 natae

714 860 875 924 quas
921 837 1370 920 phaenomena
1418 834 1704 916 practica
1750 839 1816 896 et
1863 833 2188 897 naturalia
2231 840 2606 917 suggerimt,
2655 833 2928 898 stabiles

408 953 661 1018 Hypothe-
714 948 983 1006 manent
1018 946 1084 1003 et
1122 938 1577 1002 inconcussae:
1623 937 1718 1000 ita
1754 943 1852 1016 ut,
1881 937 2038 1000 licet
2079 937 2293 1019 praxis
2340 937 2620 1014 Medica,
2661 929 2742 999 si¹
2763 937 2924 1001 scri-

406 1093 455 1132 et
477 1020 673 1146 gssnhiffs
712 1043 912 1109 bendi
983 1043 1277 1108 ordinem
1338 1031 1661 1124 respicias,
1729 1061 1808 1104 ex
1873 1040 2338 1124 hypothesibus
2403 1047 2548 1104 orta
2601 1041 2925 1118 videatur,

403 1164 493 1196 ¹²⁸⁸
515 1148 654 1212 praxi
712 1135 1131 1212 nihilominus
1181 1147 1358 1229 ipsae
1414 1144 1824 1228 hypotheseS,
1875 1144 1929 1206 si
1987 1143 2178 1208 modo
2237 1143 2478 1208 solidae
2535 1143 2782 1207 fuerint
2843 1165 2928 1208 ac

406 1215 675 1340 gffifflgj
715 1253 1054 1338 genuinae,
1110 1249 1290 1334 praxi
1348 1247 1796 1331 quadantenus
1856 1247 2170 1330 originem
2230 1247 2526 1310 debeant.
2615 1247 2930 1330 Exempli

408 1357 521 1391 nem
545 1344 627 1390 ἅθ’
715 1354 941 1437 gratia,
972 1353 1043 1415 in
1073 1351 1410 1415 affectione
1440 1349 1762 1434 hysterica
1804 1370 1938 1413 non
1971 1350 2115 1413 ideo
2159 1349 2552 1434 chalybeatis
2579 1356 2734 1414 utor
2775 1371 2928 1413 cae-

404 1413 691 1535 ξῗζθοῖξω
712 1458 997 1544 terisque
1030 1455 1409 1539 sanguinem
1438 1453 1971 1536 invigorantibus‚
2003 1475 2126 1518 nec
2163 1454 2310 1519 ideo
2341 1453 2422 1518 ab
2453 1454 2928 1518 evacuantibus

402 1539 643 1600 probatur.
712 1583 818 1625 me
845 1569 1131 1644 tempero
1168 1557 1313 1640 (nisi
1345 1556 1582 1622 scilicet
1611 1557 1682 1618 in
1713 1555 1898 1620 statis
1938 1555 2321 1640 quibusdam
2365 1555 2922 1638 circumstantiis)

711 1671 777 1728 et
814 1663 1100 1728 remedia
1140 1660 1354 1745 potius
1392 1660 1764 1744 paregorica
1790 1659 2054 1744 impero,
2087 1661 2237 1743 quia
2275 1661 2554 1744 primum
2597 1681 2718 1744 pro
2764 1681 2926 1724 con-

711 1790 884 1833 cesso
919 1765 1120 1830 habui
1154 1763 1333 1828 hunc
1371 1763 1674 1827 morbum
1720 1784 1759 1826 a
1803 1762 2151 1826 debilitatis
2193 1763 2540 1846 fractisque
2579 1762 2922 1846 spiritibus

710 1870 1091 1934 animalibus
1149 1867 1428 1951 pendere
1451 1892 1470 1944 ;
1532 1887 1776 1945 verum,
1825 1886 1974 1930 cum
2033 1865 2425 1952 φαινομένων
2479 1866 2923 1949 practioorum

708 1981 1011 2038 constans
1062 1971 1418 2036 observatio
1458 1991 1563 2032 me
1616 1969 1937 2033 docuisset
1977 1970 2337 2033 cathartica
2377 1968 2668 2033 exhibita
2697 1970 2922 2034 morbi

708 2082 1142 2160 symptomata
1185 2094 1435 2157 semper
1472 2072 1743 2150 auxisse,
1775 2072 1876 2135 his
1915 2093 2064 2136 vero
2111 2073 2436 2136 contraria
2469 2073 2694 2136 eadem
2741 2095 2920 2156 sym-

705 2187 997 2262 ptomata
1025 2178 1355 2260 consopire
1401 2178 1622 2255 solere,
1655 2199 1734 2240 ex
1773 2175 1894 2240 hac
1924 2177 2194 2263 aliisque
2225 2176 2618 2264 φαινομένων
2645 2189 2918 2242 natura-

704 2281 865 2344 lium
898 2279 1447 2345 observationibus
1476 2279 1868 2364 hypothesin
1909 2299 2121 2344 meam
2160 2280 2507 2364 desumpsi,
2537 2281 2632 2344 ita
2659 2289 2738 2344 ut
2765 2281 2917 2364 phi-

703 2382 1007 2467 losophus
1059 2383 1363 2465 empirico
1411 2382 1520 2446 hic
1558 2382 2004 2446 famularetur.
2035 2395 2040 2402 ’
2094 2369 2288 2447 Qu‘od
2335 2383 2389 2447 si
2437 2383 2520 2446 ab
2559 2378 2916 2466 hypothesi

701 2485 1066 2570 coepissem,
1100 2508 1177 2551 ea
1203 2485 1394 2569 plane
1423 2485 1676 2550 ratione
1713 2485 2065 2550 insanirem
2105 2491 2303 2573 atque
2331 2485 2440 2550 ille
2469 2485 2584 2571 qui
2612 2484 2916 2550 tabulata

699 2590 1011 2674 tignaque
1058 2590 1287 2655 domus
1338 2589 1668 2673 superiora
1711 2589 1892 2672 prius
1935 2590 2092 2653 velit
2135 2591 2382 2673 erigere
2437 2608 2626 2672 quam
2671 2588 2912 2653 funda·

702 2698 997 2756 mentum
1030 2692 1294 2776 jecerit:
1342 2691 1516 2777 quod
1557 2692 1822 2777 quidem
1865 2691 2005 2755 istis
2047 2699 2310 2757 tantum
2354 2692 2652 2756 convenit
2700 2692 2816 2774 qui
2845 2693 2914 2756 in

702 2800 845 2859 αένε
884 2796 1137 2859 castella
1193 2794 1387 2878 (quod
1440 2795 1668 2877 aiunt,)
1729 2794 1938 2858 solent
1991 2803 2277 2859 eoetruere
2291 2822 2314 2870 ;
2368 2795 2470 2859 his
2515 2795 2692 2859 enim
2731 2804 2916 2859 certo

704 2900 979 2985 quodam
1010 2898 1339 2984 privilegio
1367 2898 1449 2963 ab
1481 2899 1791 2963 alterutra
1819 2900 2228 2963 extremitate
2255 2899 2405 2963 licet
2435 2898 2650 2962 ordiri.

394 3018 615 3095 vomitiq
800 3003 969 3087 [26]
1026 3003 1154 3066 Sed
1205 3010 1281 3066 ut
1332 3002 1415 3066 ad
1473 3022 1611 3065 rem
1657 3001 1956 3065 redeamz
2026 3001 2392 3085 quicunque
2452 3002 2712 3065 demum
2771 3003 2916 3067 sint

392 3083 676 3195 ζξρξὲξὲωο
702 3114 953 3170 meatus
981 3106 1091 3168 isti
1119 3126 1237 3188 per
1265 3126 1425 3187 quos
1469 3126 1638 3187 aqua
1677 3125 1756 3167 ex
1795 3099 2159 3168 abdominis
2189 3106 2462 3169 cavitate
2491 3106 2564 3168 in
2590 3104 2916 3171 intestina

392 3211 677 3273 hydropico-
704 3206 1057 3284 deducitur,
1090 3206 1483 3269 certissimus
1528 3228 1672 3269 sum
1711 3206 2127 3271 vomitionem
2147 3228 2198 3273 -a
2226 3207 2400 3274 dicto
2429 3208 2700 3273 emetico
2731 3211 2912 3274 exci-

395 3290 677 3387 ssffffim'
701 3314 907 3371 tatam
944 3307 1198 3371 easdem
1236 3315 1537 3390 potenter
1572 3330 1897 3389 evacuare,
1944 3309 2140 3393 idque
2179 3332 2312 3375 non
2361 3313 2564 3376 solum
2603 3313 2910 3378 deorsum

390 3402 680 3517 i‘esszrpe‘ssa-
698 3433 816 3494 per
846 3410 1081 3491 sedem,
1116 3411 1227 3475 sed
1256 3418 1322 3475 et
1354 3433 1608 3475 sursum
1644 3434 1761 3495 per
1797 3412 2012 3496 ipsum
2041 3414 2472 3478 ventriculum
2503 3422 2702 3502 atque
2729 3438 2810 3480 os
2832 3416 2908 3481 in

395 3540 523 3581 cuat.
688 3514 999 3578 'vomendi
1051 3522 1236 3579 actu:
1313 3515 1556 3579 etenim
1600 3523 1747 3598 post
1791 3516 1950 3581 duas
2000 3517 2101 3580 vel
2147 3524 2283 3581 tres
2332 3519 2668 3583 evomendi
2709 3520 2905 3600 vices,

431 3605 437 3609 ¹
702 3639 906 3701 aquae
962 3638 1097 3680 non
1154 3626 1292 3681 tam
1351 3604 1806 3684 medicamenti
1863 3618 1925 3685 vi
1984 3620 2329 3685 secretoria
2371 3621 2520 3685 elici
2576 3620 2904 3703 videntur,

701 3744 895 3808 quam
924 3723 1131 3806 ruptis
1162 3723 1347 3809 quasi
1375 3723 1698 3806 repagulis
1733 3729 1798 3787 et
1839 3722 2134 3787 claustris
2166 3724 2466 3788 reseratis
2498 3725 2693 3809 pleno
2721 3725 2908 3790 alveo

702 3825 983 3904 effundi3
1031 3826 1203 3909 quod
1242 3826 1396 3889 satis
1455 3833 1712 3890 constat
1769 3848 1848 3890 ex
1899 3824 2250 3891 earundem
2301 3828 2640 3911 eruptione
2699 3834 2904 3912 atque

701 3930 948 4014 impetu
980 3950 1166 4013 saepe
1194 3930 1364 3993 facto
1392 3930 1563 3993 inter
1591 3928 1732 4013 ipsa
1757 3929 2058 3993 vomendi
2089 3929 2296 4013 spatia
2325 3930 2457 3994 sive
2483 3928 2846 3995 intervalla..

398 4052 649 4115 Hydropi-
790 4032 959 4119 [27.]
1018 4035 1251 4097 Mense
1280 4033 1582 4117 Augusto
1609 4040 2006 4118 postremum
2035 4033 2267 4117 elapsQ
2297 4035 2686 4119 paupercula
2706 4056 2914 4118 quae-

392 4117 668 4229 {22⁰3ssss
701 4136 869 4215 dam,
903 4158 1106 4200 annos
1141 4136 1388 4200 habens
1426 4136 1897 4220 quinquaginta
1930 4136 2216 4219 quinque
2252 4144 2370 4201 aut
2407 4138 2680 4216 circiter,
2711 4159 2914 4221 opem

392 4246 460 4321 tip
484 4247 656 4293 emeti-
700 4260 913 4303 meam
940 4239 1323 4323 imploravit.
1370 4242 1377 4249 ’
1414 4239 1619 4305 Febre
1647 4238 2124 4311 intermittente
2154 4240 2268 4303 diu
2295 4240 2714 4320 laboraverat,
2747 4240 2916 4305 dein

392 4325 465 4356 ⁰¹⁸
488 4318 536 4357 εἴ
556 4326 639 4358 ‘²¹²'
699 4362 952 4407 carcere
979 4342 1193 4406 fuerat
1220 4340 1472 4405 inclusa
1506 4343 1640 4405 fere
1678 4362 1794 4426 per
1835 4342 2192 4406 triennium
2213 4368 2233 4422 3
2283 4364 2322 4407 a
2350 4344 2586 4426 frigore
2614 4344 2918 4411 multum

390 4374 609 4422 tharticis

390 4438 620 4487 ⁸¹²³&th
697 4464 885 4525 passa
924 4452 1099 4524 erat3
1152 4453 1377 4511 venter
1421 4446 1698 4530 denique
1736 4447 1818 4511 ad
1855 4454 2111 4511 tantam
2151 4447 2386 4512 molem
2422 4446 2784 4515 increverat
2830 4458 2916 4516 ut
