3138 5006
1036 310 1334 374 OPERA
1381 311 1713 376 OMNIA.
1772 267 1775 270 ⁴
2410 319 2473 380 xi

269 474 382 556 qui
411 473 482 535 in
511 471 799 555 Epistola
828 471 1080 554 saepius
1107 472 1244 555 jam
1286 474 1503 552 citata,
1533 472 1712 538 haud
1746 474 1939 558 longe
1979 474 2060 540 ab
2091 477 2231 560 ejus
2259 478 2468 558 initio,
2564 493 2716 542 vm.

269 576 526 659 legitur.
617 575 723 638 Ibi
752 574 926 638 enim
960 573 1434 658 Sydenhamius
1463 575 1587 639 hoc
1615 583 1877 642 tantum
1906 577 2167 657 fatetur,
2198 580 2471 662 triginta
2500 561 2635 567 ’.ῃ
2661 563 2704 568 -.
2738 561 2781 568 '-

269 701 473 744 annos
503 701 578 743 ex
609 679 720 743 illo
749 685 1056 761 tempore,
1091 699 1220 761 quo
1251 701 1292 742 a
1318 678 1440 741 1)ῐιο
1471 679 1754 744 Doctore
1785 680 1960 745 Coxe
1990 681 2072 745 ad
2103 681 2467 747 Medicinae

269 782 558 846 studium
600 781 1122 865 amplectendum
1150 781 1496 865 instigatus
1524 782 1741 860 fuerit,
1773 784 2238 867 praeterlapsos
2286 806 2423 850 esse
2446 813 2466 864 3

265 905 675 968 nequaquam
697 891 917 948 autem
948 903 1027 948 ex
1055 883 1230 947 hisee
1259 883 1468 947 verbis
1491 885 1653 948 effici
1674 887 1929 968 poterit,
1959 885 2469 970 Sydenhamium

266 1009 440 1051 anno
469 988 696 1052 aetatis
725 987 1046 1051 tricesimo
1075 993 1368 1068 aegrotos
1398 1008 1624 1051 curare
1654 989 1952 1072 coepisse.
2043 990 2277 1075 Neque
2307 991 2471 1056 haec

264 1111 368 1154 res
413 1091 610 1174 digna
661 1111 800 1154 esse
847 1090 1104 1170 videtur
1147 1111 1341 1172 quam
1387 1089 1791 1172 diligentiore
1843 1093 2139 1158 examine
2183 1095 2467 1178 inquira-

264 1215 449 1271 mus,
493 1215 724 1278 parum
767 1193 944 1256 enim
975 1192 1073 1255 vel
1116 1192 1279 1255 nihil
1321 1192 1593 1256 interest
1640 1194 1802 1257 scire
1846 1217 1975 1278 quo
2020 1197 2250 1260 aetatis
2295 1219 2468 1262 anno

269 1295 741 1379 Sydenhamius
771 1296 1002 1359 Artem
1036 1294 1400 1358 Salutarem
1427 1295 1709 1377 primum
1740 1296 1825 1359 sit
1858 1296 2205 1380 professus,
2240 1299 2353 1362 sed
2400 1299 2469 1362 id

261 1398 477 1481 potius
505 1398 977 1482 respiciendum
999 1404 1064 1461 et
1095 1397 1458 1480 gratissima
1486 1399 1797 1462 memoria
1814 1401 2311 1465 custodiendum
2343 1409 2466 1479 est,

266 1523 428 1584 quae
451 1508 820 1584 quantaque
847 1502 920 1566 in
948 1499 1348 1566 Medicinam
1375 1500 1609 1565 merita
1633 1501 2107 1586 Sydenhamius
2138 1503 2261 1567 sibi
2294 1524 2467 1568 oom-

266 1604 606 1686 paraverit.
2494 1621 2775 1680 A.D.1648‚

365 1705 530 1791 [11.]
575 1706 823 1771 Eodem
868 1707 1003 1771 fere
1041 1714 1332 1792 tempore
1377 1730 1505 1791 quo
1547 1708 1964 1772 Baccalaurei
2012 1710 2084 1772 in
2135 1709 2469 1774 Medicina
2494 1686 2702 1748 0⁰¹¹⁶gii

265 1811 580 1875 honorem
624 1811 860 1875 Oxonii
901 1811 1339 1894 acquisiverat,
1392 1811 1859 1893 consanguinei
1906 1810 2245 1895 cujusdam
2292 1831 2467 1874 com-
2493 1751 2731 1862 {33:²³¹

267 1913 680 1978 mendatione
707 1915 922 1978 locum
955 1914 1124 1979 Socii
1150 1914 1222 1976 in
1259 1913 1528 1996 collegio
1571 1912 1743 1997 quod
1778 1914 2066 1976 Omnium
2094 1914 2465 1976 Animarum
2490 1881 2763 1992 ζιζῗιὲσοὲζ

267 2017 529 2080 nomine
549 2016 934 2098 insignitum
954 2023 1054 2080 est
1077 2017 1213 2099 (All
1231 2017 1416 2080 Souls
1442 2017 1724 2099 Collega)
1749 2015 2051 2094 obtinuit,
2076 2037 2251 2080 anno
2274 2017 2465 2080 1648.
2492 2015 2580 2056 ‘²⁸‘-

267 2119 564 2182 Doctoris
607 2119 678 2183 in
707 2118 1041 2183 Medicina
1079 2118 1462 2202 dignitatem
1500 2119 1718 2182 nescio
1758 2139 1953 2202 quam
1992 2118 2073 2182 ob
2104 2139 2364 2182 causam
2394 2119 2466 2182 in
2492 2085 2777 2199 figlini}

269 2221 704 2285 Universitate
734 2220 1269 2304 Cantabrigiensi,
1300 2240 1472 2283 anno
1505 2220 1696 2299 1676,
1726 2220 1995 2284 tandem
2024 2220 2357 2304 acquisivit
2366 2231 2413 2287 Β.
2492 2222 2572 2262 ‘¹²³
2588 2221 2677 2262 ‘³³‘-

363 2324 530 2408 [12.]
571 2323 942 2387 Londinum
964 2323 1376 2387 fortunarum
1400 2345 1663 2386 suarum
1694 2322 1911 2386 sedem
1942 2324 2244 2406 elegerat,
2267 2324 2466 2409 inque
2491 2295 2756 2408 {33:331OE

267 2445 344 2489 ea
369 2426 724 2490 immensae
753 2425 947 2511 hujus
982 2425 1161 2488 urbis
1200 2431 1404 2511 parte,
1439 2447 1603 2510 quae
1641 2426 2247 2490 Westmonastevium
2279 2449 2463 2492 voca-
2490 2425 2687 2481 defixit;

265 2536 394 2607 tur,
425 2530 657 2593 Artem
684 2526 892 2593 facere
923 2529 1095 2611 apud
1123 2528 1414 2592 animum
1444 2529 1889 2593 constituerat.
1959 2530 2088 2594 Sed
2117 2538 2466 2615 antequam

265 2630 604 2694 consilium
631 2630 795 2695 illud
822 2631 1082 2713 exsequi
1110 2637 1382 2714 poterat,
1414 2652 1455 2693 a
1485 2630 1771 2713 Collegio
1801 2632 2029 2715 Regali
2057 2632 2467 2698 Medicorum

267 2732 664 2797 Londinensi
693 2734 948 2797 veniam
967 2733 1148 2797 Artis
1170 2732 1456 2797 Londini
1476 2733 1869 2798 exercendae
1897 2735 2245 2818 impetrare
2275 2735 2467 2800 debe-

263 2835 404 2913 bat;
443 2859 636 2920 quam
659 2837 868 2901 eidem
891 2858 1026 2900 non
1047 2836 1404 2920 denegavit,
1427 2836 1468 2899 J
1470 2858 1583 2900 un.
1605 2839 1710 2915 25,
1735 2835 1957 2916 1663,ιι
1978 2837 2339 2921 Collegium
2360 2840 2469 2902 cui

264 2939 389 3003 Rei
409 2939 706 3004 Medicas
733 2940 806 3003 in
831 2940 947 3002 illa
974 2938 1154 3003 Urbe
1181 2940 1510 3023 regundae
1540 2960 1697 3003 cura
1724 2939 2091 3004 concredita
2111 2947 2227 3004 est.
2276 2941 2467 3005 Brevi

261 3048 486 3106 autem
531 3042 912 3107 felicissimis
961 3042 1335 3106 morborum
1387 3043 1827 3109 curationibus
1886 3050 2139 3107 tantam
2185 3044 2465 3108 nominis
2490 3066 2575 3113 ubi
2593 3067 2727 3115 brevi

260 3146 701 3211 celebritatem
728 3147 1095 3230 famamque
1134 3154 1368 3211 nactus
1397 3153 1524 3225 est,
1554 3154 1633 3211 ut
1660 3147 1783 3211 hac
1823 3147 2211 3213 exercendae
2252 3148 2465 3212 Medi-
2489 3144 2720 3207 magn&

260 3250 448 3313 cinae
476 3250 664 3313 venia
691 3249 966 3313 maxime
1005 3249 1242 3332 dignus
1280 3257 1673 3313 censeretur.
1762 3250 1931 3313 Cum
1971 3250 2146 3314 enim
2172 3257 2464 3336 tempore
2488 3210 2739 3308 aeffliililtz·

260 3374 391 3436 quo
417 3352 892 3437 Sydenhamius
921 3351 1321 3415 Medicinam
1351 3351 1602 3415 colendi
1632 3352 1971 3415 consilium
2000 3360 2273 3436 ceperat,
2298 3376 2465 3419 vana
2488 3325 2776 3437 ξῗέῑξθέζῖζζ

257 3456 334 3518 in
367 3454 616 3522 Scholis
645 3453 922 3519 Medicis
956 3453 1328 3538 hypothesis
1367 3453 1573 3535 magis
1614 3475 1807 3536 quam
1846 3453 2131 3517 sobrium
2170 3455 2463 3520 Naturae
2486 3452 2659 3530 bogung
2682 3470 2767 3501 ⁶¹¹·

261 3558 550 3622 studium
579 3564 902 3641 regnaret,
932 3564 999 3621 et
1028 3556 1250 3639 magni
1280 3556 1549 3641 alicujus
1578 3556 1695 3618 viri
1730 3557 2099 3621 auctoritati
2126 3558 2271 3640 plus
2300 3580 2459 3641 pon-
2486 3519 2765 3630 {223⁵}ssss

261 3661 434 3725 deris
473 3661 871 3725 tribueretur
916 3681 1110 3743 quam
1159 3659 1438 3723 maxime
1496 3659 1830 3742 perspicuo
1880 3659 2177 3725 Naturae
2226 3662 2456 3744 jussui,

261 3788 520 3850 prorsus
550 3766 678 3833 alia
701 3766 774 3830 in
803 3766 1044 3831 morbis
1076 3765 1422 3851 imperanti
1451 3786 1646 3849 quam
1677 3787 1839 3849 quae
1860 3766 2247 3830 Scholarum
2276 3788 2457 3850 prae-

263 3877 449 3955 cepta
495 3892 536 3935 a
581 3869 842 3943 Medico
888 3870 1145 3934 morbos
1181 3869 1455 3935 feliciter
1497 3877 1802 3934 curaturo
1838 3871 2062 3953 peragi
2100 3871 2419 3963 jubebant
2437 3898 2458 3948 ς

261 3981 529 4038 acutum
561 3974 982 4059 Sydenhamii
1010 3972 1348 4056 ingenium
1377 3980 1550 4037 recte
1579 3972 1919 4056 perspexit,
1949 3974 2085 4047 hac
2100 3974 2203 4037 via
2228 3996 2457 4057 parum

261 4077 364 4140 vel
410 4078 576 4140 nihil
627 4078 788 4141 adeo
834 4078 914 4141 ad
969 4083 1376 4159 aegrotorum
1428 4076 1703 4139 salutem
1750 4075 2093 4153 contribui,
2138 4076 2457 4160 longeque

261 4180 472 4259 aliam,
506 4181 560 4243 si
593 4180 962 4245 morborum
999 4179 1112 4263 qui
1148 4178 1460 4243 hactenus
1491 4200 1682 4241 omne
1712 4178 1891 4242 Artis
1922 4178 2230 4241 auxilium
2270 4199 2458 4260 supe-

259 4304 402 4347 rare
426 4284 854 4348 credebantur
883 4284 975 4346 vis
1003 4283 1235 4366 frangi,
1258 4282 1723 4365 hominumque
1754 4281 1834 4345 ab
1864 4282 1991 4344 illis
2020 4287 2456 4363 correptorum

262 4388 502 4450 sanitas
531 4394 706 4451 sarta
733 4394 1033 4471 tectaque⁴
1060 4386 1244 4450 reddi
1273 4385 1552 4464 deberet,
1586 4385 1977 4468 sequendam
2002 4404 2157 4447 esse.
2234 4382 2459 4449 Quam

327 4524 350 4553 Κ
387 4516 556 4572 Wood,
579 4519 606 4563 1.
633 4534 670 4565 c.
1283 4512 1302 4543 ἲ·
1341 4514 1683 4571 Macmichacl,
1714 4518 1843 4562 Ln'ves
1866 4512 1921 4575 qs
1939 4516 2057 4564 Brit.
2087 4516 2291 4577 Phys.›p.
2317 4515 2392 4563 88.
