3138 5006
691 262 821 325 572
1306 259 1700 324 THOMAE
1761 258 2284 323 SYDENHAM

402 434 485 482 Dz
518 434 663 481 opu·
786 418 855 482 Si
884 419 984 482 his
1012 417 1313 482 remediis
1353 418 1622 482 affectus
1658 417 1836 481 haud
1875 418 2082 497 cedat,
2111 424 2444 501 repetatur
2472 420 2926 483 venae-sectio

396 512 657 550 runnu.
696 521 895 585 semel
922 522 1023 584 vel
1052 521 1171 599 bis,
1208 520 1567 604 (praecipue
1597 520 1653 584 si
1681 521 1946 603 sanguis
1973 520 2347 604 pleuriticus
2377 521 2804 606 apparuerit)
2841 527 2924 584 ut

697 624 893 689 etiam
924 623 1253 688 catharsis.

782 726 1130 790 Abstineat
1160 724 1241 789 ab
1270 746 1396 790 usu
1422 726 1558 789 vini
1593 732 1659 789 et
1689 726 1966 810 cujusvis
2005 724 2270 809 liquoris
2301 726 2616 809 generosi,
2652 724 2738 789 ab
2779 746 2918 788 usu

697 829 893 893 etiam
922 827 1211 893 ciborum
1233 834 1423 892 coctu
1443 828 1801 893 difficilium
1828 836 1895 892 et
1925 828 2058 893 sale
2085 828 2530 905 conditorum5
2577 833 2641 890 et
2673 826 2918 890 diebus

694 930 869 994 inter
895 930 1311 1014 purgationes
1340 929 1523 995 bibat
1550 930 1972 1016 hydrogalam
2000 936 2268 996 coctam.

784 1034 981 1111 Nota,
1014 1032 1187 1116 quod
1230 1054 1419 1117 saepe
1462 1033 1715 1113 accidit,
1753 1033 1928 1117 quod
1961 1032 2462 1097 venae-sectioni
2503 1038 2572 1095 et
2615 1031 2914 1095 catharsi

698 1143 1030 1220 utcunque
1068 1136 1357 1219 repetitis
1388 1135 1812 1220 ophthalmia
1854 1157 1989 1200 non
2017 1134 2225 1215 cedit3
2267 1135 2392 1199 hoc
2421 1136 2492 1197 in
2531 1155 2690 1197 casu
2717 1155 2912 1217 pare-

700 1238 988 1321 goricum
1032 1260 1109 1302 ex
1154 1240 1373 1323 syrupi
1416 1239 1499 1303 de
1536 1240 1830 1305 meconio
1881 1239 2074 1303 uncia
2115 1258 2251 1304 una
2289 1236 2560 1321 singulis
2596 1236 2914 1301 noctibus

700 1340 1056 1405 exhibitum
1086 1342 1487 1405 curationem
1514 1342 1655 1406 sine
1685 1342 1956 1406 aliorum
1985 1340 2294 1425 suppetiis
2324 1339 2612 1405 absolvit.

1564 1702 1757 1766 CAP.
1806 1702 2028 1767 XIX.5

1414 1863 1512 1927 De
1551 1864 1728 1927 Uten'
1754 1864 2175 1928 Pwoidentia.

389 1994 654 2043 evan-10.
697 1996 898 2066 [For-m.
932 1998 1115 2064 190.]“
1196 1994 1259 2065 R
1297 1998 1524 2052 Corticis
1547 1999 1790 2061 Quercus
1813 2000 1996 2053 uncias
2017 1998 2181 2062 duas3

975 2083 1159 2152 Coque
1184 2084 1241 2137 in
1266 2102 1437 2155 aquae
1468 2084 1720 2139 fontanae
1743 2086 1890 2138 libris
1915 2094 2144 2155 quatuor
2165 2083 2236 2138 ad
2259 2084 2416 2136 libras
2441 2083 2594 2149 duas,
2613 2084 2718 2137 sub
2739 2084 2910 2138 linem

976 2168 1219 2224 addendo

1259 2256 1485 2311 corticis
1510 2258 1871 2312 Granatomm
1895 2258 2106 2311 contusi
2130 2256 2344 2311 unciam
2367 2272 2555 2319 unam,

1254 2341 1515 2397 Rostrum
1544 2343 1865 2411 Rubi-arum,

1254 2429 1470 2484 Florum
1494 2430 1872 2497 Granatorum,
1897 2448 2000 2485 ana
2021 2430 2320 2500 manipulos
2342 2428 2491 2498 duos,

1251 2517 1375 2572 dein
1399 2517 1536 2572 adde
1560 2517 1691 2572 Vini
1717 2517 1888 2572 Rubri
1913 2518 2104 2572 libram
2127 2517 2436 2580 dimidiam;

972 2605 1229 2658 colatura
1266 2605 1337 2658 sit
1370 2621 1465 2674 pro
1505 2604 1640 2670 fotu,
1684 2605 1775 2675 qui
1798 2621 1922 2658 cum
1949 2606 2139 2674 pannis
2172 2604 2342 2656 laneis
2374 2603 2512 2672 parti
2547 2601 2776 2656 affectae
2813 2601 2910 2655 ad-

968 2699 1245 2745 moveatur
1267 2708 1425 2745 mane
1449 2691 1593 2746 horis
1614 2691 1823 2745 duabus
1847 2699 2132 2762 antequam
2155 2709 2186 2745 e
2207 2692 2346 2745 lecto
2378 2702 2640 2762 assurgat,
2661 2701 2720 2746 et
2741 2703 2906 2747 nocte

968 2789 1087 2850 post
1110 2779 1434 2844 decubitum,
1458 2779 1628 2834 donec
1651 2789 1950 2851 symptoma
1973 2782 2183 2850 penitus
2205 2782 2491 2835 evanuerit.

1597 3091 1788 3156 CAP.
1835 3091 2014 3156 XX.·

1328 3252 1427 3317 De
1456 3255 1846 3336 Paro-tyerno
1875 3253 2258 3334 Nephn‘tico.

387 3403 549 3480 Μριὴξ
573 3405 651 3453 de-
775 3389 1059 3451 Ansum·
1098 3387 1280 3452 dolor
1322 3389 1488 3453 fixus
1526 3389 1599 3453 in
1643 3388 2013 3453 lumborum
2051 3386 2333 3471 regione,
2365 3387 2560 3450 urina
2599 3394 2896 3466 eruenta,

384 3476 593 3531 nenpno.
688 3490 1100 3553 arenularum
1128 3495 1244 3556 aut
1273 3490 1500 3556 calculi
1538 3491 1838 3570 excretio,
1871 3498 2094 3574 stupor
2129 3489 2332 3553 cruris
2371 3510 2405 3553 e
2444 3488 2690 3554 directo
2717 3490 2896 3553 renis

686 3590 1059 3670 laborantis,
1114 3593 1299 3657 testis
1358 3593 1661 3657 retractio
1728 3593 1866 3676 ejus
1923 3592 2142 3656 lateris
2209 3591 2280 3654 in
2341 3613 2470 3674 quo
2529 3599 2627 3655 est
2687 3591 2892 3670 dolor,

686 3715 929 3758 nausea
951 3702 1017 3758 et
1048 3695 1348 3760 vomitus.
1435 3696 1641 3761 Dolor
1669 3696 1906 3760 colicus
1935 3695 2318 3779 Nephritico
2347 3694 2527 3758 haud
2555 3695 2892 3775 absimilis,

684 3798 834 3863 licet
863 3799 934 3863 in
966 3799 1353 3882 quibusdam
1384 3801 1832 3885 symptomatis
1871 3799 2062 3884 plane
2093 3797 2430 3884 discrepet,
2463 3819 2628 3881 quae
2665 3820 2892 3865 recen-

685 3902 811 3966 sita
838 3903 908 3964 in
938 3903 1147 3985 capite
1176 3903 1284 3966 De
1318 3904 1527 3966 Colica
1554 3905 1801 3967 Biliosa
1826 3901 2060 3966 videas.
2104 3901 2248 3985 [inf.
2280 3923 2335 3966 c.
2367 3901 2506 3984 23]

379 4025 639 4074 cunum,
774 4005 843 4066 Si
874 4025 1065 4087 aeger
1102 4011 1616 4089 temperamento
1659 4005 2024 4088 sanguineo.
2042 4003 2260 4083 fuerit,
2293 4003 2594 4068 mittatur
2621 4005 2894 4087 sanguis

681 4127 717 4169 e
764 4107 1027 4172 brachio
1080 4108 1308 4172 affecto
1350 4108 1519 4172 Beni
1562 4105 1980 4192 respondenti
2025 4106 2107 4170 ad
2150 4107 2377 4171 uncias
2425 4106 2687 4185 deeem3
2735 4106 2892 4171 dein

678 4208 942 4292 liquoris
978 4211 1290 4293 possetici,
1340 4212 1445 4274 cui
1484 4210 1714 4276 radicis
1768 4212 2057 4276 althaeae
2105 4211 2339 4276 unciae
2381 4210 2548 4276 duae
2591 4211 2892 4279 incoctae

741 4366 767 4403 y
792 4360 867 4407 Cf.
894 4363 1092 4409 Dissert.
1118 4363 1267 4423 Epist.
1294 4365 1316 4422 5
1347 4365 1451 4410 139.
1890 4371 1917 4398 ⁸
1940 4363 2014 4410 Cf.
2058 4366 2100 4412 T
2095 4372 2210 4414 raet.
2245 4365 2285 4412 I.
2322 4367 2346 4424 ξ
2381 4365 2474 4418 66;
2511 4367 2674 4412 Sched-
2713 4365 2885 4412 ,Ποιηᾏ

740 4424 861 4473 5·οἱ
890 4425 1028 4472 form.
1054 4427 1132 4473 91.
1825 4431 1970 4488 1114
2001 4430 2072 4476 ll.
