3138 5006
711 294 1202 366 SCHEDULA
1246 289 1780 364 MONITORIA
1823 290 1920 362 11.
2281 298 2414 362 51⁷

214 462 432 525 obrem
477 482 555 525 ea
596 462 791 526 sola
770 484 843 525 111
884 460 1185 526 remediis
1226 460 1379 523 lmic
1416 460 1592 523 malo
1632 458 1859 523 cedere
1899 476 2088 540 posse
2127 455 2414 539 prudens
2441 476 2526 525 Du
2537 474 2722 527 Fusae

216 563 523 647 quispiam
566 562 1038 641 existimaverit,
1086 583 1248 645 quae
1291 562 1375 625 ad
1416 559 1895 625 retundendam
1952 557 2416 623 secundariam
2457 541 2702 654 Poggius

213 665 379 729 hanc
420 666 713 744 Febrem,
750 687 945 749 quam
973 664 1310 727 Putridam
1352 664 1624 747 appello,
1653 660 1931 725 maxime
1971 660 2241 725 faciunt.
2330 660 2416 725 Id

214 790 359 832 vero
390 768 556 831 nihil
592 769 905 833 efficacius
941 774 1225 851 praestat
1256 787 1448 849 quam
1487 764 1741 849 copiosa
1774 762 2106 845 sanguinis
2135 762 2412 841 eductio,

215 891 339 952 quo
386 878 577 953 pacto
625 870 883 934 vitiatae
928 870 1077 933 illae
1122 868 1471 951 particulae
1517 886 1680 949 quae
1725 864 1938 929 morbi
1992 871 2144 927 sunt
2189 864 2412 943 fomes,

213 973 547 1036 confestim
596 994 635 1037 e
682 970 996 1055 sanguine
1042 972 1327 1035 exulant.
1416 970 1654 1053 Neque
1703 968 1857 1032 huic
1899 967 2084 1051 praxi
2135 965 2212 1049 (si
2259 966 2415 1049 quid

212 1096 330 1157 ego
364 1076 629 1159 judico,)
678 1074 978 1139 Variolae
1020 1073 1093 1137 in
1134 1094 1264 1156 quo
1306 1073 1445 1157 jam
1490 1079 1646 1135 sunt
1689 1078 1884 1148 statu,
1924 1070 2026 1133 vel
2068 1068 2412 1133 minimum

208 1177 657 1242 intercedunt:
712 1177 852 1261 jam
896 1174 1070 1239 enim
1113 1175 1413 1258 pustulae
1454 1174 1636 1237 nullo
1677 1173 1871 1239 modo
1911 1171 2262 1235 introrsum
2303 1170 2412 1253 agi

209 1287 515 1362 possunt,
498 1305 513 1318 ·
562 1279 723 1343 adeo
760 1284 859 1357 ut,
891 1278 947 1340 si
984 1297 1177 1359 aeger
1212 1276 1337 1339 hoc
1374 1275 1587 1339 morbi
1629 1281 1916 1357 tempore
1944 1272 2092 1337 fatis
2133 1272 2410 1351 cederet,

210 1388 275 1444 et
310 1382 624 1445 cadaver‘
604 1400 676 1444 111
710 1387 953 1445 terram
981 1378 1281 1461 frigidam
1310 1383 1756 1461 exponeretur,
1787 1382 2078 1439 attamen
2112 1374 2415 1457 pustulae

202 1484 338 1597 jam
366 1480 437 1545 in
467 1481 769 1546 duritiem
796 1481 1211 1559 incrustatae,
1240 1501 1361 1543 nec
1403 1480 1578 1543 intra
1605 1480 1810 1543 cutim
1849 1500 1918 1542 se
1955 1478 2258 1561 recipere,
2285 1488 2414 1543 ne'c

208 1585 543 1648 minimam
588 1584 775 1649 molis
819 1604 975 1648 suae
1017 1590 1269 1666 partem
1314 1582 1631 1660 amittere,
1675 1580 1980 1663 poterint.
2067 1580 2214 1643 Nec
2256 1598 2412 1643 sane

210 1708 357 1751 cum
384 1686 663 1751 Variolis
698 1687 837 1771 J'am
866 1686 1053 1750 nobis
1090 1706 1193 1748 res
1222 1690 1342 1762 est,
1370 1684 1486 1748 sed
1515 1705 1666 1748 cum
1702 1681 1825 1745 alio
1867 1702 2128 1765 prorsus
2151 1680 2407 1758 morbo,

210 1809 442 1872 nempe
486 1788 691 1853 Febre
731 1788 1018 1851 Putrida.
1120 1786 1283 1870 [10.]
1343 1784 1483 1849 Has
1525 1786 1610 1850 ob
1655 1806 1879 1848 causas
1923 1789 2231 1867 sequente
2274 1804 2416 1846 me·e
2435 1798 2622 1861 EJusde
2597 1814 2676 1848 em

208 1888 409 1955 thodo
441 1892 505 1974 (a
533 1912 659 1973 quo
685 1898 1039 1974 postremas
1070 1889 1151 1953 de
1172 1888 1449 1953 Variolis
1478 1886 1997 1952 observationes
1978 1908 2050 1949 111
2076 1885 2408 1969 publicum
2431 1864 2630 1913 curam

209 1993 398 2072 edidi,
444 1992 604 2056 mihi
645 1993 1011 2077 comperta,)
1046 1990 1317 2055 feliciter
1358 2012 1511 2055 usus
1555 1992 1738 2067 sum3
1787 2010 1986 2072 quam
2023 1988 2086 2051 si
2125 1988 2406 2066 omittas,

206 2116 327 2158 nec
370 2094 561 2158 aliam
603 2095 808 2174 video,
854 2115 975 2159 nec
1018 2093 1389 2177 conjectura
1429 2091 1685 2175 assequi
1723 2112 2004 2174 possum,
2049 2110 2177 2173 quo
2218 2096 2409 2172 pacto
2483 2105 2487 2111 ’

207 2216 397 2280 aeger
436 2197 533 2260 ita
574 2204 748 2262 certo
796 2203 991 2280 queat
1033 2194 1309 2259 liberari.
1400 2195 1571 2259 Cum
1611 2193 1832 2277 itaque
1877 2192 1962 2257 ad
2009 2193 2126 2257 has
2176 2192 2408 2257 incitas

188 2299 501 2363 'redactus
526 2299 720 2364 fuerit
758 2320 969 2382 aeger,
1000 2304 1066 2362 et
1106 2318 1185 2361 ex
1226 2296 1538 2361 inusitata
1575 2303 2080 2381 symptomatum
2107 2294 2408 2377 immani-q

205 2407 340 2466 tate
370 2401 589 2465 statim
618 2402 901 2465 animam
930 2406 1189 2465 acturus
1216 2398 1529 2477 videatur,
1558 2398 1686 2463 nisi
1725 2398 1868 2481 quis
1902 2395 2098 2466 Θεὸςῖ
2125 2392 2258 2463 ἀπὸ
2283 2421 2402 2479 ,tm-

206 2507 407 2591 χανῆς
432 2505 1015 2589 praesentissimam
1050 2529 1236 2591 opem
1262 2507 1553 2586 adferat3
1598 2508 1672 2570 in
1697 2507 1824 2570 hoc
1864 2507 2195 2590 (inquam,)
2229 2511 2408 2584 casu,

207 2608 336 2670 sive
366 2607 747 2671 undecimus
778 2607 918 2692 J'am
954 2609 1089 2673 dies
1120 2609 1469 2688 illucescat,
1500 2609 1633 2673 sive
1674 2608 1832 2672 alius
1863 2609 2006 2692 quis
2037 2608 2166 2671 isto
2191 2615 2409 2691 poste-

204 2709 353 2788 rior,
384 2709 716 2792 sanguinis
754 2710 986 2773 unciae
1018 2710 1249 2788 ,decem
1291 2711 1393 2774 vel
1426 2709 1768 2774 duodecim
1806 2731 1886 2773 ex
1931 2730 2007 2772 eo
2043 2709 2307 2772 brachio
2335 2708 2408 2772 in

207 2832 335 2894 quo
390 2812 689 2894 pustulae
744 2811 1017 2877 rariores
1068 2811 1201 2877 situ
1255 2813 1568 2896 majorem
1617 2811 1942 2876 feriendae
1983 2819 2410 2875 1008000111-

206 2912 585 2977 moditatem
610 2913 903 2992 fecerint,
937 2935 1129 2997 quam
1163 2915 1446 2998 primum
1486 2919 1642 2977 sunt
1679 2912 2075 2976 mittendae:
2121 2911 2408 2995 quamvis

205 3014 383 3078 enim
415 3015 803 3098 paregorica,
832 3016 935 3080 vel
975 3015 1199 3080 lectuli
1238 3016 1527 3080 interdiu
1569 3015 1891 3080 abdicatio
1933 3013 2157 3098 primis
2199 3013 2410 3078 morbi

206 3115 452 3196 diebus,
483 3116 679 3181 etiam
698 3118 943 3182 omissa
977 3119 1513 3197 venae-sectione,
1544 3138 1842 3202 orgasmo
1869 3117 1970 3180 vel
2003 3135 2408 3200 paroxysmo,

204 3239 357 3283 cum
394 3226 585 3283 nocte
627 3226 703 3283 ut
745 3219 1099 3303 plurimum
1144 3221 1495 3304 ingruenti,
1524 3219 1910 3285 debellando
1951 3224 2190 3301 queant
2235 3217 2408 3280 suffi-

204 3341 387 3398 cere3
431 3327 721 3386 attamen
752 3323 887 3406 'per
922 3323 1041 3388 hos
1086 3323 1221 3388 dies
1261 3322 1483 3387 Febris
1528 3321 1960 3387 Secundariae
2008 3319 2174 3383 nulli
2222 3319 2409 3384 alter-i

204 3422 597 3487 adminiculo
626 3445 848 3488 secure
874 3425 1095 3489 fiditur
1134 3424 1261 3490 nisi
1299 3424 1590 3508 copiosae
1631 3422 1962 3506 sanguinis
2003 3420 2412 3499 detractioni,-

205 3547 337 3609 qua
373 3525 507 3589 sola
544 3547 877 3609 orgasmus
919 3549 1036 3611 per
1076 3527 1146 3591 id
1180 3527 1487 3611 temporis
1527 3525 1894 3590 desaeviens
1931 3531 2080 3589 tuto
2123 3523 2404 3587 sedatur.

202 3625 476 3708 Vesperi
504 3627 895 3712 anodynum,
924 3629 1026 3693 uti
1052 3628 1249 3711 priuS,
1279 3629 1463 3712 larga
1501 3628 1642 3692 dosi
1681 3626 2115 3692 exhibendum
2143 3632 2263 3704 est,
2301 3625 2406 3708 (ad

204 3727 378 3809 quod
415 3729 553 3811 jam
581 3735 890 3812 tanquam
929 3730 1013 3793 811
1056 3751 1303 3795 sacram
1346 3731 1697 3795 anchoram
1727 3728 2176 3812 confugimus)
2211 3734 2408 3811 atque

200 3830 302 3893 ita
330 3829 628 3914 deinceps
666 3839 802 3895 tam
840 3855 1032 3897 mane
1062 3853 1255 3916 quam
1294 3853 1455 3910 sero,
1486 3832 1725 3897 alicubi
1761 3832 1960 3896 etiam
2003 3837 2070 3894 et
2109 3831 2234 3894 hoc
2271 3851 2406 3893 880-

200 3933 387 4016 pius:
440 3940 541 3996 est
578 3932 752 3998 enim
796 3935 1139 4019 diligenter
1171 3935 1664 4014 observandum,
1704 3935 1874 4018 quod
1911 3934 1984 3997 in
2023 3932 2408 4016 quibusdam

202 4056 539 4118 orgasmus
594 4035 692 4100 ita
747 4059 943 4121 supra
986 4037 1251 4102 modum
1312 4039 1634 4116 efferatur,
1685 4045 1764 4101 ut
1821 4036 2018 4100 etiam
2071 4035 2408 4118 praelarga

201 4138 555 4222 paregorici
595 4139 765 4204 dosis
803 4141 1093 4224 ejusdem
1133 4141 1451 4226 impetum
1482 4161 1690 4226 usque
1731 4140 1814 4204 ad
1847 4135 2188 4204 duodecim
2215 4137 2406 4202 hora-

198 4263 353 4304 rum
380 4241 661 4325 spatium
694 4243 1042 4328 subjugare
1068 4243 1171 4308 vel
1214 4243 1437 4308 sistere
1465 4249 1784 4328 nequeat,
1831 4262 1958 4325 quo
1984 4240 2058 4310 in
2085 4260 2240 4304 casu
2267 4261 2404 4303 om-

271 4417 537 4463 rx‘eDem
564 4413 975 4463 machmadiiuctr
996 4413 1119 4462 uiib
1122 4430 1253 4463 1110-
1345 4415 1455 4476 quis
1482 4413 1630 4476 quin
1633 4411 1778 4474 egotii
1805 4371 2401 4488 difficultatemexpediat.

201 4481 299 4528 bus
274 4479 563 4542 spei-plexis
577 4485 765 4543 praetr
782 4495 1065 4542 spemexon
1049 4480 1147 4528 itur
1164 4479 1255 4527 ali-
1348 4479 1426 4526 ef.
1450 4479 1523 4526 Er
1500 4477 1649 4525 1881111
1633 4428 1867 4538 ΘΑᾰαὲᾹ
1850 4477 1950 4524 1..1
1975 4476 2054 4524 68.
