3138 5006
728 281 861 348 430
1370 284 1762 350 ΤΗΟΜΑΕ
1809 283 2326 349 SYDENHAM

441 461 524 510 Dr:
550 463 689 512 Pon·
726 451 950 510 tamen
978 441 1210 531 hyeme
1244 467 1353 510 eos
1392 445 1650 512 morbos
1689 445 2006 530 effugiant
2047 445 2130 510 ad
2167 467 2328 529 quos
2365 444 2573 528 magis
2611 449 2774 508 sunt
2805 462 2962 525 pro-

484 541 645 578 aem.
725 549 935 627 clives,
976 549 1348 633 podagram,
1396 549 1598 632 (verbi
1639 549 1889 633 gratia)
1940 549 2212 628 asthma,
2241 556 2473 627 tusses,
2503 555 2626 612 etc.
2715 546 2962 631 Atque

721 651 875 716 hinc
904 653 1103 717 etiam
1131 653 1299 716 ratio
1322 652 1700 717 deducenda
1729 657 1847 732 est,
1873 673 2074 738 quare
2096 652 2530 736 peregrinatio
2549 651 2622 714 in
2641 649 2959 732 regiones

720 755 925 838 magis
968 756 1278 819 australes
1315 756 1413 820 ita
1452 757 1795 820 efficaciter
1832 777 1940 820 eos
1981 754 2236 820 morbos
2275 760 2621 839 expugnet,
2657 773 2950 838 quorum

718 859 969 922 curatio
998 859 1069 921 in
1096 859 1537 942 frigidioribus
1563 861 1894 923 incassum
1921 858 2323 923 tentabatur.
2370 859 2636 935 Eorum,
2661 877 2838 941 quae
2855 855 2946 918 de

415 979 691 1055 equitatio·
720 961 1005 1043 generali
1034 961 1403 1027 morborum
1429 962 1894 1027 chronicorum
1921 983 2118 1026 causa
2136 963 2276 1046 jam
2295 961 2452 1040 dixi,
2469 959 2704 1024 veritas
2725 958 2944 1041 magis

410 1059 489 1091 ¹²¹⁸
510 1047 695 1093 emon,-
718 1063 931 1128 adhuc
978 1064 1228 1148 patebit
1288 1064 1369 1129 ab
1420 1065 1678 1148 ingenti
1725 1071 1792 1130 et
1843 1064 2029 1149 quasi
2077 1063 2397 1148 stupendo
2447 1085 2523 1127 ιω
2568 1061 2942 1126 incredibili

412 1117 578 1157 menta
599 1110 651 1158 in

410 1174 592 1222 morbis
718 1168 1155 1231 emolumento
1178 1168 1349 1251 quod
1378 1168 1427 1231 ii
1456 1168 1569 1252 qui
1597 1167 1836 1233 morbis
1861 1167 2198 1232 Chronicis
2225 1167 2566 1251 plerisque,
2587 1164 2938 1249 praecipue

409 1239 672 1366 {³122ssssss
717 1291 867 1334 vero
896 1269 1160 1354 phthisi,
1190 1270 1509 1350 laborant,
1534 1271 1616 1336 ab
1647 1271 2044 1355 equitatione
2072 1270 2472 1354 percipiunt3
2517 1268 2690 1353 quod
2719 1291 2936 1352 genus

409 1367 595 1430 phthisi
718 1373 1003 1437 exercitii
1033 1371 1423 1457 digestiones
1452 1374 1741 1458 singulas
1773 1374 2096 1458 invigorat
2129 1375 2489 1456 firmatque,
2522 1372 2678 1436 dum
2707 1395 2752 1435 a
2779 1393 2936 1437 con·

408 1433 687 1496 praecipue,
751 1475 765 1490 ,
1176 1478 1190 1491 ,
1543 1478 1557 1491 ,
2211 1478 2223 1491 ,
2655 1475 2671 1489 ,

410 1499 648 1560 stupenda
706 1482 906 1541 tmua
946 1497 1227 1561 corporls
1279 1499 1688 1542 succussione
1731 1478 1904 1542 calor
1947 1478 2260 1542 naturahs
2309 1476 2809 1555 re-accenditur,
2861 1485 2936 1540 et

407 1568 539 1610 ‘⁰¹¹²
712 1601 961 1664 organa
1002 1580 1341 1645 secretioni
1383 1580 1709 1645 destinata
1749 1581 1822 1644 in
1865 1601 2132 1644 munere
2183 1579 2540 1662 deputandi
2589 1579 2936 1662 sanguinis

710 1683 836 1747 rite
885 1683 1217 1766 fungendo
1267 1691 1767 1767 promoventur:
1811 1684 1990 1748 unde
2039 1704 2302 1747 necesse
2353 1689 2452 1746 est
2491 1689 2570 1746 ut
2613 1689 2934 1765 sequatur

715 1785 1148 1869 digestionum
1173 1786 1651 1870 deperditarum
1675 1789 1858 1871 quasi
1883 1787 2215 1852 renovatio
2243 1785 2582 1872 quaedam,
2607 1793 2674 1849 et
2701 1806 2744 1849 e
2773 1806 2932 1850 con·

710 1890 1013 1976 sequenti
1038 1891 1241 1954 totius
1270 1891 1550 1975 corporis
1579 1891 1774 1955 erasis
1804 1891 2105 1975 optimass.

814 1993 981 2076 [39.]
1036 1993 1356 2060 Quocirca
1398 2015 1433 2059 e
1474 1993 1836 2059 rationibus
1873 1995 2012 2078 jam
2055 1992 2349 2076 allegatis
2401 1991 2556 2055 satis
2593 1991 2928 2070 eluoescit,

716 2096 891 2179 quod
911 2097 1140 2160 nonin
1162 2098 1460 2181 Podagra
1487 2105 1768 2176 tantum,
1795 2098 1910 2162 sed
1939 2104 2006 2161 et
2033 2097 2106 2160 in
2135 2097 2274 2161 aliis
2305 2116 2558 2180 quoque
2583 2095 2932 2160 chronicis

408 2205 601 2284 Herbaq
610 2223 688 2256 ex·
711 2198 974 2278 morbis,
1026 2198 1143 2263 ubi
1199 2201 1455 2265 nullum
1507 2207 1872 2286 symptoma
1926 2199 2346 2264 manifestum
2395 2196 2928 2278 contraffindicat,

404 2271 687 2399 geaslegffign-
714 2301 945 2366 herbas
975 2302 1291 2386 ejusmodi
1320 2304 1842 2368 excalefaeientes
1871 2325 2182 2386 magnum
2211 2302 2475 2367 omnino
2503 2301 2928 2366 commodum

402 2401 626 2449 adferunt
712 2403 979 2484 adferre,
1012 2425 1161 2469 cum
1192 2407 1495 2490 sanguini
1524 2407 1785 2472 aestatis
1815 2407 2091 2471 calorem
2119 2407 2222 2470 vel
2253 2404 2467 2469 media
2499 2403 2739 2489 hyeme
2767 2426 2925 2470 con·

402 2467 669 2517 commoda.
702 2508 964 2587 cilient3
1012 2510 1317 2593 quamvis,
1352 2511 1407 2574 si
1435 2512 1674 2576 aestivo
1703 2519 1992 2595 tempore
2021 2531 2245 2574 earum
2278 2508 2425 2573 usui
2455 2530 2926 2589 assuescamus,

401 2577 625 2707 ἓξὲξ
706 2611 938 2675 melius
978 2613 1451 2697 praecavebunt
1481 2615 1656 2679 mala
1691 2614 1818 2679 ista
1860 2634 2025 2697 quae
2063 2614 2328 2677 adversa
2363 2619 2716 2696 tempestas
2757 2614 2926 2678 solet

400 2706 611 2768 laedant,
630 2710 682 2758 3¹¹
708 2722 1080 2799 apportare:
1146 2722 1213 2781 et
1250 2717 1556 2801 profect0,
1605 2718 1661 2781 si
1700 2715 1784 2781 ad
1821 2717 2072 2802 hyemis
2115 2736 2320 2800 usque
2361 2716 2704 2811 appulsum
2743 2716 2924 2780 defe-

400 2772 511 2823 aliis
520 2780 683 2824 tamen
1485 2820 1498 2836 .

402 2838 655 2889 Chi-unicis
702 2824 953 2899 rantur,
986 2840 1113 2903 quo
1150 2826 1442 2905 tempore
1478 2842 1713 2904 mgens
1746 2820 2098 2885 humorum
2139 2819 2405 2884 saburra
2442 2818 2914 2899 accumulatur,

398 2902 678 3021 {222⁸}ss
703 2922 1063 3006 periculum
1102 2932 1200 2989 est
1240 2946 1323 2989 ne
1362 2946 1504 2990 sero
1540 2925 1738 2989 nimis
1774 2923 1858 2989 ad
1889 2924 2016 2990 hoc
2053 2926 2308 3010 asylum
2341 2924 2816 3008 confugiamus,
2849 2932 2919 2989 et

398 3032 467 3081 tio
488 3041 640 3108 etpa-
710 3026 907 3111 (quod
936 3026 1062 3092 dici
1106 3029 1311 3111 solet)
1350 3026 1514 3110 μετὰ
1555 3024 1844 3110 πόλεμον
1885 3027 2280 3116 συμμαχίαο.
2380 3028 2546 3112 [40.]
2601 3026 2922 3093 Quamvis

396 3096 621 3211 ζξζξῖξο,
704 3136 924 3195 autem
954 3132 1053 3213 (ut
1074 3152 1269 3213 supra
1299 3132 1365 3217 [ᾧ
1386 3130 1523 3215 23]
1554 3132 1758 3196 fusius
1777 3130 2090 3215 disserui)
2119 3131 2415 3214 Podagra
2431 3129 2502 3195 id
2531 3130 2653 3195 sibi
2673 3130 2920 3196 habeat

397 3227 625 3353 3ῑέῐὶἱέἓῖ
702 3232 1042 3313 peculiare,
1078 3239 1157 3296 ut
1190 3256 1325 3297 non
1354 3241 1617 3300 tantum
1646 3256 1781 3299 non
1817 3236 2099 3319 juvetur,
2131 3235 2245 3299 sed
2285 3241 2350 3299 et
2381 3234 2696 3314 laedatur,
2729 3256 2768 3299 a
2809 3256 2922 3300 ca-

400 3355 514 3431 ᾗῇ,
537 3372 675 3419 prae-
702 3333 1032 3414 tharticis;
1076 3342 1298 3400 tamen
1340 3336 1415 3400 in
1460 3338 1597 3401 aliis
1629 3338 1962 3403 Chronicis
2001 3338 2340 3421 plerisque,
2371 3344 2440 3401 et
2481 3340 2922 3404 venae-sectio

396 3421 649 3535 ζξξξῐιὲᾗ
702 3438 954 3520 quoties
984 3459 1144 3521 opus
1172 3440 1369 3505 fuerit
1396 3442 1689 3525 repetita,
1723 3448 1790 3506 et
1816 3442 2136 3525 purgatiO‚
2169 3448 2322 3506 ante
2351 3449 2506 3507 sunt
2533 3442 2916 3527 imperanda

396 3564 553 3612 quum
704 3562 901 3624 quam
940 3540 1246 3607 remediis
1289 3544 1852 3610 corroborantibus
1895 3552 1964 3609 et
2009 3544 2334 3629 digestivis
2383 3545 2492 3610 hic
2535 3567 2576 3609 a
2618 3567 2726 3610 me
2767 3546 2912 3612 lau-

390 3615 671 3743 ffigg’iinssi}
702 3644 873 3708 datis
923 3665 1117 3728 opera
1160 3644 1376 3711 danda
1418 3656 1552 3713 est:
1603 3648 1722 3713 ubi
1763 3670 1914 3713 vero
1957 3670 2026 3713 se
2071 3670 2262 3733 aeger
2303 3648 2406 3713 his
2453 3648 2796 3729 addixerit,
2839 3651 2914 3715 in

394 3746 679 3859 ζιῑῑέὃὼῑὶἰὲοἱῑ-
702 3746 779 3811 iis
854 3749 1392 3833 perseverandum
1456 3758 1574 3831 cst,
1635 3752 1829 3816 nullis
1893 3752 2290 3817 intercalatis
2347 3753 2911 3834 evacuationibus3

394 3874 659 3923 roboranti-
704 3850 947 3915 etenim
1003 3852 1128 3917 hoc
1186 3858 1284 3916 est
1332 3852 1604 3919 firmiter
1659 3855 2093 3935 retinendum,
2141 3856 2332 3939 quod,
2383 3856 2632 3940 quoties
2693 3857 2916 3942 cujus-

388 3939 686 4063 ξῃξῗεᾞὲξξζ
706 3976 963 4039 cunque
1020 3955 1229 4020 morbi
1288 3956 1532 4020 curatio
1598 3959 1898 4023 remediis
1956 3958 2518 4024 corroborantibus
2581 3960 2918 4043 innititur,

396 4070 550 4117 tiones
564 4086 679 4133 qua·
706 4059 1169 4138 evacuationes,
1232 4060 1708 4145 qualescunque
1773 4082 1886 4127 eae
1951 4062 2216 4141 fuerint,
2277 4061 2568 4127 officiunt
2623 4084 2920 4147 prorsus.

392 4132 660 4248 ξέζῗξξξε
704 4162 1003 4246 Denique
1060 4183 1195 4227 non
1252 4162 1308 4225 is
1367 4184 1511 4228 sum
1564 4164 1676 4249 qui
1733 4186 2013 4230 asseram
2068 4166 2544 4231 medicamenta
2593 4165 2924 4251 digestiva

392 4276 603 4326 prorsus·

766 4362 789 4386 '¹
827 4365 901 4415 Cf.
934 4365 1026 4414 inf.
1056 4368 1081 4425 §
1120 4367 1215 4422 56;
1256 4369 1439 4417 Obeerv.
1468 4370 1595 4418 Med.
1627 4369 1690 4418 iv.
1717 4369 1760 4421 7.
1853 4371 2041 4433 quoties
2085 4370 2242 4418 serius
2277 4370 2585 4419 adhiberetur
2615 4372 2926 4423 remedium.

704 4430 1481 4558 massaritiis&
1508 4498 1758 4548 imm
1955 4435 2151 4484 000000
2185 4438 2340 4498 0000·
2456 4436 2501 4485 0·
