3138 5006
673 259 809 328 330
989 258 1200 323 ΤΗΟ.
1255 254 1775 323 SYDENHAM
1820 253 2553 323 DISSERT.EPIS'1¹.

367 420 580 596 0ῑέιῖ
551 433 646 470 ¹³¹¹
655 419 864 502 suetit
900 424 1168 504 sanquis.
1255 419 1593 504 Postquam
1636 441 1793 494 vero,
1814 417 2079 504 perlecto
2121 441 2307 481 aureo
2349 417 2487 479 Tuo
2531 415 2706 488 libro,
2750 433 2889 475 sen-

363 547 466 596 E„
569 562 652 597 ,ΗΔ
675 542 874 584 seram
901 522 1142 584 tandem
1177 523 1433 606 panicos
1465 543 1605 597 esse,
1636 523 1748 606 qui
1771 543 1864 582 me
1896 521 2167 606 aliosque
2204 519 2439 582 tamdiu
2476 519 2886 592 detinuerunt,

673 625 931 700 timores,
976 645 1277 708 aususque
1302 625 1562 706 fueram
1592 625 1785 706 J‘uaeta
1842 622 1969 685 Tui
2009 629 2339 706 praecepta
2382 616 2886 704 (reclamantibus

673 725 814 790 licet
839 725 1196 811 quandoque
1223 747 1342 790 non
1380 725 1573 788 solum
1616 725 1811 808 vulqv,
1843 724 1951 786 sed
1988 726 2171 786 etiam
2200 719 2515 805 Medicis,)
2542 740 2760 804 aegros
2788 739 2887 780 re-

663 849 828 912 qere,
858 837 1094 892 tantum
1137 827 1275 890 inde
1315 828 1692 890 emolumenti
1732 827 1809 888 iis
1846 823 1983 911 (ubi
2024 827 2089 888 in
2132 825 2598 906 obtemperantes
2643 816 2887 902 incidi‚)

673 931 968 993 obvenisse
1011 929 1290 1014 comperi,
1326 939 1398 992 ut
1447 927 1761 1013 (quicquid
1800 927 1916 991 alii
1954 925 2287 1007 senserint)
2335 947 2428 986 me
2452 923 2887 1006 felicissimum

673 1043 958 1117 reputem,
989 1035 1160 1117 cujus
1198 1035 1264 1096 in
1293 1053 1512 1095 naanus
1541 1039 1749 1093 tantus
1777 1030 2011 1092 devenit
2036 1029 2377 1092 thesaurus.
2466 1025 2671 1086 Porro
2700 1031 2761 1084 et
2785 1021 2891 1082 ubi

673 1135 762 1197 ad
804 1133 1065 1196 Variolis
1105 1133 1556 1220 Confluentibus
1600 1131 1944 1196 laborantes
1986 1127 2181 1216 (quod
2218 1137 2418 1190 tamen
2462 1124 2636 1188 haud
2677 1123 2890 1187 admo-

673 1237 818 1300 dum
869 1258 1046 1320 saepe
1093 1233 1392 1321 contiqit,)
1441 1236 1672 1298 accitus
1708 1233 1971 1314 fuerim,
2024 1251 2143 1293 non
2192 1229 2481 1302 dubitavi,
2530 1245 2889 1311 quanquam

673 1339 944 1400 animam
959 1338 1102 1420 jam
1130 1357 1310 1420 aqere
1335 1335 1699 1410 viderentur,
1727 1334 1816 1396 ad
1838 1333 2203 1416 pareqorica
2234 1330 2416 1413 (Tua
2430 1331 2641 1412 fretus
2668 1327 2891 1389 autho-

674 1435 908 1522 ritate,)
961 1437 1303 1520 confuyere,
1361 1437 1539 1521 idque
1596 1456 1869 1498 successu
1927 1433 2099 1497 haud
2141 1432 2515 1516 poenitendo,
2566 1433 2691 1493 imo
2748 1451 2889 1492 vero

669 1538 978 1622 stupendo.
1083 1537 1245 1600 Tam
1275 1537 1530 1600 multum
1558 1537 1825 1622 equidem
1866 1536 1983 1599 hac
2019 1539 2086 1599 in
2117 1543 2303 1619 parte
2336 1535 2711 1617 praestitisse
2738 1531 2893 1594 mihi

673 1642 914 1718 videris,
946 1649 1017 1704 ut
1055 1639 1149 1702 nil
1176 1661 1478 1724 superesse
1505 1641 1671 1724 quod
1700 1639 1796 1702 vel
1834 1639 2115 1713 aliorum,
2146 1637 2241 1700 vel
2270 1638 2453 1698 etiam
2496 1634 2641 1708 Tui,
2676 1633 2889 1696 indus—

671 1753 860 1815 triam
889 1759 1157 1814 exerceat
1151 1751 1385 1834 ,facile
1413 1750 1748 1824 creda-em,-
1780 1751 1903 1812 nisi
1927 1750 2269 1832 nuperrime
2295 1769 2337 1808 a
2366 1745 2705 1808 doctissimo
2732 1743 2887 1816 viro,

675 1855 984 1937 amicoque
1037 1873 1166 1914 meo
1217 1853 1616 1936 integerrimo,
1662 1849 1789 1913 D¹⁸⁰
1842 1850 2211 1914 Kendrichio
2260 1847 2400 1934 (qui
2446 1849 2889 1910 humanitatem

691 1955 896 2018 Tuam
928 1954 1270 2037 plurimum
1303 1951 1611 2037 celebrat,)
1638 1953 2017 2030 audivissem,
2064 1951 2153 2013 Te
2180 1952 2447 2012 innuisse
2474 1969 2663 2011 novas
2700 1967 2891 2030 quas-

677 2055 822 2118 dam
849 2053 1035 2140 (quas
1067 2062 1128 2117 et
1155 2055 1244 2117 ad
1271 2057 1504 2138 praxin
1533 2056 1648 2117 rite
1674 2053 2059 2116 exercendam
2096 2053 2383 2136 perutiles
2403 2052 2557 2133 fore
2584 2071 2705 2112 non
2742 2071 2890 2133 pos-

677 2177 812 2218 sum
855 2177 976 2218 non
1013 2159 1336 2242 auqurari,
1367 2165 1568 2242 utpote
1618 2178 1661 2219 a
1721 2156 1811 2217 Te
1839 2155 2105 2238 factas,)
2140 2157 2305 2216 circa
2352 2153 2507 2216 idem
2552 2153 2887 2239 subjectum

691 2257 838 2320 Tibi
869 2259 1196 2319 occurrisse
1223 2259 1693 2331 observationes,·
1737 2279 1896 2342 quas
1924 2258 2044 2320 nisi
2075 2256 2319 2340 publico
2356 2257 2703 2340 impertias,
2716 2262 2778 2316 et
2814 2255 2885 2316 in

683 2357 810 2420 Tui
832 2357 1107 2438 famam,
1146 2366 1205 2420 et
1241 2359 1306 2420 in
1347 2358 1683 2422 humanum
1718 2379 1929 2443 genus,
1960 2359 2221 2442 injurius
2256 2360 2393 2420 eris.
2484 2357 2757 2420 Proinde
2797 2354 2890 2440 (si

673 2456 826 2541 quid
865 2456 1038 2540 apud
1085 2457 1176 2521 Te
1212 2459 1404 2542 iqnoti
1439 2459 1686 2523 valeant
1716 2459 1981 2547 preces,)
2018 2460 2192 2525 haud
2224 2463 2525 2546 yraven’s,
2571 2459 2883 2544 (obsecro‚)

685 2556 1070 2623 Celeberrime
1107 2560 1237 2635 Vir,
1265 2582 1370 2622 eas
1397 2560 1462 2623 in
1492 2560 1681 2623 lucem
1710 2563 1989 2624 emittere.

763 2658 888 2723 Sed
911 2680 1018 2723 nec
1043 2661 1143 2723 hic
1167 2660 1529 2727 subsistam:
1576 2684 1781 2747 nempe
1806 2664 1885 2725 ab
1923 2664 2121 2726 eodem
2166 2665 2374 2747 accepi
2411 2665 2658 2727 rariora
2698 2685 2886 2748 quae-

673 2762 819 2827 dam
869 2762 1014 2826 Tibi
1037 2763 1347 2826 observata
1368 2763 1576 2845 fiisse
1604 2766 1769 2826 circa
1806 2764 2064 2848 affectus
2096 2764 2471 2849 Hystericos
2498 2765 2733 2840 dictos,·
2776 2768 2890 2849 qui

672 2886 838 2941 sane,
868 2865 1028 2927 sicut
1065 2865 1542 2929 doctissimorum
1572 2864 1955 2928 Medicorum
1982 2867 2059 2929 ab
2088 2870 2253 2930 omni
2290 2868 2577 2929 memoria
2605 2890 2886 2930 exercue-

675 2976 840 3044 runt,
878 2969 998 3029 imo
1043 2965 1371 3041 lassarunt,
1413 2966 1677 3049 ingenia,
1712 2968 1801 3028 sic
1845 2966 2029 3051 (proh
2072 2970 2252 3031 nimis
2290 2968 2535 3052 saepes)
2593 2978 2659 3031 et
2696 2970 2888 3033 medi·

675 3070 859 3133 candi
877 3069 1140 3131 traditas
1160 3068 1458 3131 methodos
1479 3068 1746 3145 eludunt,
1768 3068 2234 3155 documentaque
2252 3071 2423 3145 dant,
2448 3091 2635 3154 quam
2652 3093 2889 3155 parum

675 3180 870 3234 tutum
899 3172 984 3233 sit
1017 3172 1082 3233 in
1111 3169 1542 3254 philosophicis
1580 3178 1820 3233 nostrae
1854 3171 2082 3233 rationi
2118 3172 2369 3233 nimium
2384 3171 2611 3251 fidere,
2642 3174 2769 3235 nisi
2807 3174 2888 3234 iis

673 3269 740 3333 in
767 3269 942 3332 rebus
969 3290 1232 3353 quarum
1266 3271 1679 3334 certitudinem
1718 3292 1762 3333 a
1799 3292 2081 3335 sensuum
2110 3274 2443 3335 testimonio
2472 3282 2680 3357 petere
2716 3274 2885 3339 vale-

675 3390 826 3433 mus.
915 3370 1283 3451 Plurimum,
1327 3372 1703 3457 Di9nissime
1757 3371 1889 3449 Vir,
1929 3372 2185 3437 ulterius
2222 3382 2281 3435 et
2319 3396 2362 3435 a
2397 3376 2712 3457 praesenti
2749 3396 2887 3445 sae·-

675 3470 828 3547 culo,
858 3476 1308 3559 etaposteris,
1339 3475 1722 3538 hauddubie
1764 3476 2092 3551 mereberis,
2122 3477 2885 3560 sietquaecincahanc

677 3574 994 3635 materiam
1037 3576 1358 3639 meditatus
1395 3598 1474 3652 es,
1496 3578 1833 3661 propalare
1868 3578 2155 3661 diqnatus
2168 3580 2397 3660 sicet-is.
2487 3577 2631 3641 Hoc
2669 3578 2883 3653 saltem

677 3696 720 3740 a
760 3676 853 3739 Te
879 3676 1030 3737 mihi
1055 3677 1378 3760 impetrare
1409 3681 1609 3754 liceat,
1642 3688 1713 3743 ut
1738 3682 1917 3765 aequi
1942 3679 2191 3764 bonique
2220 3680 2519 3757 consulas,
2550 3680 2731 3764 quod,
2760 3700 2883 3745 non

677 3778 796 3839 mei
818 3776 1028 3852 solum,
1058 3778 1165 3839 sed
1189 3779 1424 3861 publici
1449 3782 1630 3842 etiam
1665 3803 1873 3859 causa,
1902 3783 2142 3865 iqnotus
2176 3780 2309 3843 Tibi
2346 3782 2498 3857 licet,
2518 3788 2725 3864 petere
2762 3801 2883 3846 non

675 3879 1056 3943 erubuerim·
1029 3914 1052 3955 ,
1101 3886 1280 3963 utque
1323 3900 1415 3941 me
1455 3883 1613 3943 inter
1654 3882 1994 3945 innumeros
2038 3902 2135 3944 eos
2174 3882 2416 3957 habeas,
2462 3884 2574 3967 qui
2626 3882 2774 3946 Tibi
2818 3903 2883 3945 se

677 4003 862 4067 quam
891 3982 1147 4045 maxime
1173 3980 1407 4044 devotos
1425 3983 1813 4065 profitentur,

2004 4086 2443 4149 devotissimum

1858 4186 1923 4250 G'
1936 4186 2476 4253 ULLE'LMUM
2518 4188 2787 4255 COLE.

899 4282 1196 4352 Vigor-niae,

715 4436 720 4440 υ
787 4365 1026 4419 Novemb.
1064 4373 1139 4422 17.
1173 4372 1320 4422 1681.
