3138 5006
445 464 642 512 Pasas.

405 528 504 577 Eu.
516 529 679 577 Tsar.

713 281 795 344 12
1317 279 1708 346 THOMAE
1758 277 2273 346 SYDENHAM

704 439 974 523 alicujus
1019 439 1492 523 philosophicae
1535 441 1607 504 in
1647 439 1939 504 ordinem
1980 437 2143 522 cogi,
2176 459 2251 502 ao
2295 456 2550 521 quoquo
2580 435 2776 500 modo
2806 457 2909 500 ac-

705 542 1098 605 commodari
1126 543 1348 626 possit.

801 643 966 727 [10.]
1024 644 1302 727 Expedit
1362 650 1581 707 autem
1641 644 1856 722 tertio,
1894 650 1995 706 ut
2069 643 2141 705 in
2200 641 2618 706 describendo
2693 640 2909 726 aliquo

702 746 929 809 morbo
950 746 1296 829 peculiaria
1314 752 1380 810 et
1410 753 1721 830 perpetua
1741 747 2189 830 phaenomena
2210 745 2474 809 seorsim
2496 743 2578 806 ab
2610 743 2908 806 acciden-

703 847 942 910 talibus
973 853 1038 912 et
1063 848 1430 912 adventitiis
1461 850 1702 934 (qualia
1730 854 1903 926 sunt,
1924 868 2091 931 quae
2118 868 2255 910 non
2275 853 2537 911 tantum
2568 845 2651 909 ob
2684 865 2907 927 aegro-

702 950 986 1014 tantium
1059 952 1437 1034 temperiem
1497 957 1564 1015 et
1624 957 1923 1028 aetatem,
1986 950 2097 1014 sed
2158 949 2355 1012 etiam
2428 947 2510 1012 ob
2584 946 2913 1010 rationem

703 1053 1007 1116 medendi
1036 1053 1350 1117 diversam
1379 1054 1552 1117 varie
1590 1075 1659 1116 se
1688 1053 1977 1134 habent,)
2014 1057 2417 1116 enarrentur.
2506 1049 2686 1112 Nam
2718 1069 2909 1132 saepe

706 1154 937 1218 accidit
977 1161 1054 1218 ut
1089 1155 1283 1218 facies
1319 1155 1528 1219 morbi
1565 1155 1767 1218 variet
1806 1173 1921 1238 pro
1955 1155 2131 1218 vario
2175 1152 2535 1216 medicandi
2581 1173 2908 1234 processu,

705 1277 780 1320 ac
821 1257 1138 1320 nonnulla
1167 1264 1599 1340 symptomata
1631 1277 1766 1320 non
1804 1263 1943 1320 tam
1990 1255 2233 1334 morbo,
2267 1275 2460 1338 quam
2502 1254 2757 1318 medico
2794 1253 2910 1318 de-

705 1357 982 1435 bentur3
1030 1358 1190 1422 adeo
1217 1366 1295 1422 ut
1326 1360 1552 1424 eodem
1581 1358 1807 1423 morbo
1835 1358 2221 1435 laborantes,
2253 1357 2366 1422 sed
2394 1356 2571 1420 varia
2595 1355 2911 1420 methodo

705 1466 1034 1538 tractatos,
1088 1460 1264 1524 varia
1322 1461 1518 1524 etiam
1571 1467 2006 1545 symptomata
2063 1465 2418 1524 exerceant.
2511 1457 2729 1536 Unde,
2779 1457 2913 1520 nisi

705 1564 958 1627 cautela
1001 1563 1401 1640 adhibeatur,
1445 1584 1707 1628 necesse
1750 1569 1849 1627 est
1899 1568 1977 1626 ut
2020 1561 2369 1626 admodum
2412 1581 2649 1643 vagum
2692 1566 2760 1623 et
2804 1560 2911 1624 in-

707 1673 956 1730 certum
986 1666 1071 1730 sit
1093 1666 1260 1730 circa
1289 1666 1665 1730 morborum
1694 1671 2129 1750 symptomata
2142 1664 2479 1748 judicium.
2559 1664 2911 1727 Praetereo

707 1769 879 1852 quod
919 1790 1102 1833 casus
1139 1769 1373 1852 oppido
1401 1769 1530 1832 rari
1566 1768 1649 1832 ad
1678 1767 2049 1832 morborum
2082 1767 2441 1830 Historiam
2485 1765 2739 1849 proprie
2767 1785 2911 1828 non

703 1871 1108 1954 pertineant,
1156 1870 1696 1953 quemadmodum
1736 1875 1802 1933 et
1836 1870 1907 1933 in
1948 1869 2375 1952 descriptione
2414 1867 2666 1945 salviae,
2704 1865 2911 1948 (verbi

707 1972 956 2054 gratia,)
1011 1993 1349 2036 erucarum
1394 1992 1645 2035 morsus
1689 1971 1862 2035 inter
1904 1972 2092 2054 signa
2148 1969 2674 2034 discriminantia·
2714 1969 2911 2032 istius

703 2075 966 2156 plantae
995 2073 1376 2155 neutiquam
1403 2079 1841 2138 recensentur.

804 2173 968 2258 [11.]
1025 2176 1341 2258 Denique,
1417 2177 1575 2240 anni
1646 2183 2083 2260 tempestates,
2144 2196 2311 2260 quae
2390 2175 2633 2239 scilicet
2706 2173 2913 2238 cuivis

705 2277 1078 2342 morborum
1108 2278 1328 2359 generi
1355 2278 1762 2361 potissimum
1789 2278 2066 2356 faveant,
2092 2279 2436 2360 diligenter
2472 2277 2913 2341 observandae

708 2383 882 2440 sunt.
971 2377 1130 2441 Non
1185 2378 1437 2443 inficior
1479 2381 1829 2444 nonnullos
1876 2401 2013 2444 esse
2056 2381 2351 2444 omnium
2407 2380 2749 2455 horarum3
2794 2377 2915 2440 alii

706 2485 948 2558 tamen,
1009 2500 1130 2544 nec
1186 2481 1538 2565 pauciores,
1586 2482 1838 2547 occulto
1899 2481 2177 2565 quodam
2234 2483 2531 2547 Naturae
2586 2479 2913 2545 instinctu

707 2602 1028 2646 annorum
1057 2588 1367 2666 tempora,
1392 2606 1528 2648 non
1559 2606 1740 2649 secus
1762 2606 1957 2668 quam
1976 2584 2293 2667 quaedam
2312 2606 2457 2649 aves
2488 2590 2602 2647 aut
2623 2584 2913 2666 plantae,

705 2692 1086 2767 sequuntur.
1179 2686 1382 2768 Saepe
1413 2686 1674 2769 quidem
1704 2688 1904 2752 subiit
1931 2688 2153 2751 mirari
2183 2687 2307 2750 hoc
2340 2687 2718 2751 morborum
2747 2706 2913 2769 quo·

703 2787 986 2853 tundam
1025 2788 1382 2870 ingenium,
1415 2790 1569 2852 satis
1614 2790 1893 2868 obvium,
1926 2812 1966 2853 a
2003 2789 2221 2873 paucis
2260 2796 2483 2853 tamen
2516 2788 2715 2851 fuisse
2738 2788 2913 2865 ,hac-

703 2898 898 2956 tenus
957 2893 1408 2972 observatum,
1483 2915 1633 2958 cum
1694 2916 1821 2977 quo
1880 2895 2105 2979 sydere
2164 2894 2395 2977 stirpes
2454 2901 2568 2958 aut
2624 2892 2911 2975 pecudes

707 2996 1061 3061 solenniter
1107 3003 1545 3079 procreentur,
1599 2997 1863 3080 plurimi
1914 2998 2225 3061 curiosius
2270 2996 2661 3061 adnotarint.
2775 2995 2913 3059 Sed

705 3119 1122 3182 quaecunque
1146 3100 1230 3162 sit
1258 3100 1453 3182 hujus
1484 3100 1879 3164 oscitationis
1910 3121 2121 3178 causa,
2141 3121 2258 3183 pro
2286 3105 2463 3164 eerto
2492 3104 2709 3165 statuo
2736 3105 2912 3163 tem-

702 3207 1050 3282 pestatum,
1108 3202 1181 3263 in
1240 3201 1473 3282 quibus
1545 3202 1981 3285 aegritudines
2037 3204 2107 3267 in
2115 3224 2343 3286 gruere
2410 3206 2909 3277 consueverunt,

704 3302 1004 3364 notitiam
1047 3301 1333 3366 multum
1377 3302 1641 3369 Medico
1687 3305 2006 3387 prodesse,
2050 3312 2191 3369 tam
2236 3305 2319 3369 ad
2368 3305 2646 3388 speciem
2690 3302 2909 3366 morbi

705 3402 1227 3483 dignoscendam,
1259 3426 1456 3487 quam
1485 3406 1567 3469 ad
1596 3407 1809 3489 ipsum
1840 3407 2139 3471 morbum
2168 3406 2621 3489 extirpandum
2642 3431 2662 3483 3
2710 3412 2913 3487 atque

705 3504 938 3567 horum
967 3511 1316 3588 utrumque
1337 3508 1554 3571 minus
1569 3509 1843 3573 feliciter
1872 3510 2143 3588 evenire,
2169 3509 2285 3573 ubi
2304 3508 2667 3573 istiusmodi
2690 3507 2911 3574 obser-

703 3607 876 3671 vatio
904 3607 1275 3689 negligitur.

806 3708 970 3792 [la]
1028 3710 1210 3773 Haec
1246 3710 1525 3793 quidem,
1557 3712 1681 3776 etsi
1722 3734 1858 3777 non
1898 3714 2051 3792 sola,
2084 3714 2315 3777 saltem
2350 3713 2707 3797 insigniora
2748 3719 2909 3777 sunt

709 3832 872 3893 quae
927 3811 1001 3875 in
1059 3812 1397 3876 scribenda
1443 3814 1817 3879 morborum
1864 3817 2157 3881 Historia
2199 3816 2521 3881 observari
2578 3815 2903 3881 convenit.

709 3914 910 3997 Cujus
958 3914 1286 3979 Historiae
1333 3915 1581 3981 utilitas
1641 3918 1724 3981 ad
1772 3920 2020 4001 praxin,
2068 3941 2330 3984 omnem
2388 3919 2909 3983 aestimationem

705 4016 971 4094 excedit,
1003 4037 1078 4080 ac
1106 4038 1259 4099 prae
1290 4038 1418 4100 qua
1445 4018 1712 4084 subtiles
1744 4021 2215 4104 disquisitiones
2246 4043 2321 4086 ao
2357 4021 2730 4104 argutiolae,
2764 4022 2905 4103 qui-

705 4118 828 4181 bus
856 4118 1325 4183 neotericorum
1355 4120 1504 4185 libri
1533 4122 1616 4186 ad
1644 4144 1951 4187 nauseam
1982 4125 2115 4188 fere
2142 4125 2591 4202 inferciuntur,
2620 4123 2804 4187 nullo
2830 4124 2907 4186 in

704 4242 976 4285 numero
1007 4229 1162 4285 sunt
1191 4222 1546 4287 habendae.
1642 4226 1790 4291 Qua
1830 4227 2007 4289 enim
2034 4233 2149 4291 aut
2193 4226 2757 4311 compendiosiore,
2789 4232 2905 4289 aut

705 4324 903 4387 etiam
933 4325 1062 4395 alia
1096 4324 1216 4403 via,
1248 4326 1349 4389 vel
1387 4347 1615 4391 causae
1656 4328 2019 4394 morbificae
2054 4330 2290 4413 quibus
2331 4330 2584 4394 obviam
2614 4329 2907 4393 eundum

705 4433 804 4490 est
834 4427 1246 4510 deprehendi,
1279 4430 1377 4493 vel
1407 4429 1830 4496 indicationes
1861 4434 2181 4497 cui-ativae
2210 4432 2355 4498 elici
2382 4438 2674 4518 possunt,
2708 4453 2907 4516 quam
