3138 5006
482 296 1277 367 OBSERVATIONUM
1324 296 1892 362 MEDICARUM
1938 306 2056 360 111.
2093 311 2144 358 2.
2296 302 2420 363 123

223 454 404 533 tudo,
461 458 875 537 vomit-aritio,
935 466 1056 523 etc.
1115 458 1461 523 immanius
1529 460 1843 542 affligunt,
1919 460 2151 543 quibus
2219 460 2420 543 signis
2445 470 2726 521 Vmoma

221 556 479 625 Medico
501 561 711 643 sagaci
739 561 935 625 etiam
966 568 1117 626 ante
1147 562 1551 645 eruptionem
1574 562 1988 627 Confluentes
2018 584 2086 629 se
2113 563 2416 646 produnt.
2445 600 2606 647 Anno
2533 549 2724 647 ω’,ωξ

219 662 657 727 Nihilominus
692 686 827 727 non
855 664 950 729 ita
976 672 1270 748 prompte
1297 665 1461 728 hic
1442 687 1514 728 m
1544 658 1810 729 sudores
1837 665 2202 729 dissolvitur
2231 687 2422 749 aeger
2477 664 2583 715 ’67-
2591 665 2684 713 ’69·

216 785 290 830 ac
332 764 404 828 in
448 766 572 829 alio
612 786 845 849 genere
875 766 1013 850 jam
1058 787 1251 850 supra
1290 766 1625 851 descript0,
1657 766 1792 831 ubij
1823 788 2078 850 magna,
2107 774 2185 832 ut
2223 768 2365 848 fit,
2347 790 2418 831 111

216 867 474 933 eosdem
520 870 860 952 propensio
905 876 981 934 ut
1022 870 1375 953 plurimum
1418 870 1864 954 praenunciat
1895 871 2206 949 Variolas,
2254 892 2418 954 quae

214 989 363 1031 mox
421 979 780 1054 erumpent,
846 972 1115 1035 minime
1182 972 1606 1036 confluxuras.
1731 972 2086 1037 Diarrhoea
2153 972 2420 1056 insuper

212 1093 683 1155 nonnunquam
727 1074 1129 1157 eruptionem
1186 1074 1527 1161 praecedit,
1559 1082 1626 1139 et
1674 1074 1756 1138 ad
1808 1074 1978 1138 diem
2014 1096 2222 1139 unum
2261 1075 2414 1139 alte-

210 1194 436 1237 rumve
455 1181 600 1257 post
626 1175 803 1238 illam
826 1175 1257 1258 protrahitur3
1289 1176 1461 1258 quod
1482 1176 1744 1259 quidem
1771 1176 1842 1240 in
1873 1176 2168 1242 Discreto
2189 1176 2414 1242 Vario-

210 1275 423 1339 larum
453 1297 686 1359 genere
714 1277 1007 1341 nondum
1035 1277 1199 1341 mihi
1228 1278 1501 1360 contigit
1530 1277 1885 1343 observare.

310 1378 433 1463 [7.]
488 1378 704 1443 Tertio
753 1386 830 1444 ut
872 1380 1223 1464 plurimum
1268 1380 1371 1444 die
1414 1381 1693 1465 erumpit
1737 1382 1976 1464 species
2032 1381 2211 1459 haec,
2263 1388 2422 1449 ante·

207 1480 398 1545 11111111
442 1482 803 1565 aliquando,
842 1483 945 1546 vix
984 1503 1273 1566 unquam
1309 1490 1455 1566 p'ost
1497 1484 1719 1561 illum;
1769 1505 1916 1549 cum
1957 1484 2286 1549 Discretae
2316 1486 2417 1550 vel

208 1584 351 1667 ipso
384 1584 487 1648 die
532 1593 759 1668 quarto
801 1585 1109 1657 inclusive
1154 1608 1193 1649 a
1234 1586 1441 1669 primo
1484 1586 1734 1649 insultu
1777 1586 2002 1664 morbi,
2031 1587 2132 1651 vel
2173 1595 2413 1671 postea,

208 1694 385 1751 ante.
408 1687 591 1751 illum
627 1709 774 1753 raro
814 1689 1178 1766 admodum,
1224 1708 1293 1753 se
1330 1694 1730 1753 monstrent:
1795 1696 2166 1772 quantoque
2208 1693 2415 1776 magis

209 1797 517 1872 quartum
542 1790 729 1854 illum
770 1791 941 1855 diem
987 1792 1448 1874 praeverterint
1476 1791 1794 1868 Variolae,
1825 1798 2010 1856 tanto
2039 1792 2236 1855 etiam
2264 1814 2414 1857 con-

206 1892 418 1956 fluent
473 1894 699 1975 magis.
790 1893 1099 1960 Quamvis
1159 1901 1377 1958 autem
1440 1894 1539 1977 (ut
1592 1893 1974 1977 generaliter
2027 1894 2410 1979 loquamur,)

208 1994 627 2059 Confluentes
691 1995 861 2060 diem
928 2002 1229 2079 quartum
1288 1997 1395 2059 vix
1442 1996 1934 2080 praestolentur,
1994 2018 2280 2080 unquam
2339 1999 2415 2063 fit

204 2105 433 2162 tamen
468 2099 639 2183 (licet
669 2098 901 2183 oppido
928 2100 1115 2182 raro,)
1138 2107 1216 2163 ut
1237 2099 1319 2162 ob
1350 2100 1627 2164 atrocius
1658 2099 1914 2182 aliquod
1943 2106 2305 2184 symptoma
2333 2101 2417 2165 ad

206 2208 515 2285 quartum
557 2200 659 2265 vel
702 2201 1004 2284 quintum
1045 2222 1249 2285 usque
1291 2201 1463 2265 diem
1508 2201 1842 2265 differatur
1885 2202 2173 2285 eruptio,
2239 2202 2418 2267 verbi

204 2304 438 2386 gratia,
491 2304 896 2367 acutissimus
956 2303 1153 2383 dolor,
1214 2325 1389 2367 nunc
1438 2304 1511 2367 in
1567 2304 1830 2385 regione
1885 2304 2254 2369 lumborum
2303 2326 2432 2389 pa-·

199 2406 493 2489 roxysmi
528 2406 871 2490 nephritici
912 2407 1219 2484 aemulus,
1251 2429 1427 2471 nunc
1469 2408 1542 2469 in
1583 2407 1782 2470 latere
1817 2407 2020 2489 qualis
2048 2407 2414 2491 pleuriticos

198 2515 417 2587 vexat,
463 2508 677 2574 nunc*
722 2510 793 2572 in
838 2511 1105 2574 artubus
1155 2517 1231 2573 ut
1276 2511 1349 2574 in
1394 2510 1874 2589 rheumatismo,
1905 2531 2083 2574 nunc
2135 2510 2414 2594 denique

196 2613 279 2676 111
309 2611 661 2676 ventriculo
691 2633 839 2675 cum
876 2612 1129 2694 ingenti
1165 2613 1565 2696 aegritudine
1595 2619 1660 2676 et
1688 2613 1935 2677 vomitu
1963 2613 2231 2692 enormi,
2261 2620 2413 2679 ante

198 2715 613 2799 eruptionem
643 2735 907 2797 aegrum
944 2715 1175 2797 fatigat
1210 2715 1537 2797 angitque.
1632 2716 1829 2780 Hisce
1856 2716 1929 2780 in
1957 2716 2208 2780 casibus
2241 2718 2412 2800 (licet

197 2817 646 2901 infrequentes
677 2816 850 2900 sint,)
875 2816 1167 2881 Variolas
1190 2817 1375 2882 solito
1398 2817 1598 2881 serius
1617 2839 1950 2902 erumpere
1971 2819 2410 2898 animadverti,

194 2927 435 3003 utpote
493 2920 573 2984 ab
630 2920 899 2983 immani
957 2926 1463 3003 symptomatum
1526 2921 1846 2986 dictorum
1902 2922 2205 2986 violentia
2261 2943 2411 2986 con-

199 3025 465 3088 strictas
522 3032 715 3107 atque
766 3023 1144 3107 impeditas,
1129 3048 1143 3063 ·
1206 3043 1369 3107 quae
1428 3023 1686 3107 quidem
1739 3031 2169 3110 symptomata
2211 3025 2412 3089 solitis

196 3126 689 3191 vehementiora
726 3147 875 3190 cum
914 3146 1149 3209 agmen
1189 3125 1448 3205 ducant,
1476 3126 1640 3189 mihi
1679 3127 1833 3192 satis
1873 3135 2090 3211 aperte
2121 3127 2412 3192 indicant

201 3237 543 3294 secuturas
572 3228 881 3307 Variolas,
913 3235 979 3291 et
1010 3248 1045 3292 e
1075 3227 1557 3292 confluentium
1588 3249 1820 3311 genere
1849 3249 2004 3307 esse,
2036 3235 2102 3293 et
2129 3230 2413 3313 periculo

201 3333 479 3397 minime
505 3351 749 3395 vacare.

299 3437 422 3522 [8]
476 3438 569 3501 At
590 3457 739 3500 vero
762 3434 995 3519 (quod
971 3455 1110 3518 Jam
1124 3433 1412 3518 proxime
1431 3433 1818 3517 dicendum,)
1841 3435 2029 3499 licet'
2011 3457 2082 3498 m
2104 3436 2414 3500 Discretis
2493 3503 2498 3508 ,
2589 3445 2598 3450 ’

202 3561 360 3604 mox
412 3539 494 3602 ab
546 3538 883 3622 eruptione
940 3535 1061 3620 (uti
1118 3536 1365 3600 dictum
1424 3540 1565 3619 est‚)
1630 3558 1792 3620 quae
1843 3537 2051 3601 morbi
2099 3538 2415 3601 insultum

203 3643 687 3709 comitabantur
750 3645 1182 3724 symptomata
1244 3637 1499 3701 nullum
1556 3639 1696 3722 jam
1763 3639 2036 3721 amplius
2099 3639 2416 3704 facessant

200 3747 567 3830 negotium,
584 3745 658 3808 in
678 3740 1169 3808 confluentibus
1197 3739 1390 3821 longe
1419 3738 1606 3802 aliter
1633 3760 1700 3803 se
1727 3759 1829 3802 res
1858 3739 2072 3818 habet,
2104 3761 2253 3804 cum
2281 3747 2418 3803 tam

200 3850 407 3915 febris
438 3870 633 3933 quam
671 3848 799 3910 alia
826 3851 1258 3930 symptomata
1295 3843 1491 3906 etiam
1520 3843 1604 3906 ad
1631 3843 1869 3908 multos
1899 3843 2035 3908 dies
2065 3865 2104 3907 a
2130 3844 2416 3928 pustula-

200 3975 361 4017 rum
388 3951 725 4034 eruptione
759 3969 1025 4031 aegrum
1054 3945 1461 4010 discrucient.

308 4053 433 4138 [9.]
488 4050 786 4115 Variolae
816 4049 1023 4113 dictae
1060 4067 1239 4111 nunc
1278 4045 1673 4131 erysipelatis
1706 4048 1858 4128 ritu,
1887 4070 2066 4113 nunc
2093 4049 2418 4113 morbillo·

202 4175 361 4218 itum
399 4156 772 4235 erumpunt,
818 4171 857 4212 a
898 4149 1131 4232 quibus
1177 4168 1312 4212 non
1356 4147 1485 4211 nisi
1530 4169 1571 4212 a
1617 4149 1878 4215 Medico
1919 4151 1990 4216 in
2033 4151 2136 4215 his
2178 4149 2419 4214 morbis

200 4253 641 4330 versatissimo
685 4253 1192 4334 distinguuntur,
1239 4247 1466 4312 saltem
1510 4250 1720 4334 quoad
1770 4250 2001 4316 faciem
2045 4259 2417 4330 externam;

200 4380 367 4422 nam
397 4357 509 4440 qui
539 4355 621 4421 ad
649 4355 863 4438 dispar
890 4353 962 4416 in
991 4357 1262 4433 utroque
1290 4350 1518 4414 morbo
1546 4352 1901 4434 eruptionis
1929 4359 2204 4436 tempus,
2237 4353 2441 4416 31133--

340 4487 356 4527 J
393 4481 759 4545 ubi—conflux.]
784 4497 877 4530 om.
904 4481 975 4529 ed.
1002 4479 1098 4529 ’76.
1462 4476 1483 4508 ¹¹
1520 4480 1949 4543 nunc—rheumam]
1977 4497 2068 4532 om.
2095 4482 2167 4530 ed.
2194 4481 2288 4533 ’76.
