3138 5006
529 279 1319 345 OBSERVATIONUM
1366 280 1936 345 MEDICARUM
1989 288 2068 341 II.
2107 282 2440 342 2101

248 448 374 506 tur.
436 442 478 505 J
481 462 585 505 am
616 442 671 505 si
698 440 1122 505 inflammatio
1152 440 1363 504 adhuc
1389 440 1714 504 remissior
1741 439 1993 517 existat,
2019 438 2255 503 Febres
2285 460 2446 523 quas
2513 449 2712 498 Fzmus

246 545 615 607 Pestilentes
642 544 835 626 vulgo
864 542 1209 626 appellant,
1239 543 1590 626 producere
1619 543 1818 620 solet3
1863 548 1940 605 ut
1976 542 2050 605 in
2077 542 2206 605 fine
2237 541 2443 605 Pesti-
2480 514 2640 627 ἐξὲξ
2629 529 2747 627 ε’ζε

244 646 441 711 lentis
484 646 963 712 constitutionis
1014 666 1473 729 saepenumero
1514 645 1768 722 accidit,
1813 666 1888 709 ac
1930 644 2202 708 forsitan
2245 644 2442 708 etiam
2468 641 2665 690 Annon
2633 657 2749 691 ΜΝ

244 770 381 815 ιιιιο
424 750 699 815 alterove
742 757 889 833 post
932 771 1126 830 anno,
1158 749 1363 815 donec
1391 749 1518 813 ista
1546 747 1854 813 Febrium
1899 746 2140 831 species
2183 768 2444 831 prorsus
2469 708 2595 842 m6fi'
2589 708 2711 843 01:³6

246 852 589 937 dispareat.
2421 865 2679 937 sunt-re-

346 955 508 1040 [13.]
564 956 756 1019 Certe
828 956 957 1038 (me
1019 956 1282 1039 judice,)
1342 956 1418 1019 in
1484 954 1994 1020 inflammatione
2055 953 2184 1018 ista
2249 926 2441 1037 quam
2466 938 2608 1060 13¹3]
2605 939 2720 1046 οξ·

244 1057 469 1122 Latini
512 1060 727 1141 Iynem
765 1060 1029 1122 Sacrum
1076 1059 1419 1142 appellant,
1472 1058 1796 1142 quandam
1841 1057 2050 1121 Pestis
2091 1055 2522 1139 imaginemee
2523 1062 2732 1111 rPestis

242 1181 382 1225 non
422 1161 760 1227 obscuram
798 1161 1040 1226 intueri
1082 1161 1269 1226 licet:
1316 1167 1476 1225 “est
1521 1162 1696 1225 enim
1740 1160 2002 1226 morbus
2047 1160 2196 1223 hic³³
2249 1158 2442 1242 (apud
2466 1142 2721 1254 quaffiam

242 1264 531 1328 saniores
554 1264 940 1347 Medico8,)‘
944 1263 1166 1328 ‘febris
1188 1264 1515 1339 continua,
1538 1286 1578 1327 a
1599 1264 1931 1346 sanguinis
1960 1269 2143 1347 parte
2164 1261 2446 1326 tenuiori

242 1372 549 1449 corrupta
576 1387 652 1429 ac
688 1364 1090 1431 inflammata
1120 1365 1439 1449 originem
1482 1366 1763 1444 ducens3
1809 1386 1939 1449 qua
1974 1370 2052 1429 ut
2080 1364 2339 1427 Natura
2377 1384 2446 1427 se

240 1466 496 1544 liberet,
526 1489 669 1532 eam
698 1466 770 1531 in
799 1468 1079 1552 corporis
1108 1469 1387 1551 aliquam
1416 1476 1667 1551 partem
1702 1474 2035 1530 externam
2065 1468 2344 1550 expellit,
2373 1466 2448 1529 in

244 1592 377 1654 qua
396 1576 633 1648 tumor,
664 1577 778 1635 aut
811 1572 1026 1654 potius
1073 1570 1243 1654 (cum
1284 1579 1503 1634 tumor
1544 1570 1705 1633 adeo
1743 1568 2046 1633 notabilis
2086 1590 2274 1652 saepe
2309 1591 2446 1633 non

242 1675 593 1757 appareat,)
620 1675 875 1738 macula
900 1673 1116 1753 rubra,
1138 1675 1290 1753 lata,
1312 1673 1613 1757 dispersa,
1638 1694 1832 1756 quam
1859 1692 2068 1735 rosam
2097 1673 2442 1755 appellant,

244 1776 509 1841 oriturss’
569 1777 852 1840 Solvitur
868 1784 1087 1841 autem
1102 1776 1229 1841 ista
1252 1776 1494 1855 Febris,
1513 1782 1854 1861 postquam
1870 1796 2006 1839 uno
2029 1781 2222 1858 atque
2240 1776 2442 1839 altero

244 1878 355 1941 die
407 1899 672 1961 aegrum
724 1878 965 1956 afflixit,
1006 1880 1223 1944 critice
1272 1901 1389 1963 per
1435 1880 1612 1943 hunc
1659 1887 2004 1956 tumorem,
2057 1884 2124 1941 et
2174 1878 2442 1962 proinde

244 1981 595 2063 aliquando
640 1982 713 2045 in
765 1982 1086 2065 glandulis
1138 1982 1257 2047 sub
1302 1982 1419 2046 alis
1466 1982 1566 2046 vel
1605 1982 1678 2045 in
1711 1981 2088 2065 inguinibus
2135 1979 2333 2059 dolor,
2363 1988 2441 2044 ut

242 2085 447 2147 ctiam
488 2085 562 2148 in
605 2085 795 2150 Peste
837 2086 979 2150 fieri
1022 2085 1370 2150 consuevit.
1470 2084 1636 2169 [14.]
1693 2090 1734 2119 “
1751 2084 1840 2147 Et
1868 2084 2002 2147 fere
2029 2083 2277 2147 invadit
2319 2084 2444 2147 hoc

240 2187 514 2267 malum,
532 2194 610 2251 ut
627 2187 1023 2267 Pestilentia,
1048 2210 1197 2252 cum
1213 2188 1479 2253 horrore
1500 2195 1567 2252 et
1595 2186 1962 2270 insequenti
1985 2186 2192 2249 calore
2209 2186 2444 2265 febrili,

238 2292 344 2358 ita
370 2297 448 2355 ut
477 2290 589 2375 qui
614 2290 827 2375 ipsum
856 2298 1009 2355 aute
1036 2312 1172 2355 non
1200 2297 1355 2354 sunt
1382 2291 1573 2373 passi,
1597 2289 1966 2354 existiment
1994 2288 2108 2352 lue·
2132 2288 2445 2353 Pestifera

240 2414 317 2458 se
358 2394 609 2476 corripi,
642 2394 845 2457 donec
878 2394 1144 2458 tandem
1172 2394 1244 2456 in
1288 2414 1473 2458 crure
1502 2398 1616 2457 aut
1657 2393 1782 2456 alio
1823 2392 1963 2455 loco
1994 2412 2130 2455 sese
2175 2391 2442 2455 affectus

239 2496 545 2581 prodat.'’
640 2495 831 2578 (Vide
872 2497 1283 2576 sennem,
1326 2496 1453 2580 [De
1479 2495 1688 2579 Febr]
1727 2494 1838 2560 lib.
1869 2494 1936 2558 ii.
1969 2516 2104 2578 cap.
2141 2494 2244 2558 16.
2279 2497 2320 2530 “
2337 2493 2443 2557 De

240 2598 438 2664 Febr.
484 2601 734 2684 Sympt.
769 2601 1074 2665 Contin.''
1126 2602 1225 2685 [in
1265 2601 1419 2682 Opp.
1449 2607 1500 2663 t.
1531 2600 1614 2663 vi.
1643 2621 1751 2684 pp.
1783 2601 1933 2677 407,
1965 2599 2093 2681 8.])<
2186 2596 2444 2662 Quibus

240 2703 497 2768 accedit
540 2703 710 2787 quod
751 2711 817 2767 et
850 2703 1121 2786 maligni
1162 2703 1405 2787 aliquid
1436 2702 1590 2766 huic
1633 2701 1857 2766 morbo
1895 2702 2104 2764 inesse
2143 2697 2444 2764 nonnulli

242 2807 552 2871 authores
573 2807 999 2889 suspicantur,
1023 2824 1097 2871 ac
1124 2805 1392 2890 proinde
1421 2805 1821 2869 curationem
1841 2803 1912 2867 in
1943 2803 2445 2866 sudoriferorum

242 2917 445 2992 atque
467 2909 1121 2994 alexipharmacorum
1142 2930 1267 2972 usu
1284 2908 1711 2973 constituunt.
1777 2907 1957 2970 Haec
1977 2905 2241 2989 quidem
2261 2905 2442 2968 flam-

240 3033 375 3090 ma,
384 3011 499 3075 ubi
517 3011 961 3076 ebullitionem
980 3012 1392 3076 commoverit
1410 3013 1594 3094 cujus
1613 3008 2088 3094 opeparticulae
2111 3005 2446 3089 sanguinis

240 3114 593 3179 leviuscule
612 3114 937 3178 ustulatae
967 3133 1041 3178 ac
1072 3115 1253 3198 quasi
1282 3111 1616 3197 syderatae
1644 3110 1822 3175 brevi
1843 3108 2048 3193 spatio
2071 3109 2242 3172 foras
2271 3107 2443 3172 able-

243 3222 508 3300 gantur,
533 3223 763 3299 sponte
792 3237 927 3295 sua,
948 3237 1071 3280 nec
1098 3217 1470 3280 ulteriorem
1498 3236 1734 3279 noxam
1757 3213 1999 3290 molita,
2021 3210 2442 3293 extinguitur.

346 3319 513 3402 [15.]
565 3319 1017 3384 Veruntamen
1050 3320 1221 3403 ignis
1262 3326 1484 3384 noster
1524 3319 1650 3382 isto
1696 3319 1891 3381 Sacro
1941 3317 2134 3398 longe
2179 3315 2446 3376 ἀὶυἰηίον

242 3419 366 3500 est,
399 3428 475 3484 ut
504 3421 635 3504 qui,
668 3444 922 3486 summa
939 3443 1067 3506 qua
1082 3421 1279 3506 pollet
1301 3421 1700 3485 substantiae
1717 3419 2056 3496 tenuitate,
2087 3416 2446 3480 intimiores

242 3525 528 3608 corporis
548 3545 833 3588 recessus
862 3525 968 3608 (ad
995 3526 1203 3588 instar
1222 3525 1528 3607 fulgetri,)
1551 3542 1880 3607 permeare
1903 3527 2090 3604 aptus
2121 3526 2314 3582 natus
2335 3517 2448 3596 sit,

242 3628 578 3713 spiritibus
636 3629 883 3693 cruoris
932 3629 1281 3712 derepente
1322 3627 1706 3710 profligatis,
1751 3626 2078 3710 ipsiusque
2135 3643 2448 3707 compage

244 3753 721 3817 nonnunquam
762 3731 951 3796 citius
997 3731 1323 3809 dissoluta,
1356 3751 1545 3813 quam
1588 3728 1865 3807 Natura,
1906 3727 2238 3811 praecipiti
2272 3727 2442 3789 malo

244 3856 569 3920 oppressa,
600 3835 1043 3899 ebullitionem
1070 3833 1363 3898 febrilem
1404 3833 1759 3917 (solennem
1793 3851 2027 3914 nempe
2056 3829 2440 3906 machinam,

244 3959 397 4022 qua,
430 3937 733 4022 quicquid
776 3937 1079 4021 sanguini
1114 3937 1425 4002 infestum
1463 3942 1582 4014 est,
1625 3935 1756 3999 suis
1797 3955 1834 3998 e
1875 3933 2114 3996 finibus
2153 3951 2446 3996 amovere

246 4041 529 4163 satagit,)
566 4040 887 4105 concitare
917 4041 1143 4105 valeat.
2469 4083 2540 4132 Pe
2541 4090 2663 4131 stem
2686 4086 2746 4132 b

347 4143 513 4228 [16.]
571 4143 767 4209 Quod
796 4144 851 4207 si
881 4144 1021 4226 quis
1050 4143 1214 4206 mihi
1255 4142 1362 4206 hic
1390 4142 1574 4206 litem
1601 4148 1784 4225 paret
1819 4140 1899 4205 de
1927 4161 2024 4220 eo,
2057 4138 2231 4224 quod
2268 4138 2444 4202 hunc
2468 4148 2584 4196 infla
2556 4165 2720 4196 samm

244 4187 550 4312 morbum
594 4245 675 4310 ab
714 4246 1223 4310 inflammatione
1268 4245 1419 4308 oriri
1462 4245 1844 4323 existimem,
1873 4244 1932 4307 is
1975 4242 2272 4306 attendat
2309 4262 2444 4306 non
2469 4212 2738 4340 {affiaqbonn

245 4351 443 4416 modo
464 4350 688 4415 Febris
706 4349 1154 4434 praesentiam,
1179 4348 1291 4412 sed
1314 4357 1381 4412 et
1404 4349 1736 4432 complura
1751 4347 1877 4411 alia
1903 4346 2055 4409 huic
2085 4345 2495 4408 sententiae
2467 4341 2754 4454 firasugssffii·'

250 4455 621 4538 suffragari:
676 4473 909 4536 nempe
954 4451 1284 4535 sanguinis
1330 4450 1602 4515 detracti
1645 4451 1940 4528 colorem,
1988 4446 2098 4532 qui
2154 4448 2442 4531 pleuriti·
2467 4479 2558 4520 tur.
