<?xml version="1.0" encoding="UTF-8"?>
<!DOCTYPE html PUBLIC "-//W3C//DTD XHTML 1.0 Transitional//EN"
    "http://www.w3.org/TR/xhtml1/DTD/xhtml1-transitional.dtd">
<html xmlns="http://www.w3.org/1999/xhtml" xml:lang="en" lang="en">
 <head>
  <title>
</title>
<meta http-equiv="Content-Type" content="text/html;charset=utf-8" />
  <meta name='ocr-system' content='tesseract 3.04.00' />
  <meta name='ocr-capabilities' content='ocr_page ocr_carea ocr_par ocr_line ocrx_word'/>
</head>
<body>
  <div class='ocr_page' id='page_1' title='image "./operaomnia00khgoog_0170.png"; bbox 0 0 3138 5006; ppageno 0'>
   <div class='ocr_carea' id='block_1_1' title="bbox 556 277 2496 347">
    <p class='ocr_par' dir='ltr' id='par_1_1' title="bbox 556 277 2496 347">
     <span class='ocr_line' id='line_1_1' title="bbox 556 277 2496 347; baseline -0.001 0"><span class='ocrx_word' id='word_1_1' title='bbox 556 279 1349 347; x_wconf 79' lang='lat' dir='ltr'>OBSERVA&#39;PIONUM</span> <span class='ocrx_word' id='word_1_2' title='bbox 1394 277 1970 343; x_wconf 85' lang='lat' dir='ltr'><strong>MEDICARUM</strong></span> <span class='ocrx_word' id='word_1_3' title='bbox 2023 284 2138 337; x_wconf 94' lang='lat' dir='ltr'>III.</span> <span class='ocrx_word' id='word_1_4' title='bbox 2176 290 2228 339; x_wconf 84' lang='lat'><strong>2.</strong></span> <span class='ocrx_word' id='word_1_5' title='bbox 2371 284 2496 345; x_wconf 83' lang='lat'><strong>133</strong></span> 
     </span>
    </p>
   </div>
   <div class='ocr_carea' id='block_1_2' title="bbox 276 441 2804 1861">
    <p class='ocr_par' dir='ltr' id='par_1_2' title="bbox 284 441 2804 942">
     <span class='ocr_line' id='line_1_2' title="bbox 292 441 2804 529; baseline 0.002 -19"><span class='ocrx_word' id='word_1_6' title='bbox 292 444 421 510; x_wconf 88' lang='lat' dir='ltr'><strong>His</strong></span> <span class='ocrx_word' id='word_1_7' title='bbox 462 443 651 510; x_wconf 57' lang='lat' dir='ltr'><strong>vero*</strong></span> <span class='ocrx_word' id='word_1_8' title='bbox 686 466 824 509; x_wconf 91' lang='lat' dir='ltr'><strong>non</strong></span> <span class='ocrx_word' id='word_1_9' title='bbox 865 441 1294 521; x_wconf 77' lang='lat' dir='ltr'>obstantibus,</span> <span class='ocrx_word' id='word_1_10' title='bbox 1330 442 1385 506; x_wconf 88' lang='lat' dir='ltr'><strong>si</strong></span> <span class='ocrx_word' id='word_1_11' title='bbox 1422 441 1523 505; x_wconf 85' lang='lat' dir='ltr'><strong>vel</strong></span> <span class='ocrx_word' id='word_1_12' title='bbox 1556 442 1904 506; x_wconf 88' lang='lat' dir='ltr'><strong>minimum</strong></span> <span class='ocrx_word' id='word_1_13' title='bbox 1947 444 2254 529; x_wconf 86' lang='lat' dir='ltr'><strong>suspicari</strong></span> <span class='ocrx_word' id='word_1_14' title='bbox 2304 444 2494 508; x_wconf 84' lang='lat' dir='ltr'><strong>liceat</strong></span> <span class='ocrx_word' id='word_1_15' title='bbox 2519 466 2804 516; x_wconf 60' lang='lat' dir='ltr'><strong>vamur.</strong></span> 
     </span>
     <span class='ocr_line' id='line_1_3' title="bbox 288 530 2802 644; baseline 0.001 -35"><span class='ocrx_word' id='word_1_16' title='bbox 288 548 585 613; x_wconf 86' lang='lat' dir='ltr'><strong>Variolas</strong></span> <span class='ocrx_word' id='word_1_17' title='bbox 640 570 791 613; x_wconf 90' lang='lat' dir='ltr'><strong>mox</strong></span> <span class='ocrx_word' id='word_1_18' title='bbox 848 554 1259 630; x_wconf 76' lang='lat' dir='ltr'><strong>erumpentes</strong></span> <span class='ocrx_word' id='word_1_19' title='bbox 1316 568 1355 610; x_wconf 94' lang='lat' dir='ltr'><strong>e</strong></span> <span class='ocrx_word' id='word_1_20' title='bbox 1413 545 1898 609; x_wconf 86' lang='lat' dir='ltr'><strong>Confluentium</strong></span> <span class='ocrx_word' id='word_1_21' title='bbox 1955 568 2192 631; x_wconf 83' lang='lat' dir='ltr'><strong>genere</strong></span> <span class='ocrx_word' id='word_1_22' title='bbox 2241 549 2494 613; x_wconf 84' lang='lat' dir='ltr'><strong>futuras</strong></span> <span class='ocrx_word' id='word_1_23' title='bbox 2519 530 2802 644; x_wconf 48' lang='grc' dir='ltr'><strong>ξξζζζῧὶ</strong></span> 
     </span>
     <span class='ocr_line' id='line_1_4' title="bbox 288 650 2760 735; baseline -0.003 -19"><span class='ocrx_word' id='word_1_24' title='bbox 288 672 449 729; x_wconf 88' lang='lat' dir='ltr'><strong>esse,</strong></span> <span class='ocrx_word' id='word_1_25' title='bbox 478 652 639 715; x_wconf 89' lang='lat' dir='ltr'><strong>utile</strong></span> <span class='ocrx_word' id='word_1_26' title='bbox 682 672 939 735; x_wconf 88' lang='lat' dir='ltr'><strong>prorsus</strong></span> <span class='ocrx_word' id='word_1_27' title='bbox 980 650 1104 713; x_wconf 86' lang='lat' dir='ltr'><strong>erit</strong></span> <span class='ocrx_word' id='word_1_28' title='bbox 1140 656 1219 713; x_wconf 90' lang='lat' dir='ltr'><strong>ut</strong></span> <span class='ocrx_word' id='word_1_29' title='bbox 1254 669 1387 712; x_wconf 93' lang='lat' dir='ltr'><strong>non</strong></span> <span class='ocrx_word' id='word_1_30' title='bbox 1426 650 1636 712; x_wconf 89' lang='lat' dir='ltr'><strong>solum</strong></span> <span class='ocrx_word' id='word_1_31' title='bbox 1677 650 1938 732; x_wconf 82' lang='lat' dir='ltr'><strong>sanguis</strong></span> <span class='ocrx_word' id='word_1_32' title='bbox 1975 672 2168 734; x_wconf 87' lang='lat' dir='ltr'><strong>quam</strong></span> <span class='ocrx_word' id='word_1_33' title='bbox 2211 653 2494 734; x_wconf 89' lang='lat' dir='ltr'><strong>primum</strong></span> <span class='ocrx_word' id='word_1_34' title='bbox 2557 660 2760 709; x_wconf 82' lang='lat'>&#39;67-·69.</span> 
     </span>
     <span class='ocr_line' id='line_1_5' title="bbox 284 752 2494 834; baseline 0.002 -17"><span class='ocrx_word' id='word_1_35' title='bbox 284 755 607 833; x_wconf 84' lang='lat' dir='ltr'><strong>mittatur,</strong></span> <span class='ocrx_word' id='word_1_36' title='bbox 630 754 745 819; x_wconf 85' lang='lat' dir='ltr'><strong>sed</strong></span> <span class='ocrx_word' id='word_1_37' title='bbox 772 760 839 818; x_wconf 88' lang='lat' dir='ltr'><strong>et</strong></span> <span class='ocrx_word' id='word_1_38' title='bbox 870 754 1215 818; x_wconf 89' lang='lat' dir='ltr'><strong>emeticum</strong></span> <span class='ocrx_word' id='word_1_39' title='bbox 1242 752 1640 834; x_wconf 87' lang='lat' dir='ltr'><strong>propinetur,</strong></span> <span class='ocrx_word' id='word_1_40' title='bbox 1672 752 1756 815; x_wconf 94' lang='lat' dir='ltr'><strong>ob</strong></span> <span class='ocrx_word' id='word_1_41' title='bbox 1786 754 2068 819; x_wconf 86' lang='lat' dir='ltr'><strong>rationes</strong></span> <span class='ocrx_word' id='word_1_42' title='bbox 2097 755 2224 818; x_wconf 83' lang='lat' dir='ltr'><strong>alio</strong></span> <span class='ocrx_word' id='word_1_43' title='bbox 2253 755 2326 818; x_wconf 91' lang='lat' dir='ltr'><strong>in</strong></span> <span class='ocrx_word' id='word_1_44' title='bbox 2353 756 2494 821; x_wconf 86' lang='lat' dir='ltr'><strong>loco</strong></span> 
     </span>
     <span class='ocr_line' id='line_1_6' title="bbox 298 853 1788 942; baseline -0.001 -21"><span class='ocrx_word' id='word_1_45' title='bbox 298 858 596 941; x_wconf 83' lang='lat' dir='ltr'><strong>[Dissert.</strong></span> <span class='ocrx_word' id='word_1_46' title='bbox 628 858 835 939; x_wconf 78' lang='lat' dir='ltr'><strong>Epist.</strong></span> <span class='ocrx_word' id='word_1_47' title='bbox 873 859 952 942; x_wconf 54' lang='grc' dir='ltr'>ᾗῇ</span> <span class='ocrx_word' id='word_1_48' title='bbox 984 859 1092 934; x_wconf 84' lang='grc'><strong>30,</strong></span> <span class='ocrx_word' id='word_1_49' title='bbox 1122 854 1263 941; x_wconf 81' lang='lat'>46.]</span> <span class='ocrx_word' id='word_1_50' title='bbox 1296 854 1438 919; x_wconf 81' lang='lat' dir='ltr'><strong>fuse</strong></span> <span class='ocrx_word' id='word_1_51' title='bbox 1468 853 1788 919; x_wconf 86' lang='lat' dir='ltr'><strong>dicendas.</strong></span> 
     </span>
    </p>

    <p class='ocr_par' dir='ltr' id='par_1_3' title="bbox 281 957 2494 1553">
     <span class='ocr_line' id='line_1_7' title="bbox 384 957 2494 1044; baseline -0 -21"><span class='ocrx_word' id='word_1_52' title='bbox 384 961 551 1044; x_wconf 63' lang='lat'><strong>[32]</strong></span> <span class='ocrx_word' id='word_1_53' title='bbox 605 960 912 1037; x_wconf 78' lang='lat' dir='ltr'><strong>Tandem,</strong></span> <span class='ocrx_word' id='word_1_54' title='bbox 945 965 1020 1022; x_wconf 90' lang='lat' dir='ltr'><strong>ut</strong></span> <span class='ocrx_word' id='word_1_55' title='bbox 1059 958 1141 1022; x_wconf 83' lang='lat' dir='ltr'><strong>ad</strong></span> <span class='ocrx_word' id='word_1_56' title='bbox 1180 957 1525 1021; x_wconf 87' lang='lat' dir='ltr'><strong>secundam</strong></span> <span class='ocrx_word' id='word_1_57' title='bbox 1552 957 1730 1020; x_wconf 87' lang='lat' dir='ltr'><strong>illam</strong></span> <span class='ocrx_word' id='word_1_58' title='bbox 1768 958 2226 1023; x_wconf 87' lang='lat' dir='ltr'><strong>indicationem</strong></span> <span class='ocrx_word' id='word_1_59' title='bbox 2263 959 2494 1043; x_wconf 90' lang='lat' dir='ltr'><strong>pedem</strong></span> 
     </span>
     <span class='ocr_line' id='line_1_8' title="bbox 282 1060 2490 1153; baseline 0 -28"><span class='ocrx_word' id='word_1_60' title='bbox 282 1084 791 1145; x_wconf 87' lang='lat' dir='ltr'><strong>promoveamus,</strong></span> <span class='ocrx_word' id='word_1_61' title='bbox 842 1062 925 1125; x_wconf 86' lang='lat' dir='ltr'><strong>ad</strong></span> <span class='ocrx_word' id='word_1_62' title='bbox 978 1068 1237 1145; x_wconf 86' lang='lat' dir='ltr'><strong>tempus</strong></span> <span class='ocrx_word' id='word_1_63' title='bbox 1286 1060 1662 1153; x_wconf 72' lang='lat' dir='ltr'><strong>eapulsionis</strong></span> <span class='ocrx_word' id='word_1_64' title='bbox 1719 1060 2302 1139; x_wconf 76' lang='lat' dir='ltr'><strong>accommodatam5</strong></span> <span class='ocrx_word' id='word_1_65' title='bbox 2363 1084 2490 1144; x_wconf 91' lang='lat' dir='ltr'><strong>quo</strong></span> 
     </span>
     <span class='ocr_line' id='line_1_9' title="bbox 282 1160 2488 1248; baseline -0.001 -19"><span class='ocrx_word' id='word_1_66' title='bbox 282 1174 573 1248; x_wconf 87' lang='lat' dir='ltr'><strong>tempore</strong></span> <span class='ocrx_word' id='word_1_67' title='bbox 617 1165 887 1229; x_wconf 89' lang='lat' dir='ltr'><strong>materia</strong></span> <span class='ocrx_word' id='word_1_68' title='bbox 925 1170 1217 1247; x_wconf 86' lang='lat' dir='ltr'><strong>separata</strong></span> <span class='ocrx_word' id='word_1_69' title='bbox 1258 1182 1598 1245; x_wconf 84' lang='lat' dir='ltr'><strong>parvorum</strong></span> <span class='ocrx_word' id='word_1_70' title='bbox 1643 1160 2074 1242; x_wconf 87' lang='lat' dir='ltr'><strong>abscessuum,</strong></span> <span class='ocrx_word' id='word_1_71' title='bbox 2107 1164 2236 1227; x_wconf 78' lang='lat' dir='ltr'><strong>sive</strong></span> <span class='ocrx_word' id='word_1_72' title='bbox 2265 1173 2488 1247; x_wconf 89' lang='lat' dir='ltr'><strong>pustu-</strong></span> 
     </span>
     <span class='ocr_line' id='line_1_10' title="bbox 282 1261 2488 1351; baseline 0 -22"><span class='ocrx_word' id='word_1_73' title='bbox 282 1267 511 1346; x_wconf 81' lang='lat' dir='ltr'><strong>larum,</strong></span> <span class='ocrx_word' id='word_1_74' title='bbox 536 1289 656 1351; x_wconf 95' lang='lat' dir='ltr'><strong>ope</strong></span> <span class='ocrx_word' id='word_1_75' title='bbox 678 1266 1062 1331; x_wconf 85' lang='lat' dir='ltr'><strong>amandatur</strong></span> <span class='ocrx_word' id='word_1_76' title='bbox 1084 1271 1275 1347; x_wconf 88' lang='lat' dir='ltr'><strong>atque</strong></span> <span class='ocrx_word' id='word_1_77' title='bbox 1306 1261 1686 1345; x_wconf 45' lang='lat' dir='ltr'><strong>expellitur,</strong></span> <span class='ocrx_word' id='word_1_78' title='bbox 1709 1283 1942 1347; x_wconf 88' lang='lat' dir='ltr'><strong>nempe</strong></span> <span class='ocrx_word' id='word_1_79' title='bbox 1971 1264 2134 1328; x_wconf 90' lang='lat' dir='ltr'><strong>illud</strong></span> <span class='ocrx_word' id='word_1_80' title='bbox 2158 1266 2264 1328; x_wconf 86' lang='lat' dir='ltr'><strong>hic</strong></span> <span class='ocrx_word' id='word_1_81' title='bbox 2293 1288 2488 1349; x_wconf 83' lang='lat' dir='ltr'><strong>agen-</strong></span> 
     </span>
     <span class='ocr_line' id='line_1_11' title="bbox 282 1365 2487 1452; baseline -0 -18"><span class='ocrx_word' id='word_1_82' title='bbox 282 1370 443 1434; x_wconf 88' lang='lat' dir='ltr'><strong>dum</strong></span> <span class='ocrx_word' id='word_1_83' title='bbox 472 1378 589 1449; x_wconf 90' lang='lat' dir='ltr'><strong>est,</strong></span> <span class='ocrx_word' id='word_1_84' title='bbox 612 1378 689 1433; x_wconf 90' lang='lat' dir='ltr'><strong>ut</strong></span> <span class='ocrx_word' id='word_1_85' title='bbox 718 1370 1013 1452; x_wconf 80' lang='lat' dir='ltr'><strong>pustulae</strong></span> <span class='ocrx_word' id='word_1_86' title='bbox 1042 1368 1259 1432; x_wconf 89' lang='lat' dir='ltr'><strong>debito</strong></span> <span class='ocrx_word' id='word_1_87' title='bbox 1286 1365 1476 1431; x_wconf 92' lang='lat' dir='ltr'><strong>modo</strong></span> <span class='ocrx_word' id='word_1_88' title='bbox 1508 1366 1967 1445; x_wconf 71' lang='lat' dir='ltr'><strong>sustineantur,</strong></span> <span class='ocrx_word' id='word_1_89' title='bbox 1991 1388 2118 1451; x_wconf 92' lang='lat' dir='ltr'><strong>quo</strong></span> <span class='ocrx_word' id='word_1_90' title='bbox 2138 1369 2264 1433; x_wconf 89' lang='lat' dir='ltr'><strong>rite</strong></span> <span class='ocrx_word' id='word_1_91' title='bbox 2292 1376 2487 1452; x_wconf 89' lang='lat' dir='ltr'><strong>atque</strong></span> 
     </span>
     <span class='ocr_line' id='line_1_12' title="bbox 281 1469 1759 1553; baseline -0.003 -18"><span class='ocrx_word' id='word_1_92' title='bbox 281 1471 509 1535; x_wconf 86' lang='lat' dir='ltr'><strong>ordine</strong></span> <span class='ocrx_word' id='word_1_93' title='bbox 538 1471 923 1535; x_wconf 85' lang='lat' dir='ltr'><strong>destinatam</strong></span> <span class='ocrx_word' id='word_1_94' title='bbox 952 1469 1287 1553; x_wconf 88' lang='lat' dir='ltr'><strong>periodum</strong></span> <span class='ocrx_word' id='word_1_95' title='bbox 1316 1475 1759 1551; x_wconf 77' lang='lat' dir='ltr'><strong>assequantur.</strong></span> 
     </span>
    </p>

    <p class='ocr_par' dir='ltr' id='par_1_4' title="bbox 276 1569 2786 1861">
     <span class='ocr_line' id='line_1_13' title="bbox 378 1569 2754 1656; baseline 0.001 -20"><span class='ocrx_word' id='word_1_96' title='bbox 378 1573 545 1656; x_wconf 87' lang='lat'><strong>[38.]</strong></span> <span class='ocrx_word' id='word_1_97' title='bbox 604 1573 787 1637; x_wconf 87' lang='lat' dir='ltr'><strong>Sicut</strong></span> <span class='ocrx_word' id='word_1_98' title='bbox 836 1573 1053 1655; x_wconf 84' lang='lat' dir='ltr'><strong>itaque</strong></span> <span class='ocrx_word' id='word_1_99' title='bbox 1098 1592 1291 1655; x_wconf 88' lang='lat' dir='ltr'><strong>supra</strong></span> <span class='ocrx_word' id='word_1_100' title='bbox 1340 1570 1493 1635; x_wconf 87' lang='lat' dir='ltr'><strong>satis</strong></span> <span class='ocrx_word' id='word_1_101' title='bbox 1550 1570 1650 1651; x_wconf 87' lang='lat' dir='ltr'><strong>(ut</strong></span> <span class='ocrx_word' id='word_1_102' title='bbox 1693 1569 1962 1653; x_wconf 86' lang='lat' dir='ltr'><strong>opinor,)</strong></span> <span class='ocrx_word' id='word_1_103' title='bbox 2013 1576 2343 1637; x_wconf 84' lang='lat' dir='ltr'><strong>ostensum</strong></span> <span class='ocrx_word' id='word_1_104' title='bbox 2387 1580 2486 1637; x_wconf 90' lang='lat' dir='ltr'><strong>est</strong></span> <span class='ocrx_word' id='word_1_105' title='bbox 2511 1588 2754 1653; x_wconf 78' lang='lat' dir='ltr'><strong>Regimen</strong></span> 
     </span>
     <span class='ocr_line' id='line_1_14' title="bbox 276 1654 2734 1767; baseline 0 -28"><span class='ocrx_word' id='word_1_106' title='bbox 276 1676 594 1759; x_wconf 81' lang='lat' dir='ltr'><strong>imprimis</strong></span> <span class='ocrx_word' id='word_1_107' title='bbox 620 1675 1049 1759; x_wconf 85' lang='lat' dir='ltr'><strong>periculosum</strong></span> <span class='ocrx_word' id='word_1_108' title='bbox 1078 1695 1215 1739; x_wconf 90' lang='lat' dir='ltr'><strong>esse</strong></span> <span class='ocrx_word' id='word_1_109' title='bbox 1245 1674 1299 1736; x_wconf 86' lang='lat' dir='ltr'><strong>si</strong></span> <span class='ocrx_word' id='word_1_110' title='bbox 1328 1694 1517 1757; x_wconf 83' lang='lat' dir='ltr'><strong>aeger</strong></span> <span class='ocrx_word' id='word_1_111' title='bbox 1543 1674 1867 1757; x_wconf 82' lang='lat' dir='ltr'><strong>praesenti</strong></span> <span class='ocrx_word' id='word_1_112' title='bbox 1893 1673 2090 1753; x_wconf 88' lang='lat' dir='ltr'><strong>febre,</strong></span> <span class='ocrx_word' id='word_1_113' title='bbox 2115 1683 2183 1739; x_wconf 90' lang='lat' dir='ltr'><strong>at</strong></span> <span class='ocrx_word' id='word_1_114' title='bbox 2210 1677 2484 1759; x_wconf 89' lang='lat' dir='ltr'><strong>pustulis</strong></span> <span class='ocrx_word' id='word_1_115' title='bbox 2508 1654 2734 1767; x_wconf 44' lang='lat'><strong>33³3-</strong></span> 
     </span>
     <span class='ocr_line' id='line_1_15' title="bbox 278 1776 2786 1861; baseline 0 -20"><span class='ocrx_word' id='word_1_116' title='bbox 278 1777 385 1841; x_wconf 81' lang='lat' dir='ltr'><strong>vix</strong></span> <span class='ocrx_word' id='word_1_117' title='bbox 437 1778 593 1841; x_wconf 89' lang='lat' dir='ltr'><strong>dum</strong></span> <span class='ocrx_word' id='word_1_118' title='bbox 651 1776 1124 1861; x_wconf 84' lang='lat' dir='ltr'><strong>apparentibus,</strong></span> <span class='ocrx_word' id='word_1_119' title='bbox 1169 1776 1241 1839; x_wconf 91' lang='lat' dir='ltr'><strong>in</strong></span> <span class='ocrx_word' id='word_1_120' title='bbox 1282 1776 1421 1858; x_wconf 88' lang='lat' dir='ltr'><strong>ipso</strong></span> <span class='ocrx_word' id='word_1_121' title='bbox 1470 1776 1829 1839; x_wconf 69' lang='lat' dir='ltr'><strong>secretionis</strong></span> <span class='ocrx_word' id='word_1_122' title='bbox 1870 1782 2157 1859; x_wconf 90' lang='lat' dir='ltr'><strong>tempore</strong></span> <span class='ocrx_word' id='word_1_123' title='bbox 2205 1778 2482 1841; x_wconf 88' lang='lat' dir='ltr'><strong>nimium</strong></span> <span class='ocrx_word' id='word_1_124' title='bbox 2508 1789 2613 1829; x_wconf 88' lang='lat' dir='ltr'><strong>tum</strong></span> <span class='ocrx_word' id='word_1_125' title='bbox 2631 1799 2786 1833; x_wconf 75' lang='lat' dir='ltr'><strong>seere-</strong></span> 
     </span>
    </p>
   </div>
   <div class='ocr_carea' id='block_1_3' title="bbox 182 1851 2790 3195">
    <p class='ocr_par' dir='ltr' id='par_1_5' title="bbox 276 1851 2790 2371">
     <span class='ocr_line' id='line_1_16' title="bbox 278 1851 2773 1971; baseline 0 -27"><span class='ocrx_word' id='word_1_126' title='bbox 278 1880 565 1959; x_wconf 78' lang='lat' dir='ltr'><strong>calefiat3</strong></span> <span class='ocrx_word' id='word_1_127' title='bbox 610 1880 703 1943; x_wconf 90' lang='lat' dir='ltr'><strong>ita</strong></span> <span class='ocrx_word' id='word_1_128' title='bbox 740 1879 935 1943; x_wconf 88' lang='lat' dir='ltr'><strong>etiam</strong></span> <span class='ocrx_word' id='word_1_129' title='bbox 973 1899 1109 1941; x_wconf 93' lang='lat' dir='ltr'><strong>non</strong></span> <span class='ocrx_word' id='word_1_130' title='bbox 1136 1877 1371 1941; x_wconf 86' lang='lat' dir='ltr'><strong>minori</strong></span> <span class='ocrx_word' id='word_1_131' title='bbox 1398 1877 1680 1960; x_wconf 88' lang='lat' dir='ltr'><strong>periculo</strong></span> <span class='ocrx_word' id='word_1_132' title='bbox 1718 1877 1909 1960; x_wconf 85' lang='lat' dir='ltr'><strong>plena</strong></span> <span class='ocrx_word' id='word_1_133' title='bbox 1935 1898 2037 1943; x_wconf 89' lang='lat' dir='ltr'><strong>res</strong></span> <span class='ocrx_word' id='word_1_134' title='bbox 2077 1886 2193 1957; x_wconf 85' lang='lat' dir='ltr'><strong>est,</strong></span> <span class='ocrx_word' id='word_1_135' title='bbox 2225 1879 2282 1945; x_wconf 88' lang='lat' dir='ltr'><strong>si</strong></span> <span class='ocrx_word' id='word_1_136' title='bbox 2307 1880 2480 1945; x_wconf 92' lang='lat' dir='ltr'><strong>idem</strong></span> <span class='ocrx_word' id='word_1_137' title='bbox 2506 1854 2676 1971; x_wconf 51' lang='lat' dir='ltr'><strong>{¹32¹ssssss</strong></span> <span class='ocrx_word' id='word_1_138' title='bbox 2690 1851 2773 1897; x_wconf 62' lang='lat'><strong>⁸⁶⁶</strong></span> 
     </span>
     <span class='ocr_line' id='line_1_17' title="bbox 282 1976 2789 2065; baseline 0 -20"><span class='ocrx_word' id='word_1_139' title='bbox 282 1983 503 2065; x_wconf 83' lang='lat' dir='ltr'><strong>quovis</strong></span> <span class='ocrx_word' id='word_1_140' title='bbox 540 1982 749 2045; x_wconf 88' lang='lat' dir='ltr'><strong>morbi</strong></span> <span class='ocrx_word' id='word_1_141' title='bbox 790 1988 1077 2064; x_wconf 90' lang='lat' dir='ltr'><strong>tempore</strong></span> <span class='ocrx_word' id='word_1_142' title='bbox 1104 1980 1238 2058; x_wconf 84' lang='lat' dir='ltr'><strong>fiat,</strong></span> <span class='ocrx_word' id='word_1_143' title='bbox 1269 1988 1463 2063; x_wconf 90' lang='lat' dir='ltr'><strong>atque</strong></span> <span class='ocrx_word' id='word_1_144' title='bbox 1498 1980 1612 2042; x_wconf 89' lang='lat' dir='ltr'><strong>illo</strong></span> <span class='ocrx_word' id='word_1_145' title='bbox 1653 1981 2028 2063; x_wconf 84' lang='lat' dir='ltr'><strong>praesertim</strong></span> <span class='ocrx_word' id='word_1_146' title='bbox 2055 1981 2228 2064; x_wconf 70' lang='lat' dir='ltr'><strong>quod</strong></span> <span class='ocrx_word' id='word_1_147' title='bbox 2255 1982 2338 2045; x_wconf 86' lang='lat' dir='ltr'><strong>ad</strong></span> <span class='ocrx_word' id='word_1_148' title='bbox 2373 2004 2478 2047; x_wconf 85' lang='lat' dir='ltr'><strong>ex·</strong></span> <span class='ocrx_word' id='word_1_149' title='bbox 2503 1976 2789 2053; x_wconf 58' lang='lat' dir='ltr'><strong>morbigem-</strong></span> 
     </span>
     <span class='ocr_line' id='line_1_18' title="bbox 276 2050 2790 2167; baseline 0.003 -21"><span class='ocrx_word' id='word_1_150' title='bbox 276 2084 589 2167; x_wconf 84' lang='lat' dir='ltr'><strong>pulsionis</strong></span> <span class='ocrx_word' id='word_1_151' title='bbox 630 2084 893 2148; x_wconf 88' lang='lat' dir='ltr'><strong>initium</strong></span> <span class='ocrx_word' id='word_1_152' title='bbox 934 2083 1160 2166; x_wconf 85' lang='lat' dir='ltr'><strong>vergit,</strong></span> <span class='ocrx_word' id='word_1_153' title='bbox 1206 2082 1417 2145; x_wconf 86' lang='lat' dir='ltr'><strong>crudis</strong></span> <span class='ocrx_word' id='word_1_154' title='bbox 1461 2082 1671 2145; x_wconf 85' lang='lat' dir='ltr'><strong>adhuc</strong></span> <span class='ocrx_word' id='word_1_155' title='bbox 1716 2082 2136 2147; x_wconf 82' lang='lat' dir='ltr'><strong>existentibus</strong></span> <span class='ocrx_word' id='word_1_156' title='bbox 2181 2085 2476 2166; x_wconf 79' lang='lat' dir='ltr'><strong>pustulis.</strong></span> <span class='ocrx_word' id='word_1_157' title='bbox 2503 2054 2622 2151; x_wconf 42' lang='lat' dir='ltr'><strong>{oux}</strong></span> <span class='ocrx_word' id='word_1_158' title='bbox 2632 2050 2790 2162; x_wconf 46' lang='lat'>{¹3¹¹-</span> 
     </span>
     <span class='ocr_line' id='line_1_19' title="bbox 280 2172 2684 2281; baseline 0 -31"><span class='ocrx_word' id='word_1_159' title='bbox 280 2185 589 2251; x_wconf 76' lang='lat' dir='ltr'><strong>Quamvis</strong></span> <span class='ocrx_word' id='word_1_160' title='bbox 634 2187 808 2250; x_wconf 87' lang='lat' dir='ltr'><strong>enim</strong></span> <span class='ocrx_word' id='word_1_161' title='bbox 852 2184 1132 2268; x_wconf 82' lang='lat' dir='ltr'><strong>sanguis,</strong></span> <span class='ocrx_word' id='word_1_162' title='bbox 1162 2189 1421 2267; x_wconf 87' lang='lat' dir='ltr'><strong>peracta</strong></span> <span class='ocrx_word' id='word_1_163' title='bbox 1455 2184 1594 2267; x_wconf 85' lang='lat' dir='ltr'><strong>jam</strong></span> <span class='ocrx_word' id='word_1_164' title='bbox 1637 2184 2053 2266; x_wconf 83' lang='lat' dir='ltr'><strong>separatione,</strong></span> <span class='ocrx_word' id='word_1_165' title='bbox 2085 2192 2278 2268; x_wconf 86' lang='lat' dir='ltr'><strong>atque</strong></span> <span class='ocrx_word' id='word_1_166' title='bbox 2319 2187 2478 2251; x_wconf 90' lang='lat' dir='ltr'><strong>rele-</strong></span> <span class='ocrx_word' id='word_1_167' title='bbox 2505 2183 2602 2281; x_wconf 55' lang='lat'><strong>23</strong></span> <span class='ocrx_word' id='word_1_168' title='bbox 2624 2172 2684 2219; x_wconf 73' lang='lat'><strong>‘³⁰</strong></span> 
     </span>
     <span class='ocr_line' id='line_1_20' title="bbox 276 2252 2661 2371; baseline 0.001 -20"><span class='ocrx_word' id='word_1_169' title='bbox 276 2294 431 2370; x_wconf 83' lang='lat' dir='ltr'><strong>gata</strong></span> <span class='ocrx_word' id='word_1_170' title='bbox 446 2288 529 2351; x_wconf 85' lang='lat' dir='ltr'><strong>ad</strong></span> <span class='ocrx_word' id='word_1_171' title='bbox 544 2308 839 2352; x_wconf 83' lang='lat' dir='ltr'><strong>carnosas</strong></span> <span class='ocrx_word' id='word_1_172' title='bbox 856 2296 1069 2371; x_wconf 86' lang='lat' dir='ltr'><strong>partes</strong></span> <span class='ocrx_word' id='word_1_173' title='bbox 1086 2288 1371 2364; x_wconf 85' lang='lat' dir='ltr'><strong>materia,</strong></span> <span class='ocrx_word' id='word_1_174' title='bbox 1392 2286 1471 2349; x_wconf 91' lang='lat' dir='ltr'><strong>ab</strong></span> <span class='ocrx_word' id='word_1_175' title='bbox 1492 2286 1848 2350; x_wconf 77' lang='lat' dir='ltr'><strong>intestino¹¹¹</strong></span> <span class='ocrx_word' id='word_1_176' title='bbox 1870 2286 2158 2350; x_wconf 83' lang='lat' dir='ltr'><strong>tumultu</strong></span> <span class='ocrx_word' id='word_1_177' title='bbox 2173 2310 2480 2371; x_wconf 84' lang='lat' dir='ltr'><strong>magnam</strong></span> <span class='ocrx_word' id='word_1_178' title='bbox 2597 2252 2661 2285; x_wconf 43' lang='grc' dir='ltr'><strong>δι’</strong></span> 
     </span>
    </p>

    <p class='ocr_par' dir='ltr' id='par_1_6' title="bbox 182 2390 2477 2475">
     <span class='ocr_line' id='line_1_21' title="bbox 182 2390 2477 2475; baseline 0 -20"><span class='ocrx_word' id='word_1_179' title='bbox 182 2464 191 2470; x_wconf 45' lang='lat'><strong>,</strong></span> <span class='ocrx_word' id='word_1_180' title='bbox 270 2399 527 2475; x_wconf 87' lang='lat' dir='ltr'><strong>partem</strong></span> <span class='ocrx_word' id='word_1_181' title='bbox 554 2392 861 2455; x_wconf 85' lang='lat' dir='ltr'><strong>immunis</strong></span> <span class='ocrx_word' id='word_1_182' title='bbox 892 2392 993 2470; x_wconf 90' lang='lat' dir='ltr'><strong>sit,</strong></span> <span class='ocrx_word' id='word_1_183' title='bbox 1016 2391 1279 2455; x_wconf 88' lang='lat' dir='ltr'><strong>interim</strong></span> <span class='ocrx_word' id='word_1_184' title='bbox 1304 2398 1527 2453; x_wconf 89' lang='lat' dir='ltr'><strong>tamen</strong></span> <span class='ocrx_word' id='word_1_185' title='bbox 1553 2397 1742 2455; x_wconf 88' lang='lat' dir='ltr'><strong>tener</strong></span> <span class='ocrx_word' id='word_1_186' title='bbox 1769 2390 1978 2453; x_wconf 89' lang='lat' dir='ltr'><strong>adhue</strong></span> <span class='ocrx_word' id='word_1_187' title='bbox 2003 2412 2370 2475; x_wconf 86' lang='lat' dir='ltr'><strong>recensque,</strong></span> <span class='ocrx_word' id='word_1_188' title='bbox 2403 2414 2477 2455; x_wconf 88' lang='lat' dir='ltr'><strong>ac</strong></span> 
     </span>
    </p>

    <p class='ocr_par' dir='ltr' id='par_1_7' title="bbox 272 2491 2476 2579">
     <span class='ocr_line' id='line_1_22' title="bbox 272 2491 2476 2579; baseline 0.001 -21"><span class='ocrx_word' id='word_1_189' title='bbox 272 2495 381 2558; x_wconf 83' lang='lat' dir='ltr'><strong>vix</strong></span> <span class='ocrx_word' id='word_1_190' title='bbox 411 2516 576 2559; x_wconf 85' lang='lat' dir='ltr'><strong>novo</strong></span> <span class='ocrx_word' id='word_1_191' title='bbox 604 2500 780 2559; x_wconf 90' lang='lat' dir='ltr'><strong>statu</strong></span> <span class='ocrx_word' id='word_1_192' title='bbox 808 2500 875 2559; x_wconf 90' lang='lat' dir='ltr'><strong>et</strong></span> <span class='ocrx_word' id='word_1_193' title='bbox 906 2493 1085 2578; x_wconf 89' lang='lat' dir='ltr'><strong>quasi</strong></span> <span class='ocrx_word' id='word_1_194' title='bbox 1115 2498 1366 2558; x_wconf 73' lang='lat' dir='ltr'><strong>textura</strong></span> <span class='ocrx_word' id='word_1_195' title='bbox 1391 2492 1679 2571; x_wconf 87' lang='lat' dir='ltr'><strong>indutus,</strong></span> <span class='ocrx_word' id='word_1_196' title='bbox 1711 2491 1988 2574; x_wconf 71' lang='grc' dir='ltr'>εὐπειθής·</span> <span class='ocrx_word' id='word_1_197' title='bbox 2022 2501 2138 2573; x_wconf 89' lang='lat' dir='ltr'><strong>est,</strong></span> <span class='ocrx_word' id='word_1_198' title='bbox 2165 2494 2476 2579; x_wconf 86' lang='lat' dir='ltr'><strong>facileque</strong></span> 
     </span>
    </p>

    <p class='ocr_par' dir='ltr' id='par_1_8' title="bbox 270 2597 2476 2683">
     <span class='ocr_line' id='line_1_23' title="bbox 270 2597 2476 2683; baseline 0.001 -21"><span class='ocrx_word' id='word_1_199' title='bbox 270 2599 337 2662; x_wconf 81' lang='lat' dir='ltr'><strong>vi</strong></span> <span class='ocrx_word' id='word_1_200' title='bbox 396 2599 621 2664; x_wconf 85' lang='lat' dir='ltr'><strong>caloris</strong></span> <span class='ocrx_word' id='word_1_201' title='bbox 658 2599 983 2663; x_wconf 79' lang='lat' dir='ltr'><strong>immodici</strong></span> <span class='ocrx_word' id='word_1_202' title='bbox 1024 2598 1454 2681; x_wconf 87' lang='lat' dir='ltr'><strong>undecunque</strong></span> <span class='ocrx_word' id='word_1_203' title='bbox 1498 2597 1872 2680; x_wconf 87' lang='lat' dir='ltr'><strong>appellentis</strong></span> <span class='ocrx_word' id='word_1_204' title='bbox 1929 2598 2236 2677; x_wconf 72' lang='lat' dir='ltr'><strong>afficitur,</strong></span> <span class='ocrx_word' id='word_1_205' title='bbox 2283 2606 2476 2683; x_wconf 88' lang='lat' dir='ltr'><strong>atque</strong></span> 
     </span>
    </p>

    <p class='ocr_par' dir='ltr' id='par_1_9' title="bbox 272 2701 2475 2784">
     <span class='ocr_line' id='line_1_24' title="bbox 272 2701 2475 2784; baseline 0 -18"><span class='ocrx_word' id='word_1_206' title='bbox 272 2703 435 2766; x_wconf 82' lang='lat' dir='ltr'><strong>adeo</strong></span> <span class='ocrx_word' id='word_1_207' title='bbox 480 2702 797 2766; x_wconf 78' lang='lat' dir='ltr'><strong>levissimo</strong></span> <span class='ocrx_word' id='word_1_208' title='bbox 846 2710 1177 2765; x_wconf 85' lang='lat' dir='ltr'><strong>momento</strong></span> <span class='ocrx_word' id='word_1_209' title='bbox 1224 2701 1513 2763; x_wconf 86' lang='lat' dir='ltr'><strong>irritatus</strong></span> <span class='ocrx_word' id='word_1_210' title='bbox 1564 2701 1890 2762; x_wconf 86' lang='lat' dir='ltr'><strong>flammam</strong></span> <span class='ocrx_word' id='word_1_211' title='bbox 1935 2701 2231 2784; x_wconf 84' lang='lat' dir='ltr'><strong>concipit,</strong></span> <span class='ocrx_word' id='word_1_212' title='bbox 2285 2710 2350 2767; x_wconf 90' lang='lat' dir='ltr'><strong>et</strong></span> <span class='ocrx_word' id='word_1_213' title='bbox 2402 2705 2475 2766; x_wconf 93' lang='lat' dir='ltr'><strong>in</strong></span> 
     </span>
    </p>

    <p class='ocr_par' dir='ltr' id='par_1_10' title="bbox 274 2803 2476 2888">
     <span class='ocr_line' id='line_1_25' title="bbox 274 2803 2476 2888; baseline 0.001 -20"><span class='ocrx_word' id='word_1_214' title='bbox 274 2827 510 2870; x_wconf 82' lang='lat' dir='ltr'><strong>novam</strong></span> <span class='ocrx_word' id='word_1_215' title='bbox 538 2805 976 2869; x_wconf 88' lang='lat' dir='ltr'><strong>ebullitionem</strong></span> <span class='ocrx_word' id='word_1_216' title='bbox 1003 2803 1295 2888; x_wconf 85' lang='lat' dir='ltr'><strong>proclivis</strong></span> <span class='ocrx_word' id='word_1_217' title='bbox 1333 2811 1465 2880; x_wconf 82' lang='lat' dir='ltr'><strong>est,-</strong></span> <span class='ocrx_word' id='word_1_218' title='bbox 1514 2823 1678 2885; x_wconf 85' lang='lat' dir='ltr'><strong>quae</strong></span> <span class='ocrx_word' id='word_1_219' title='bbox 1706 2803 1965 2886; x_wconf 89' lang='lat' dir='ltr'><strong>quidem</strong></span> <span class='ocrx_word' id='word_1_220' title='bbox 1992 2824 2159 2866; x_wconf 86' lang='lat' dir='ltr'><strong>nova</strong></span> <span class='ocrx_word' id='word_1_221' title='bbox 2187 2805 2476 2871; x_wconf 89' lang='lat' dir='ltr'><strong>ebullitio</strong></span> 
     </span>
    </p>

    <p class='ocr_par' dir='ltr' id='par_1_11' title="bbox 270 2905 2476 3095">
     <span class='ocr_line' id='line_1_26' title="bbox 272 2905 2476 2992; baseline 0.001 -20"><span class='ocrx_word' id='word_1_222' title='bbox 272 2931 430 2987; x_wconf 91' lang='lat' dir='ltr'><strong>non,</strong></span> <span class='ocrx_word' id='word_1_223' title='bbox 474 2908 573 2972; x_wconf 88' lang='lat' dir='ltr'><strong>uti</strong></span> <span class='ocrx_word' id='word_1_224' title='bbox 605 2908 781 2991; x_wconf 85' lang='lat' dir='ltr'><strong>prior</strong></span> <span class='ocrx_word' id='word_1_225' title='bbox 823 2909 951 2986; x_wconf 85' lang='lat' dir='ltr'><strong>illa,</strong></span> <span class='ocrx_word' id='word_1_226' title='bbox 984 2907 1449 2990; x_wconf 85' lang='lat' dir='ltr'><strong>separationem</strong></span> <span class='ocrx_word' id='word_1_227' title='bbox 1489 2907 1628 2989; x_wconf 87' lang='lat' dir='ltr'><strong>jam</strong></span> <span class='ocrx_word' id='word_1_228' title='bbox 1671 2905 1954 2985; x_wconf 89' lang='lat' dir='ltr'><strong>molitur,</strong></span> <span class='ocrx_word' id='word_1_229' title='bbox 2003 2906 2200 2988; x_wconf 87' lang='lat' dir='ltr'><strong>(illam</strong></span> <span class='ocrx_word' id='word_1_230' title='bbox 2240 2909 2476 2992; x_wconf 91' lang='lat' dir='ltr'><strong>quippe</strong></span> 
     </span>
     <span class='ocr_line' id='line_1_27' title="bbox 270 3008 2472 3095; baseline 0.001 -22"><span class='ocrx_word' id='word_1_231' title='bbox 270 3017 599 3093; x_wconf 86' lang='lat' dir='ltr'><strong>peractam</strong></span> <span class='ocrx_word' id='word_1_232' title='bbox 629 3009 1089 3092; x_wconf 87' lang='lat' dir='ltr'><strong>supponimus,)</strong></span> <span class='ocrx_word' id='word_1_233' title='bbox 1123 3029 1343 3072; x_wconf 85' lang='lat' dir='ltr'><strong>verum</strong></span> <span class='ocrx_word' id='word_1_234' title='bbox 1371 3008 1541 3070; x_wconf 82' lang='lat' dir='ltr'><strong>illius</strong></span> <span class='ocrx_word' id='word_1_235' title='bbox 1574 3009 1714 3071; x_wconf 88' lang='lat' dir='ltr'><strong>loco</strong></span> <span class='ocrx_word' id='word_1_236' title='bbox 1743 3029 1876 3071; x_wconf 91' lang='lat' dir='ltr'><strong>non</strong></span> <span class='ocrx_word' id='word_1_237' title='bbox 1905 3015 2162 3072; x_wconf 90' lang='lat' dir='ltr'><strong>tantum</strong></span> <span class='ocrx_word' id='word_1_238' title='bbox 2192 3019 2472 3095; x_wconf 87' lang='lat' dir='ltr'><strong>sympto-</strong></span> 
     </span>
    </p>

    <p class='ocr_par' dir='ltr' id='par_1_12' title="bbox 274 3110 2474 3195">
     <span class='ocr_line' id='line_1_28' title="bbox 274 3110 2474 3195; baseline 0.001 -19"><span class='ocrx_word' id='word_1_239' title='bbox 274 3119 451 3176; x_wconf 88' lang='lat' dir='ltr'><strong>mata</strong></span> <span class='ocrx_word' id='word_1_240' title='bbox 482 3112 769 3194; x_wconf 90' lang='lat' dir='ltr'><strong>superius</strong></span> <span class='ocrx_word' id='word_1_241' title='bbox 808 3117 1160 3176; x_wconf 89' lang='lat' dir='ltr'><strong>memorata</strong></span> <span class='ocrx_word' id='word_1_242' title='bbox 1189 3111 1441 3189; x_wconf 87' lang='lat' dir='ltr'><strong>excitat,</strong></span> <span class='ocrx_word' id='word_1_243' title='bbox 1472 3110 1584 3173; x_wconf 90' lang='lat' dir='ltr'><strong>sed</strong></span> <span class='ocrx_word' id='word_1_244' title='bbox 1625 3119 1690 3174; x_wconf 87' lang='lat' dir='ltr'><strong>et</strong></span> <span class='ocrx_word' id='word_1_245' title='bbox 1720 3119 2009 3193; x_wconf 85' lang='lat' dir='ltr'><strong>coeptam</strong></span> <span class='ocrx_word' id='word_1_246' title='bbox 2036 3133 2151 3194; x_wconf 92' lang='lat' dir='ltr'><strong>per</strong></span> <span class='ocrx_word' id='word_1_247' title='bbox 2182 3115 2474 3195; x_wconf 87' lang='lat' dir='ltr'><strong>pustulas</strong></span> 
     </span>
    </p>
   </div>
   <div class='ocr_carea' id='block_1_4' title="bbox 2517 730 2798 740">
    <p class='ocr_par' dir='ltr' id='par_1_13' title="bbox 2517 730 2798 740">
     <span class='ocr_line' id='line_1_29' title="bbox 2517 730 2798 740; baseline 0 4266"><span class='ocrx_word' id='word_1_248' title='bbox 2517 730 2798 740; x_wconf 95' lang='lat' dir='ltr'><strong> </strong></span> 
     </span>
    </p>
   </div>
   <div class='ocr_carea' id='block_1_5' title="bbox 264 3313 2780 4209">
    <p class='ocr_par' dir='ltr' id='par_1_14' title="bbox 273 3313 2474 3440">
     <span class='ocr_line' id='line_1_30' title="bbox 273 3313 2474 3378; baseline 0.002 -17"><span class='ocrx_word' id='word_1_249' title='bbox 273 3315 447 3361; x_wconf 74' lang='lat' dir='ltr'><strong>ratimai</strong></span> <span class='ocrx_word' id='word_1_250' title='bbox 488 3321 829 3362; x_wconf 79' lang='lat' dir='ltr'><strong>consentaneum</strong></span> <span class='ocrx_word' id='word_1_251' title='bbox 864 3315 969 3368; x_wconf 85' lang='lat' dir='ltr'><strong>erit,</strong></span> <span class='ocrx_word' id='word_1_252' title='bbox 1005 3319 1058 3359; x_wconf 77' lang='lat' dir='ltr'><strong>at</strong></span> <span class='ocrx_word' id='word_1_253' title='bbox 1094 3313 1332 3360; x_wconf 81' lang='lat' dir='ltr'><strong>commodis</strong></span> <span class='ocrx_word' id='word_1_254' title='bbox 1417 3313 1547 3368; x_wconf 80' lang='lat' dir='ltr'><strong>situs,</strong></span> <span class='ocrx_word' id='word_1_255' title='bbox 1593 3319 1641 3358; x_wconf 91' lang='lat' dir='ltr'><strong>et</strong></span> <span class='ocrx_word' id='word_1_256' title='bbox 1677 3314 1798 3358; x_wconf 81' lang='lat' dir='ltr'><strong>inter</strong></span> <span class='ocrx_word' id='word_1_257' title='bbox 1834 3314 2018 3372; x_wconf 73' lang='lat' dir='ltr'><strong>genium</strong></span> <span class='ocrx_word' id='word_1_258' title='bbox 2053 3315 2298 3373; x_wconf 77' lang='lat' dir='ltr'><strong>pristinum</strong></span> <span class='ocrx_word' id='word_1_259' title='bbox 2343 3333 2474 3378; x_wconf 79' lang='lat' dir='ltr'><strong>quem</strong></span> 
     </span>
     <span class='ocr_line' id='line_1_31' title="bbox 273 3375 2470 3440; baseline 0.002 -16"><span class='ocrx_word' id='word_1_260' title='bbox 273 3380 545 3438; x_wconf 75' lang='lat' dir='ltr'><strong>quibusdam</strong></span> <span class='ocrx_word' id='word_1_261' title='bbox 579 3379 807 3425; x_wconf 70' lang='lat' dir='ltr'><strong>cardiacis</strong></span> <span class='ocrx_word' id='word_1_262' title='bbox 848 3379 912 3424; x_wconf 81' lang='lat' dir='ltr'><strong>act</strong></span> <span class='ocrx_word' id='word_1_263' title='bbox 940 3379 1124 3424; x_wconf 73' lang='lat' dir='ltr'><strong>eandem</strong></span> <span class='ocrx_word' id='word_1_264' title='bbox 1150 3392 1327 3437; x_wconf 83' lang='lat' dir='ltr'><strong>promo-</strong></span> <span class='ocrx_word' id='word_1_265' title='bbox 1417 3377 1637 3435; x_wconf 74' lang='lat' dir='ltr'><strong>deponere</strong></span> <span class='ocrx_word' id='word_1_266' title='bbox 1659 3375 1767 3436; x_wconf 77' lang='lat' dir='ltr'><strong>jam</strong></span> <span class='ocrx_word' id='word_1_267' title='bbox 1791 3383 1948 3436; x_wconf 80' lang='lat' dir='ltr'><strong>parat,</strong></span> <span class='ocrx_word' id='word_1_268' title='bbox 1972 3393 2216 3440; x_wconf 75' lang='lat' dir='ltr'><strong>novumque</strong></span> <span class='ocrx_word' id='word_1_269' title='bbox 2236 3395 2366 3440; x_wconf 79' lang='lat' dir='ltr'><strong>quem</strong></span> <span class='ocrx_word' id='word_1_270' title='bbox 2398 3387 2470 3428; x_wconf 82' lang='lat' dir='ltr'><strong>in-</strong></span> 
     </span>
    </p>

    <p class='ocr_par' dir='ltr' id='par_1_15' title="bbox 274 3441 2474 3506">
     <span class='ocr_line' id='line_1_32' title="bbox 274 3441 2474 3506; baseline 0.002 -17"><span class='ocrx_word' id='word_1_271' title='bbox 274 3445 467 3489; x_wconf 69' lang='lat' dir='ltr'><strong>cendam</strong></span> <span class='ocrx_word' id='word_1_272' title='bbox 509 3449 705 3490; x_wconf 77' lang='lat' dir='ltr'><strong>utamur.</strong></span> <span class='ocrx_word' id='word_1_273' title='bbox 793 3441 927 3488; x_wconf 87' lang='lat' dir='ltr'><strong>Haec</strong></span> <span class='ocrx_word' id='word_1_274' title='bbox 978 3448 1130 3488; x_wconf 84' lang='lat' dir='ltr'><strong>autem</strong></span> <span class='ocrx_word' id='word_1_275' title='bbox 1181 3456 1330 3487; x_wconf 77' lang='lat' dir='ltr'><strong>eoram</strong></span> <span class='ocrx_word' id='word_1_276' title='bbox 1418 3442 1555 3486; x_wconf 73' lang='lat' dir='ltr'><strong>duero</strong></span> <span class='ocrx_word' id='word_1_277' title='bbox 1604 3442 1763 3501; x_wconf 76' lang='lat' dir='ltr'><strong>gestit,</strong></span> <span class='ocrx_word' id='word_1_278' title='bbox 1809 3444 2094 3497; x_wconf 79' lang='lat' dir='ltr'><strong>constitutus,</strong></span> <span class='ocrx_word' id='word_1_279' title='bbox 2139 3459 2240 3488; x_wconf 83' lang='lat' dir='ltr'><strong>cum</strong></span> <span class='ocrx_word' id='word_1_280' title='bbox 2288 3449 2474 3506; x_wconf 76' lang='lat' dir='ltr'><strong>regredi</strong></span> 
     </span>
    </p>

    <p class='ocr_par' dir='ltr' id='par_1_16' title="bbox 274 3505 2473 3569">
     <span class='ocr_line' id='line_1_33' title="bbox 274 3505 2473 3569; baseline 0.002 -16"><span class='ocrx_word' id='word_1_281' title='bbox 274 3509 471 3553; x_wconf 65' lang='lat' dir='ltr'><strong>masinae</strong></span> <span class='ocrx_word' id='word_1_282' title='bbox 512 3508 709 3553; x_wconf 78' lang='lat' dir='ltr'><strong>conditio</strong></span> <span class='ocrx_word' id='word_1_283' title='bbox 751 3507 946 3560; x_wconf 79' lang='lat' dir='ltr'><strong>videtur,</strong></span> <span class='ocrx_word' id='word_1_284' title='bbox 990 3508 1069 3566; x_wconf 83' lang='lat' dir='ltr'><strong>qui</strong></span> <span class='ocrx_word' id='word_1_285' title='bbox 1112 3505 1183 3551; x_wconf 82' lang='lat' dir='ltr'><strong>vel</strong></span> <span class='ocrx_word' id='word_1_286' title='bbox 1222 3520 1329 3551; x_wconf 79' lang='lat' dir='ltr'><strong>san·</strong></span> <span class='ocrx_word' id='word_1_287' title='bbox 1417 3510 1610 3564; x_wconf 81' lang='lat' dir='ltr'><strong>nequeat</strong></span> <span class='ocrx_word' id='word_1_288' title='bbox 1641 3510 1692 3550; x_wconf 79' lang='lat' dir='ltr'><strong>ut</strong></span> <span class='ocrx_word' id='word_1_289' title='bbox 1713 3506 1946 3564; x_wconf 76' lang='lat' dir='ltr'><strong>antiquum</strong></span> <span class='ocrx_word' id='word_1_290' title='bbox 1968 3508 2185 3562; x_wconf 77' lang='lat' dir='ltr'><strong>obtineat,</strong></span> <span class='ocrx_word' id='word_1_291' title='bbox 2207 3524 2350 3569; x_wconf 83' lang='lat' dir='ltr'><strong>neque</strong></span> <span class='ocrx_word' id='word_1_292' title='bbox 2369 3526 2473 3557; x_wconf 82' lang='lat' dir='ltr'><strong>vero</strong></span> 
     </span>
    </p>

    <p class='ocr_par' dir='ltr' id='par_1_17' title="bbox 270 3566 2472 3634">
     <span class='ocr_line' id='line_1_34' title="bbox 270 3566 2472 3634; baseline 0.001 -18"><span class='ocrx_word' id='word_1_293' title='bbox 270 3573 433 3632; x_wconf 72' lang='lat' dir='ltr'><strong>guinis</strong></span> <span class='ocrx_word' id='word_1_294' title='bbox 466 3573 671 3616; x_wconf 83' lang='lat' dir='ltr'><strong>missione</strong></span> <span class='ocrx_word' id='word_1_295' title='bbox 704 3571 914 3616; x_wconf 73' lang='lat' dir='ltr'><strong>mulctati</strong></span> <span class='ocrx_word' id='word_1_296' title='bbox 934 3567 1089 3628; x_wconf 83' lang='lat' dir='ltr'><strong>fuere,</strong></span> <span class='ocrx_word' id='word_1_297' title='bbox 1120 3569 1191 3615; x_wconf 79' lang='lat' dir='ltr'><strong>vel</strong></span> <span class='ocrx_word' id='word_1_298' title='bbox 1218 3571 1329 3628; x_wconf 81' lang='lat' dir='ltr'><strong>pin·</strong></span> <span class='ocrx_word' id='word_1_299' title='bbox 1415 3583 1528 3627; x_wconf 81' lang='lat' dir='ltr'><strong>prae</strong></span> <span class='ocrx_word' id='word_1_300' title='bbox 1580 3570 1742 3614; x_wconf 79' lang='lat' dir='ltr'><strong>virium</strong></span> <span class='ocrx_word' id='word_1_301' title='bbox 1795 3566 1974 3629; x_wconf 78' lang='lat' dir='ltr'><strong>desecta</strong></span> <span class='ocrx_word' id='word_1_302' title='bbox 2013 3573 2248 3632; x_wconf 80' lang='lat' dir='ltr'><strong>progredi,</strong></span> <span class='ocrx_word' id='word_1_303' title='bbox 2292 3577 2472 3634; x_wconf 75' lang='lat' dir='ltr'><strong>magnis</strong></span> 
     </span>
    </p>

    <p class='ocr_par' dir='ltr' id='par_1_18' title="bbox 264 3628 2780 4145">
     <span class='ocr_line' id='line_1_35' title="bbox 271 3628 2750 3706; baseline 0.002 -26"><span class='ocrx_word' id='word_1_304' title='bbox 271 3637 462 3697; x_wconf 77' lang='lat' dir='ltr'><strong>gaiores</strong></span> <span class='ocrx_word' id='word_1_305' title='bbox 502 3636 573 3680; x_wconf 78' lang='lat' dir='ltr'><strong>vel</strong></span> <span class='ocrx_word' id='word_1_306' title='bbox 622 3629 921 3695; x_wconf 79' lang='lat' dir='ltr'><strong>phlegmatici</strong></span> <span class='ocrx_word' id='word_1_307' title='bbox 971 3640 1092 3688; x_wconf 77' lang='lat' dir='ltr'><strong>sunt,</strong></span> <span class='ocrx_word' id='word_1_308' title='bbox 1137 3633 1209 3679; x_wconf 77' lang='lat' dir='ltr'><strong>cel</strong></span> <span class='ocrx_word' id='word_1_309' title='bbox 1250 3635 1331 3693; x_wconf 79' lang='lat' dir='ltr'><strong>qui</strong></span> <span class='ocrx_word' id='word_1_310' title='bbox 1418 3635 1550 3692; x_wconf 77' lang='lat' dir='ltr'><strong>quasi</strong></span> <span class='ocrx_word' id='word_1_311' title='bbox 1571 3634 1698 3678; x_wconf 79' lang='lat' dir='ltr'><strong>ausis</strong></span> <span class='ocrx_word' id='word_1_312' title='bbox 1717 3628 1921 3687; x_wconf 66' lang='lat' dir='ltr'><strong>excidit,¹</strong></span> <span class='ocrx_word' id='word_1_313' title='bbox 1953 3641 2000 3679; x_wconf 82' lang='lat' dir='ltr'><strong>et</strong></span> <span class='ocrx_word' id='word_1_314' title='bbox 2028 3650 2168 3695; x_wconf 80' lang='lat' dir='ltr'><strong>aeger</strong></span> <span class='ocrx_word' id='word_1_315' title='bbox 2197 3638 2294 3684; x_wconf 78' lang='lat' dir='ltr'><strong>vita</strong></span> <span class='ocrx_word' id='word_1_316' title='bbox 2315 3653 2468 3685; x_wconf 80' lang='lat' dir='ltr'><strong>neces·</strong></span> <span class='ocrx_word' id='word_1_317' title='bbox 2497 3661 2512 3689; x_wconf 85' lang='grc' dir='ltr'><strong>ι</strong></span> <span class='ocrx_word' id='word_1_318' title='bbox 2527 3661 2560 3686; x_wconf 83' lang='lat' dir='ltr'><em>u</em></span> <span class='ocrx_word' id='word_1_319' title='bbox 2577 3659 2636 3706; x_wconf 85' lang='grc' dir='ltr'><strong>Μ</strong></span> <span class='ocrx_word' id='word_1_320' title='bbox 2737 3662 2750 3674; x_wconf 88' lang='grc'><em>·</em></span> 
     </span>
     <span class='ocr_line' id='line_1_36' title="bbox 272 3676 2778 3772; baseline 0.002 -27"><span class='ocrx_word' id='word_1_321' title='bbox 272 3701 427 3746; x_wconf 73' lang='lat' dir='ltr'><strong>morbo</strong></span> <span class='ocrx_word' id='word_1_322' title='bbox 460 3700 615 3759; x_wconf 75' lang='lat' dir='ltr'><strong>atiquo</strong></span> <span class='ocrx_word' id='word_1_323' title='bbox 653 3713 798 3758; x_wconf 79' lang='lat' dir='ltr'><strong>nuper</strong></span> <span class='ocrx_word' id='word_1_324' title='bbox 831 3699 988 3744; x_wconf 85' lang='lat' dir='ltr'><strong>attriti</strong></span> <span class='ocrx_word' id='word_1_325' title='bbox 1012 3694 1227 3758; x_wconf 78' lang='lat' dir='ltr'><strong>suerunt,</strong></span> <span class='ocrx_word' id='word_1_326' title='bbox 1262 3699 1334 3743; x_wconf 82' lang='lat' dir='ltr'><strong>vel</strong></span> <span class='ocrx_word' id='word_1_327' title='bbox 1416 3698 1539 3742; x_wconf 78' lang='lat' dir='ltr'><strong>sario</strong></span> <span class='ocrx_word' id='word_1_328' title='bbox 1546 3695 1787 3758; x_wconf 81' lang='lat' dir='ltr'><strong>fungitur.</strong></span> <span class='ocrx_word' id='word_1_329' title='bbox 1855 3698 2017 3757; x_wconf 81' lang='lat' dir='ltr'><strong>Neque</strong></span> <span class='ocrx_word' id='word_1_330' title='bbox 2047 3701 2230 3746; x_wconf 79' lang='lat' dir='ltr'><strong>interim</strong></span> <span class='ocrx_word' id='word_1_331' title='bbox 2259 3717 2386 3763; x_wconf 83' lang='lat' dir='ltr'><strong>nego,</strong></span> <span class='ocrx_word' id='word_1_332' title='bbox 2420 3705 2470 3750; x_wconf 85' lang='lat' dir='ltr'><strong>in</strong></span> <span class='ocrx_word' id='word_1_333' title='bbox 2495 3676 2778 3772; x_wconf 45' lang='lat' dir='ltr'><strong>tamam?</strong></span> 
     </span>
     <span class='ocr_line' id='line_1_37' title="bbox 272 3759 2722 3836; baseline 0.001 -27"><span class='ocrx_word' id='word_1_334' title='bbox 272 3765 469 3823; x_wconf 77' lang='lat' dir='ltr'><strong>denique</strong></span> <span class='ocrx_word' id='word_1_335' title='bbox 503 3761 578 3822; x_wconf 80' lang='lat' dir='ltr'><strong>(ut</strong></span> <span class='ocrx_word' id='word_1_336' title='bbox 610 3764 787 3822; x_wconf 77' lang='lat' dir='ltr'><strong>reliqna</strong></span> <span class='ocrx_word' id='word_1_337' title='bbox 808 3759 1049 3822; x_wconf 83' lang='lat' dir='ltr'><strong>omittam,)</strong></span> <span class='ocrx_word' id='word_1_338' title='bbox 1087 3763 1167 3820; x_wconf 82' lang='lat' dir='ltr'><strong>qui</strong></span> <span class='ocrx_word' id='word_1_339' title='bbox 1192 3777 1331 3819; x_wconf 84' lang='lat' dir='ltr'><strong>prae-</strong></span> <span class='ocrx_word' id='word_1_340' title='bbox 1417 3762 1515 3819; x_wconf 79' lang='lat' dir='ltr'><strong>ipso</strong></span> <span class='ocrx_word' id='word_1_341' title='bbox 1569 3762 1844 3820; x_wconf 72' lang='lat' dir='ltr'><strong>expulsionis</strong></span> <span class='ocrx_word' id='word_1_342' title='bbox 1899 3769 2110 3821; x_wconf 83' lang='lat' dir='ltr'><strong>tempore,</strong></span> <span class='ocrx_word' id='word_1_343' title='bbox 2154 3780 2240 3824; x_wconf 81' lang='lat' dir='ltr'><strong>quo</strong></span> <span class='ocrx_word' id='word_1_344' title='bbox 2293 3773 2468 3814; x_wconf 84' lang='lat' dir='ltr'><strong>secreta</strong></span> <span class='ocrx_word' id='word_1_345' title='bbox 2493 3788 2613 3835; x_wconf 64' lang='lat' dir='ltr'><strong>cidit</strong></span> <span class='ocrx_word' id='word_1_346' title='bbox 2635 3803 2722 3836; x_wconf 57' lang='lat' dir='ltr'><strong>au-</strong></span> 
     </span>
     <span class='ocr_line' id='line_1_38' title="bbox 272 3827 2764 3913; baseline 0 -39"><span class='ocrx_word' id='word_1_347' title='bbox 272 3829 395 3874; x_wconf 77' lang='lat' dir='ltr'><strong>senti</strong></span> <span class='ocrx_word' id='word_1_348' title='bbox 411 3829 691 3888; x_wconf 66' lang='lat' dir='ltr'><strong>gomorrhaea</strong></span> <span class='ocrx_word' id='word_1_349' title='bbox 712 3833 795 3872; x_wconf 75' lang='lat' dir='ltr'><strong>aut</strong></span> <span class='ocrx_word' id='word_1_350' title='bbox 826 3828 923 3874; x_wconf 79' lang='lat' dir='ltr'><strong>alia</strong></span> <span class='ocrx_word' id='word_1_351' title='bbox 957 3828 1116 3886; x_wconf 79' lang='lat' dir='ltr'><strong>aliqua</strong></span> <span class='ocrx_word' id='word_1_352' title='bbox 1140 3841 1332 3871; x_wconf 75' lang='lat' dir='ltr'><strong>evacua·</strong></span> <span class='ocrx_word' id='word_1_353' title='bbox 1417 3827 1612 3870; x_wconf 79' lang='lat' dir='ltr'><strong>materia</strong></span> <span class='ocrx_word' id='word_1_354' title='bbox 1653 3827 1718 3871; x_wconf 82' lang='lat' dir='ltr'><strong>ad</strong></span> <span class='ocrx_word' id='word_1_355' title='bbox 1754 3829 2122 3884; x_wconf 77' lang='lat' dir='ltr'><strong>suppurationem</strong></span> <span class='ocrx_word' id='word_1_356' title='bbox 2159 3832 2380 3887; x_wconf 80' lang='lat' dir='ltr'><strong>pervenit,</strong></span> <span class='ocrx_word' id='word_1_357' title='bbox 2423 3833 2466 3876; x_wconf 88' lang='lat' dir='ltr'><strong>si</strong></span> <span class='ocrx_word' id='word_1_358' title='bbox 2490 3852 2556 3898; x_wconf 48' lang='grc' dir='ltr'><strong>εἰς</strong></span> <span class='ocrx_word' id='word_1_359' title='bbox 2575 3852 2764 3913; x_wconf 52' lang='lat' dir='ltr'><strong>‚›(03,id</strong></span> 
     </span>
     <span class='ocr_line' id='line_1_39' title="bbox 273 3887 2780 3964; baseline 0.001 -26"><span class='ocrx_word' id='word_1_360' title='bbox 273 3893 396 3938; x_wconf 80' lang='lat' dir='ltr'><strong>tione</strong></span> <span class='ocrx_word' id='word_1_361' title='bbox 442 3892 662 3937; x_wconf 74' lang='lat' dir='ltr'><strong>laborant.</strong></span> <span class='ocrx_word' id='word_1_362' title='bbox 732 3891 825 3936; x_wconf 84' lang='lat' dir='ltr'><strong>His</strong></span> <span class='ocrx_word' id='word_1_363' title='bbox 864 3897 911 3936; x_wconf 84' lang='lat' dir='ltr'><strong>et</strong></span> <span class='ocrx_word' id='word_1_364' title='bbox 960 3891 1197 3944; x_wconf 73' lang='lat' dir='ltr'><strong>similibus,</strong></span> <span class='ocrx_word' id='word_1_365' title='bbox 1241 3891 1332 3935; x_wconf 79' lang='lat' dir='ltr'><strong>nisi</strong></span> <span class='ocrx_word' id='word_1_366' title='bbox 1417 3904 1473 3934; x_wconf 73' lang='lat' dir='ltr'><strong>ex</strong></span> <span class='ocrx_word' id='word_1_367' title='bbox 1504 3890 1667 3948; x_wconf 80' lang='lat' dir='ltr'><strong>quavis</strong></span> <span class='ocrx_word' id='word_1_368' title='bbox 1703 3905 1842 3935; x_wconf 77' lang='lat' dir='ltr'><strong>causa</strong></span> <span class='ocrx_word' id='word_1_369' title='bbox 1869 3889 2007 3949; x_wconf 77' lang='lat' dir='ltr'><strong>joras</strong></span> <span class='ocrx_word' id='word_1_370' title='bbox 2051 3893 2172 3936; x_wconf 84' lang='lat' dir='ltr'><strong>intro</strong></span> <span class='ocrx_word' id='word_1_371' title='bbox 2220 3901 2464 3950; x_wconf 75' lang='lat' dir='ltr'><strong>revocetur,</strong></span> <span class='ocrx_word' id='word_1_372' title='bbox 2491 3887 2680 3964; x_wconf 39' lang='lat' dir='ltr'><strong>Asbam-</strong></span> <span class='ocrx_word' id='word_1_373' title='bbox 2705 3917 2740 3964; x_wconf 69' lang='lat' dir='ltr'><strong>ii</strong></span> <span class='ocrx_word' id='word_1_374' title='bbox 2765 3889 2780 3901; x_wconf 78' lang='lat'><strong>‘</strong></span> 
     </span>
     <span class='ocr_line' id='line_1_40' title="bbox 272 3949 2757 4039; baseline 0.001 -37"><span class='ocrx_word' id='word_1_375' title='bbox 272 3957 591 4002; x_wconf 81' lang='lat' dir='ltr'><strong>cardiacorum</strong></span> <span class='ocrx_word' id='word_1_376' title='bbox 620 3955 826 4014; x_wconf 70' lang='lat' dir='ltr'><strong>beneficio</strong></span> <span class='ocrx_word' id='word_1_377' title='bbox 856 3956 1089 4013; x_wconf 72' lang='lat' dir='ltr'><strong>suppetias</strong></span> <span class='ocrx_word' id='word_1_378' title='bbox 1100 3949 1325 4012; x_wconf 82' lang='lat' dir='ltr'><strong>seramus,</strong></span> <span class='ocrx_word' id='word_1_379' title='bbox 1417 3954 1602 3998; x_wconf 83' lang='lat' dir='ltr'><strong>eandem</strong></span> <span class='ocrx_word' id='word_1_380' title='bbox 1637 3969 1776 4014; x_wconf 83' lang='lat' dir='ltr'><strong>aegro</strong></span> <span class='ocrx_word' id='word_1_381' title='bbox 1807 3961 1977 4000; x_wconf 86' lang='lat' dir='ltr'><strong>certam</strong></span> <span class='ocrx_word' id='word_1_382' title='bbox 2003 3970 2150 4002; x_wconf 80' lang='lat' dir='ltr'><strong>necem</strong></span> <span class='ocrx_word' id='word_1_383' title='bbox 2181 3954 2350 4015; x_wconf 85' lang='lat' dir='ltr'><strong>inferre</strong></span> <span class='ocrx_word' id='word_1_384' title='bbox 2364 3977 2382 4012; x_wconf 84' lang='lat'><strong>,·</strong></span> <span class='ocrx_word' id='word_1_385' title='bbox 2417 3961 2468 4005; x_wconf 81' lang='lat' dir='ltr'><strong>id</strong></span> <span class='ocrx_word' id='word_1_386' title='bbox 2489 3981 2584 4028; x_wconf 76' lang='lat'><strong>328</strong></span> <span class='ocrx_word' id='word_1_387' title='bbox 2603 3978 2626 4039; x_wconf 81' lang='grc'>)</span> <span class='ocrx_word' id='word_1_388' title='bbox 2744 3951 2757 3963; x_wconf 81' lang='grc'><strong>”</strong></span> 
     </span>
     <span class='ocr_line' id='line_1_41' title="bbox 270 4015 2598 4078; baseline 0.001 -13"><span class='ocrx_word' id='word_1_389' title='bbox 270 4021 467 4066; x_wconf 83' lang='lat' dir='ltr'><strong>secretio</strong></span> <span class='ocrx_word' id='word_1_390' title='bbox 487 4034 573 4064; x_wconf 79' lang='lat' dir='ltr'><strong>non</strong></span> <span class='ocrx_word' id='word_1_391' title='bbox 589 4019 813 4074; x_wconf 76' lang='lat' dir='ltr'><strong>succedet,</strong></span> <span class='ocrx_word' id='word_1_392' title='bbox 828 4021 1026 4078; x_wconf 74' lang='lat' dir='ltr'><strong>adeoque</strong></span> <span class='ocrx_word' id='word_1_393' title='bbox 1048 4033 1130 4064; x_wconf 83' lang='lat' dir='ltr'><strong>nec</strong></span> <span class='ocrx_word' id='word_1_394' title='bbox 1150 4020 1330 4076; x_wconf 79' lang='lat' dir='ltr'><strong>eruptio</strong></span> <span class='ocrx_word' id='word_1_395' title='bbox 1416 4017 1537 4077; x_wconf 80' lang='lat' dir='ltr'><strong>quod</strong></span> <span class='ocrx_word' id='word_1_396' title='bbox 1566 4019 1622 4063; x_wconf 85' lang='lat' dir='ltr'><strong>ob</strong></span> <span class='ocrx_word' id='word_1_397' title='bbox 1655 4033 1754 4064; x_wconf 84' lang='lat' dir='ltr'><strong>eam</strong></span> <span class='ocrx_word' id='word_1_398' title='bbox 1783 4019 1924 4064; x_wconf 85' lang='lat' dir='ltr'><strong>solam</strong></span> <span class='ocrx_word' id='word_1_399' title='bbox 1952 4022 2251 4078; x_wconf 78' lang='lat' dir='ltr'><strong>corruptelam</strong></span> <span class='ocrx_word' id='word_1_400' title='bbox 2279 4024 2464 4078; x_wconf 80' lang='lat' dir='ltr'><strong>accidit,</strong></span> <span class='ocrx_word' id='word_1_401' title='bbox 2586 4015 2598 4027; x_wconf 82' lang='grc'><strong>”</strong></span> 
     </span>
     <span class='ocr_line' id='line_1_42' title="bbox 264 4079 2466 4145; baseline 0.001 -15"><span class='ocrx_word' id='word_1_402' title='bbox 264 4084 565 4144; x_wconf 73' lang='lat' dir='ltr'><strong>pustularum</strong></span> <span class='ocrx_word' id='word_1_403' title='bbox 581 4079 793 4142; x_wconf 76' lang='lat' dir='ltr'><strong>feliciter</strong></span> <span class='ocrx_word' id='word_1_404' title='bbox 806 4089 1075 4144; x_wconf 74' lang='lat' dir='ltr'><strong>peragetur,</strong></span> <span class='ocrx_word' id='word_1_405' title='bbox 1095 4098 1151 4128; x_wconf 71' lang='lat' dir='ltr'><strong>es:</strong></span> <span class='ocrx_word' id='word_1_406' title='bbox 1167 4084 1331 4142; x_wconf 76' lang='lat' dir='ltr'><strong>quibus</strong></span> <span class='ocrx_word' id='word_1_407' title='bbox 1416 4097 1551 4140; x_wconf 83' lang='lat' dir='ltr'><strong>quam</strong></span> <span class='ocrx_word' id='word_1_408' title='bbox 1584 4097 1640 4127; x_wconf 71' lang='lat' dir='ltr'><strong>ex</strong></span> <span class='ocrx_word' id='word_1_409' title='bbox 1669 4097 1755 4128; x_wconf 81' lang='lat' dir='ltr'><strong>sua</strong></span> <span class='ocrx_word' id='word_1_410' title='bbox 1793 4085 2038 4128; x_wconf 79' lang='lat' dir='ltr'><strong>secretione</strong></span> <span class='ocrx_word' id='word_1_411' title='bbox 2079 4086 2170 4130; x_wconf 79' lang='lat' dir='ltr'><strong>sibi</strong></span> <span class='ocrx_word' id='word_1_412' title='bbox 2210 4089 2466 4145; x_wconf 78' lang='lat' dir='ltr'><strong>acquisivit.</strong></span> 
     </span>
    </p>

    <p class='ocr_par' dir='ltr' id='par_1_19' title="bbox 272 4143 2159 4209">
     <span class='ocr_line' id='line_1_43' title="bbox 272 4143 2159 4209; baseline -0.001 -15"><span class='ocrx_word' id='word_1_413' title='bbox 272 4163 519 4209; x_wconf 83' lang='lat' dir='ltr'><strong>aegrorum</strong></span> <span class='ocrx_word' id='word_1_414' title='bbox 574 4149 789 4193; x_wconf 73' lang='lat' dir='ltr'><strong>interitus</strong></span> <span class='ocrx_word' id='word_1_415' title='bbox 822 4143 973 4206; x_wconf 82' lang='lat' dir='ltr'><strong>facile</strong></span> <span class='ocrx_word' id='word_1_416' title='bbox 1023 4152 1329 4206; x_wconf 79' lang='lat' dir='ltr'><strong>consequetur.</strong></span> <span class='ocrx_word' id='word_1_417' title='bbox 1426 4145 1640 4198; x_wconf 82' lang='lat' dir='ltr'><strong>Tandem,</strong></span> <span class='ocrx_word' id='word_1_418' title='bbox 1663 4152 1715 4192; x_wconf 81' lang='lat' dir='ltr'><strong>ut</strong></span> <span class='ocrx_word' id='word_1_419' title='bbox 1736 4148 1800 4192; x_wconf 83' lang='lat' dir='ltr'><strong>ad</strong></span> <span class='ocrx_word' id='word_1_420' title='bbox 1819 4148 2060 4192; x_wconf 81' lang='lat' dir='ltr'><strong>secundam</strong></span> <span class='ocrx_word' id='word_1_421' title='bbox 2083 4147 2159 4208; x_wconf 63' lang='grc' dir='ltr'><strong>ᾃε.</strong></span> 
     </span>
    </p>
   </div>
   <div class='ocr_carea' id='block_1_6' title="bbox 273 4209 2468 4400">
    <p class='ocr_par' dir='ltr' id='par_1_20' title="bbox 273 4209 2468 4400">
     <span class='ocr_line' id='line_1_44' title="bbox 273 4209 2468 4272; baseline 0 -14"><span class='ocrx_word' id='word_1_422' title='bbox 273 4213 385 4258; x_wconf 83' lang='lat' dir='ltr'><strong>Non</strong></span> <span class='ocrx_word' id='word_1_423' title='bbox 421 4212 545 4272; x_wconf 76' lang='lat' dir='ltr'><strong>quod</strong></span> <span class='ocrx_word' id='word_1_424' title='bbox 578 4209 700 4270; x_wconf 79' lang='lat' dir='ltr'><strong>(mea</strong></span> <span class='ocrx_word' id='word_1_425' title='bbox 734 4213 913 4272; x_wconf 75' lang='lat' dir='ltr'><strong>quidem</strong></span> <span class='ocrx_word' id='word_1_426' title='bbox 939 4211 1208 4270; x_wconf 81' lang='lat' dir='ltr'><strong>sententia,)</strong></span> <span class='ocrx_word' id='word_1_427' title='bbox 1231 4225 1328 4256; x_wconf 85' lang='lat' dir='ltr'><strong>ma·</strong></span> <span class='ocrx_word' id='word_1_428' title='bbox 1484 4210 1509 4243; x_wconf 68' lang='lat'><em>¹</em></span> <span class='ocrx_word' id='word_1_429' title='bbox 1544 4210 1638 4256; x_wconf 83' lang='lat' dir='ltr'><strong>His</strong></span> <span class='ocrx_word' id='word_1_430' title='bbox 1673 4209 2084 4272; x_wconf 78' lang='lat' dir='ltr'><strong>vero—dicendas]</strong></span> <span class='ocrx_word' id='word_1_431' title='bbox 2115 4225 2210 4259; x_wconf 89' lang='lat' dir='ltr'><strong>om.</strong></span> <span class='ocrx_word' id='word_1_432' title='bbox 2236 4211 2340 4258; x_wconf 83' lang='lat' dir='ltr'><strong>edd.</strong></span> <span class='ocrx_word' id='word_1_433' title='bbox 2371 4214 2468 4270; x_wconf 79' lang='lat'><strong>⁹66,</strong></span> 
     </span>
     <span class='ocr_line' id='line_1_45' title="bbox 273 4273 1639 4338; baseline -0.001 -17"><span class='ocrx_word' id='word_1_434' title='bbox 273 4277 395 4338; x_wconf 80' lang='lat' dir='ltr'><strong>ligni</strong></span> <span class='ocrx_word' id='word_1_435' title='bbox 434 4275 671 4336; x_wconf 76' lang='lat' dir='ltr'><strong>quidpiam</strong></span> <span class='ocrx_word' id='word_1_436' title='bbox 714 4291 769 4321; x_wconf 89' lang='lat' dir='ltr'><strong>ac</strong></span> <span class='ocrx_word' id='word_1_437' title='bbox 806 4277 1017 4322; x_wconf 78' lang='lat' dir='ltr'><strong>venenati</strong></span> <span class='ocrx_word' id='word_1_438' title='bbox 1056 4276 1215 4330; x_wconf 85' lang='lat' dir='ltr'><strong>subsit,</strong></span> <span class='ocrx_word' id='word_1_439' title='bbox 1254 4275 1337 4320; x_wconf 76' lang='lat' dir='ltr'><strong>sed</strong></span> <span class='ocrx_word' id='word_1_440' title='bbox 1426 4273 1522 4328; x_wconf 80' lang='lat'><strong>⁹68,</strong></span> <span class='ocrx_word' id='word_1_441' title='bbox 1544 4273 1639 4322; x_wconf 80' lang='lat'><strong>¹76.</strong></span> 
     </span>
     <span class='ocr_line' id='line_1_46' title="bbox 273 4333 2371 4400; baseline 0.001 -15"><span class='ocrx_word' id='word_1_442' title='bbox 273 4343 398 4400; x_wconf 78' lang='lat' dir='ltr'><strong>quod</strong></span> <span class='ocrx_word' id='word_1_443' title='bbox 416 4341 607 4400; x_wconf 77' lang='lat' dir='ltr'><strong>sanguis</strong></span> <span class='ocrx_word' id='word_1_444' title='bbox 639 4346 797 4399; x_wconf 79' lang='lat' dir='ltr'><strong>coepta</strong></span> <span class='ocrx_word' id='word_1_445' title='bbox 824 4341 1069 4385; x_wconf 78' lang='lat' dir='ltr'><strong>mutatione</strong></span> <span class='ocrx_word' id='word_1_446' title='bbox 1096 4340 1169 4384; x_wconf 80' lang='lat' dir='ltr'><strong>sui</strong></span> <span class='ocrx_word' id='word_1_447' title='bbox 1203 4353 1331 4384; x_wconf 85' lang='lat' dir='ltr'><strong>reno·</strong></span> <span class='ocrx_word' id='word_1_448' title='bbox 1490 4333 1501 4364; x_wconf 90' lang='lat'>¹</span> <span class='ocrx_word' id='word_1_449' title='bbox 1531 4344 1668 4398; x_wconf 75' lang='lat' dir='ltr'><strong>atque</strong></span> <span class='ocrx_word' id='word_1_450' title='bbox 1690 4335 1878 4398; x_wconf 59' lang='lat' dir='ltr'><strong>expell]</strong></span> <span class='ocrx_word' id='word_1_451' title='bbox 1903 4352 1998 4384; x_wconf 85' lang='lat' dir='ltr'><strong>om.</strong></span> <span class='ocrx_word' id='word_1_452' title='bbox 2022 4337 2129 4384; x_wconf 83' lang='lat' dir='ltr'><strong>edd.</strong></span> <span class='ocrx_word' id='word_1_453' title='bbox 2157 4339 2253 4394; x_wconf 80' lang='lat'><strong>²66,</strong></span> <span class='ocrx_word' id='word_1_454' title='bbox 2278 4340 2371 4388; x_wconf 79' lang='lat'><strong>⁹68.</strong></span> 
     </span>
    </p>
   </div>
   <div class='ocr_carea' id='block_1_7' title="bbox 274 4401 2348 4529">
    <p class='ocr_par' dir='ltr' id='par_1_21' title="bbox 274 4401 2348 4529">
     <span class='ocr_line' id='line_1_47' title="bbox 274 4401 2348 4463; baseline 0.001 -13"><span class='ocrx_word' id='word_1_455' title='bbox 274 4407 501 4450; x_wconf 63' lang='lat' dir='ltr'><strong>sationem</strong></span> <span class='ocrx_word' id='word_1_456' title='bbox 518 4405 713 4459; x_wconf 77' lang='lat' dir='ltr'><strong>molitus,</strong></span> <span class='ocrx_word' id='word_1_457' title='bbox 732 4406 917 4450; x_wconf 72' lang='lat' dir='ltr'><strong>eandem</strong></span> <span class='ocrx_word' id='word_1_458' title='bbox 932 4405 1093 4463; x_wconf 70' lang='lat' dir='ltr'><strong>exequi</strong></span> <span class='ocrx_word' id='word_1_459' title='bbox 1110 4409 1333 4462; x_wconf 68' lang='lat' dir='ltr'><strong>nequeats</strong></span> <span class='ocrx_word' id='word_1_460' title='bbox 1491 4407 1523 4429; x_wconf 82' lang='lat'><strong>⁸¹¹</strong></span> <span class='ocrx_word' id='word_1_461' title='bbox 1557 4401 1736 4463; x_wconf 55' lang='lat' dir='ltr'><strong>intest]</strong></span> <span class='ocrx_word' id='word_1_462' title='bbox 1761 4405 1841 4448; x_wconf 85' lang='lat' dir='ltr'><strong>illo</strong></span> <span class='ocrx_word' id='word_1_463' title='bbox 1862 4401 1970 4449; x_wconf 79' lang='lat' dir='ltr'><strong>add.</strong></span> <span class='ocrx_word' id='word_1_464' title='bbox 1995 4401 2102 4451; x_wconf 85' lang='lat' dir='ltr'><strong>edd.</strong></span> <span class='ocrx_word' id='word_1_465' title='bbox 2127 4404 2223 4459; x_wconf 78' lang='lat'><strong>⁹66,</strong></span> <span class='ocrx_word' id='word_1_466' title='bbox 2254 4403 2348 4453; x_wconf 76' lang='lat'><strong>⁹68.</strong></span> 
     </span>
     <span class='ocr_line' id='line_1_48' title="bbox 274 4469 1331 4529; baseline -0.002 -15"><span class='ocrx_word' id='word_1_467' title='bbox 274 4469 469 4529; x_wconf 68' lang='lat' dir='ltr'><strong>sangnis</strong></span> <span class='ocrx_word' id='word_1_468' title='bbox 492 4471 607 4514; x_wconf 80' lang='lat' dir='ltr'><strong>enim</strong></span> <span class='ocrx_word' id='word_1_469' title='bbox 640 4483 759 4513; x_wconf 80' lang='lat' dir='ltr'><strong>mene</strong></span> <span class='ocrx_word' id='word_1_470' title='bbox 783 4470 828 4512; x_wconf 78' lang='lat' dir='ltr'><strong>in</strong></span> <span class='ocrx_word' id='word_1_471' title='bbox 860 4469 1059 4514; x_wconf 78' lang='lat' dir='ltr'><strong>morbido</strong></span> <span class='ocrx_word' id='word_1_472' title='bbox 1092 4473 1217 4512; x_wconf 81' lang='lat' dir='ltr'><strong>statu</strong></span> <span class='ocrx_word' id='word_1_473' title='bbox 1250 4482 1331 4526; x_wconf 70' lang='lat' dir='ltr'><strong>po-</strong></span> 
     </span>
    </p>
   </div>
  </div>
 </body>
</html>
