3138 5006
866 298 1379 363 PROCESSUS
1427 297 1837 365 INTEGRI.
2322 301 2453 369 609
2564 310 2581 321 ‘

247 458 490 537 morbo,
523 460 628 523 cui
665 479 1037 542 praegressa
1069 458 1296 542 hyems
1325 458 1494 521 viam
1531 463 1862 538 straverat,
1894 460 2238 526 extinctus.
2330 465 2453 529 At-
2480 482 2645 532 'run
2660 484 2767 533 Dn-

249 582 377 645 que
404 560 564 625 haec
593 566 690 625 est
718 560 1062 643 praecipua.
1087 559 1278 625 Tabis
1309 560 1571 643 species.
2490 562 2741 661 ssssnssffff

346 663 468 746 [2.]
520 663 724 729 Porro
757 682 906 725 cum
935 662 1198 745 sanguis
1235 662 1358 727 hac
1391 668 1777 745 tempestate
1808 663 2139 746 particulis
2166 660 2451 731 humidis
2738 648 2755 661 ’

250 766 598 831 admodum
629 772 888 844 scateat,
907 766 1414 850 perspiratioque
1435 788 1476 831 a
1495 767 1713 831 subita
1737 790 2044 852 pororum
2065 773 2451 837 contractio-

250 890 334 933 ne
356 869 500 952 plus
531 870 685 934 satis
713 868 1105 948 inhibeatur,
1129 869 1480 952 particulae
1508 869 1631 933 hae
1660 870 1731 935 in
1759 872 2100 954 pulmones
2130 873 2453 958 depluunt

248 992 364 1055 per
389 973 809 1055 interspersos
838 992 1038 1035 venae
1073 972 1448 1037 arteriosaet
1474 993 1727 1052 ramos3
1769 976 1869 1039 vel
1896 997 2013 1059 per
2040 975 2274 1041 ductus
2304 980 2451 1043 sali-

248 1075 419 1138 vales
475 1075 546 1137 in
607 1073 930 1157 glandulis
978 1074 1195 1138 fauces
1245 1075 1711 1158 occupantibus
1767 1086 2209 1160 reponuntur3
2276 1082 2453 1147 unde

241 1178 378 1260 jam
406 1176 642 1241 humor
679 1197 794 1261 per
823 1196 1112 1258 asperam
1143 1177 1485 1241 arteriamu
1518 1177 1815 1260 delapsus
1844 1179 1917 1243 in
1954 1181 2314 1263 pulmones,
2346 1205 2451 1247 ca-

249 1279 452 1342 tarrbi
479 1279 632 1357 ritu,
663 1299 770 1343 eos
799 1279 896 1341 ita
929 1278 1176 1361 jugiter
1211 1278 1440 1357 irritat,
1471 1286 1548 1344 ut
1580 1279 1801 1344 creber
1840 1288 1907 1345 et
1934 1282 2279 1347 vehemens
2313 1292 2451 1349 tus-

249 1381 456 1446 siendi
483 1390 752 1446 conatus
792 1388 936 1445 tum
972 1382 1152 1444 illam
1192 1380 1611 1462 debilitatem,
1642 1388 1786 1445 tum
1816 1384 1942 1447 alia
1980 1406 2143 1467 quae
2174 1385 2451 1449 diximus

251 1490 698 1567 symptomata,
728 1483 906 1547 brevi
935 1490 1235 1547 accersat.
1306 1484 1601 1568 Cumque
1631 1505 1765 1548 non
1787 1486 1927 1568 jam
1956 1486 2231 1569 amplius
2258 1495 2449 1551 natu-

249 1587 450 1650 ralem
500 1586 626 1650 sibi
667 1587 1004 1669 pulmones
1054 1587 1490 1650 oeconomiam
1545 1593 1913 1671 statumque
1959 1588 2131 1653 tueri
2174 1590 2449 1669 valeant,

250 1688 592 1772 glandulae
632 1696 697 1753 et
727 1688 1065 1753 tubercula
1093 1688 1352 1752 adnasci
1384 1689 1629 1769 solent3
1678 1712 1841 1773 quae
1874 1690 1947 1754 in
1986 1692 2193 1773 aegris
2223 1712 2301 1755 ex
2329 1691 2452 1756 hoc

248 1792 474 1857 morbo
504 1792 981 1871 decedentibus,
1008 1792 1062 1855 si
1092 1791 1483 1874 aspiciantur
1510 1792 1869 1875 puLmones,
1899 1794 2247 1878 purulenta
2276 1795 2452 1859 sanie

247 1901 322 1958 ut
351 1895 704 1977 plurimum
733 1893 1018 1958 distenta
1042 1895 1474 1978 reperiuntur.

345 1998 466 2081 [3.]
523 1998 660 2061 Ubi
703 1997 900 2061 semel
949 1998 1292 2061 invaluerit
1335 1997 1442 2060 hic
1491 1997 1775 2078 morbus,
1818 2005 1883 2062 et
1928 1999 2173 2064 radices
2226 2000 2450 2082 egerit,
2480 2007 2743 2055 cunno.

247 2099 531 2163 remedia
585 2099 964 2182 plerumque
1033 2106 1432 2183 aspernatur.
1523 2100 1787 2163 Tentari
1850 2107 2181 2186 utcunque
2238 2109 2451 2185 potest

247 2202 607 2281 medicatio,
631 2202 985 2265 minuendo
1015 2221 1276 2265 causam
1307 2200 1685 2265 defluxionis
1706 2202 1779 2265 in
1806 2204 2165 2286 pulmones,
2189 2212 2455 2288 pertusa

243 2306 316 2368 in
375 2305 595 2370 cubito
645 2326 828 2384 vena,
881 2304 1248 2369 catharticis
1290 2304 1691 2384 mitioribus3
1758 2312 1904 2370 tum
1961 2307 2450 2373 medicamentis

228 2408 654 2489 pectoralibus
712 2406 920 2484 dictis,
981 2406 1065 2470 ad
1121 2406 1328 2469 varios
1384 2404 1595 2469 morbi
1667 2412 1873 2470 status
1933 2408 2454 2487 accommodatis,

241 2510 747 2576 incrassantibus
800 2510 1040 2573 scilicet
1097 2508 1214 2573 ubi
1263 2507 1498 2572 humor
1549 2508 1849 2574 subtilior
1900 2517 1965 2574 et
2011 2511 2271 2576 tenuior
2320 2511 2451 2576 vim

243 2613 616 2696 expultricis
687 2611 1014 2676 facultatis
1081 2611 1334 2676 videtur
1392 2610 1673 2689 eludere,
1739 2613 2233 2678 attenuantibus
2300 2633 2452 2679 vero

241 2715 361 2778 ubi
402 2716 644 2798 pituita
685 2713 952 2778 crassior
997 2734 1186 2797 aegre
1230 2720 1296 2776 et
1341 2733 1490 2777 cum
1533 2713 1833 2778 molestia
1872 2735 1989 2797 per
2026 2736 2096 2780 os
2140 2715 2448 2798 rejicitur.

241 2817 420 2882 Dein
449 2824 516 2882 et
544 2816 796 2881 hectica
831 2815 1028 2880 febris
1057 2814 1356 2878 remediis
1393 2815 1927 2897 refrigerantibus
1964 2823 2449 2899 contemperan-

238 2919 548 3002 tibusque
606 2918 976 2983 coercenda.
1066 2915 1248 2979 Talia
1304 2921 1457 2978 sunt
1507 2915 1609 2978 lac
1661 2915 2005 2994 asininum,
2050 2933 2219 2999 aqua
2265 2916 2451 2981 lactis

239 3023 583 3100 stillatitia,
615 3022 1000 3086 emulsiones
1030 3040 1109 3083 ex
1139 3017 1496 3102 amygdalis
1526 3016 1840 3096 dulcibus,
1872 3017 2225 3082 seminibus
2252 3019 2449 3084 melo·

237 3147 426 3203 num,
472 3144 817 3209 peponum,
854 3121 1182 3207 papaveris
1227 3119 1376 3198 albi,
1418 3140 1587 3202 aqua
1628 3119 1860 3182 florum
1902 3120 2284 3203 paralyseos,
2324 3127 2447 3185 etc.

239 3229 544 3312 Denique
583 3236 650 3294 et
679 3227 964 3292 curando
991 3225 1194 3290 ulceri
1233 3245 1428 3307 opera
1465 3223 1681 3287 danda
1718 3231 1853 3301 est3
1897 3223 2007 3288 cui
2043 3223 2138 3287 rei
2166 3223 2448 3287 terebin-

237 3332 432 3397 thina
459 3332 571 3396 illa
607 3331 872 3416 liquida,
903 3329 1354 3412 opobalsamum
1385 3327 1579 3411 vulgo
1614 3327 1806 3406 dicta,
1838 3327 2125 3412 apprime
2160 3327 2449 3393 conferre

240 3443 564 3501 censetur.

343 3540 466 3623 [4.]
523 3539 818 3624 Hujusce
873 3536 1083 3602 morbi
1139 3536 1387 3600 curatio
1451 3536 1581 3618 (me
1636 3534 1896 3619 judice,)
1932 3534 2083 3599 ‘hac
2140 3533 2448 3600 methodo

243 3642 488 3724 optime
515 3661 591 3704 ac
618 3639 980 3704 felicissime
1007 3639 1405 3702 instituetur.
1460 3638 1757 3702 Primum
1778 3637 2090 3702 educatur
2119 3658 2157 3701 e
2182 3636 2447 3702 brachio

245 3743 525 3824 sanguis,
573 3741 724 3805 dein
771 3740 1168 3804 subducatur
1217 3741 1394 3804 alvus
1438 3740 1522 3804 ad
1563 3747 1697 3805 tres
1750 3741 1885 3804 dies
1934 3741 2297 3818 continuos,
2346 3740 2445 3803 vel

244 3844 463 3929 pilulis
505 3843 743 3909 cochiis
777 3842 1146 3926 maioribus,
1175 3843 1278 3906 vel
1322 3843 1583 3908 decocto
1619 3842 1905 3906 leniente
1949 3863 1989 3905 a
2032 3841 2221 3905 nobis
2262 3861 2445 3924 prae-

247 3926 530 4031 scriptoz‘
581 3947 776 4010 tertia
812 3953 1004 4010 nocte
1045 3945 1424 4009 exhibeatur
1451 3946 1673 4029 syrupi
1715 3943 1795 4008 de
1835 3943 2127 4008 meconio
2162 3942 2446 4007 semiun-

248 4051 366 4115 cia.
457 4049 836 4114 Intermisso
872 4047 1070 4112 biduo
1107 4046 1420 4125 triduove,
1453 4068 1572 4130 pro
1614 4067 1686 4110 re
1724 4053 1882 4110 nata
1924 4051 2255 4127 repetatur
2292 4064 2443 4127 pur-

249 4153 443 4236 gatiO,
473 4152 668 4234 idque
701 4149 894 4214 toties
933 4151 1048 4215 fiat
1087 4149 1336 4234 quoties
1375 4170 1536 4233 opus
1572 4149 1882 4228 videatur,
1921 4147 2123 4210 donec
2162 4152 2445 4230 sympto-

249 4263 427 4319 mata
474 4255 576 4319 vel
631 4273 890 4336 prorsus
949 4252 1347 4331 evanuerint,
1391 4252 1492 4315 vel
1551 4252 1779 4316 saltem
1836 4249 2199 4313 mitescant.
2290 4248 2447 4313 Post

251 4357 534 4440 singulas
564 4355 886 4420 catharses
909 4355 1046 4438 jam
1074 4354 1291 4418 finitas
1321 4353 1532 4436 capiat
1553 4350 1945 4435 opobalsami
1976 4357 2195 4432 guttas
2217 4348 2447 4431 viginti

383 4485 399 4518 ί
434 4503 527 4533 ren.
552 4483 719 4547 arten]
747 4499 811 4531 sc.
838 4487 992 4531 Arter.
1019 4483 1226 4531 Pulmon.
1578 4488 1605 4516 ¹¹
1639 4497 1735 4542 asp.
1761 4478 1931 4540 arten]
1957 4495 2025 4526 sc.
2057 4480 2315 4528 Troe-laeam.

1295 4566 1400 4624 41
