3138 5006
681 263 805 324 198
1295 259 1693 325 TIIOMAE
1742 261 2255 325 SYDENHAM

415 444 615 492 coum
676 442 970 484 normam
1001 423 1136 505 jam
1173 424 1475 488 traditam
1520 424 1730 502 suasi3
1776 445 2051 507 quorum
2080 445 2198 507 ope
2236 421 2603 505 propediem
2644 440 2885 484 conva-

371 509 648 620 Αξξέζζζί
677 525 820 602 luit,
852 531 918 588 et
947 546 1202 588 mecum
1233 526 1318 591 ad
1348 527 1597 591 Urbem
1628 549 1823 591 sanus
1852 526 2062 590 rediit.

405 636 612 686 ’‘lo-’⁷2
774 627 937 710 [10.]
994 627 1537 712 Quandoquidem
1581 637 1801 692 autem
1852 629 2033 693 dolor
2074 627 2181 690 hic
2231 645 2383 708 prae
2422 625 2689 688 caeteris
2734 623 2883 706 qui-

677 729 926 812 busque
962 750 1037 792 ex
1070 751 1187 794 sua
1213 738 1453 795 natura
1479 731 1779 795 reciduus
1828 732 1931 808 sit,
1964 730 2174 794 omnis
2213 729 2274 792 ei
2311 727 2676 792 revertendi
2716 747 2883 789 ausa

677 834 977 917 anodyno
1016 834 1116 898 bis
1147 836 1432 919 quotidie
1463 836 1546 900 ad
1591 837 1835 920 aliquot
1876 837 2011 899 dies
2049 835 2335 898 exhibito
2371 831 2883 916 praescindenda

677 943 796 999 est.
887 936 1081 1002 Quod
1125 939 1198 1017 si,
1241 939 1491 1020 quoties
1533 939 1994 1002 intermittitur
2036 937 2453 1012 narcoticum,
2496 934 2676 997 dolor
2722 933 2879 996 sub·

675 1036 829 1100 inde
872 1039 1298 1118 recrudescat,
1336 1042 1432 1123 (ut
1477 1061 1947 1124 nonnunquam
1976 1040 2098 1120 fit,)
2134 1038 2298 1101 nihil
2337 1059 2377 1100 a
2410 1057 2517 1100 me
2559 1035 2883 1098 hactenus

373 1135 638 1210 Equitatio,
678 1138 1026 1221 excogitari
1082 1142 1296 1223 potuit
1348 1144 1519 1226 quod
1578 1143 1661 1206 ad
1710 1141 2187 1226 perennandum
2241 1159 2507 1222 aegrum
2553 1138 2646 1200 ita
2696 1143 2878 1200 certo

369 1207 635 1326 ἓζῗῗξζζῆ-
675 1238 915 1303 faceret
963 1247 1160 1324 atque
1219 1244 1549 1326 equitati0,
1601 1245 1703 1309 vel
1751 1245 1823 1308 in
1873 1263 2065 1307 curru
2116 1242 2343 1319 vectio,
2397 1261 2525 1323 quo
2582 1238 2883 1320 longiora

371 1329 623 1386 cientibus,
679 1339 914 1405 itinera
981 1344 1210 1408 confici
1275 1346 1594 1424 debuere;
1670 1347 1969 1429 anodyno
2026 1344 2287 1408 interim
2348 1362 2540 1405 mane
2598 1347 2665 1405 et
2732 1360 2878 1403 sero

368 1399 626 1502 ισιὲἷιῗῗιῖη-
681 1443 1122 1510 indesinenter
1158 1449 1516 1532 propinato.
1610 1449 1745 1533 Huj
1753 1449 2005 1513 usmodi
2047 1448 2222 1512 enim
2253 1444 2568 1510 exercitiis
2602 1443 2880 1506 materia

371 1534 624 1630 ffssfflffim
683 1546 980 1611 morbum
1015 1552 1428 1615 committens
1464 1553 1534 1615 in
1576 1552 1854 1636 corporis
1888 1551 2185 1614 habitum
2227 1547 2587 1623 deducitur,
2618 1551 2686 1607 et
2724 1564 2877 1606 san-

679 1647 843 1728 81158,
885 1657 1194 1732 perpetua
1233 1653 1587 1734 agitatione
1632 1653 2089 1730 comminutus,
2122 1652 2201 1714 de
2241 1670 2407 1713 novo
2446 1647 2628 1731 quasi
2672 1647 2877 1728 depu-

677 1754 894 1825 ratur3
946 1749 1214 1833 ipsaque
1266 1753 1528 1817 demum
1587 1754 1897 1818 intestina
1948 1754 2173 1818 caloris
2224 1751 2427 1815 nativi
2486 1749 2879 1814 excitatione

676 1849 854 1913 haud
874 1872 1103 1934 parum
1133 1856 1631 1921 corroborantur
1653 1879 1726 1921 ac
1754 1857 2211 1921 refocillantur.
2286 1855 2430 1918 Nec
2458 1853 2661 1936 pudet
2681 1851 2879 1915 fateri

676 1974 782 2016 me
817 1953 989 2018 dicto
1035 1959 1336 2023 exercitio
1379 1961 1450 2022 in
1492 1969 1706 2044 partes
1752 1962 1995 2026 adscito
2034 1960 2333 2025 morbum
2372 1959 2568 2037 hunc,
2601 1958 2705 2022 cui
2746 1957 2878 2020 alio

679 2059 899 2141 quovis
929 2061 1122 2124 modo
1163 2062 1557 2127 devincendo
1598 2086 1713 2147 par
1742 2087 1875 2128 non
1914 2066 2027 2140 fui,
2060 2065 2204 2148 plus
2246 2063 2441 2126 semel
2474 2061 2731 2144 penitus
2762 2081 2876 2123 ex-

373 2168 618 2244 cgutionen
679 2158 935 2240 pulisse.
1025 2160 1258 2245 Neque
1289 2185 1438 2228 vero
1479 2165 1642 2228 illud
1680 2165 2069 2230 tentandum
2104 2174 2221 2244 est,
2252 2164 2380 2228 nisi
2419 2171 2564 2247 post
2607 2185 2877 2227 evacua-

373 2247 502 2280 ειη
517 2247 652 2283 eam=
679 2263 888 2326 tiones
934 2263 1182 2328 debitas
1227 2269 1617 2332 sufficienter
1660 2269 2029 2348 celebratas,
2062 2289 2271 2353 neque
2316 2268 2397 2332 ab
2442 2288 2520 2332 eo
2561 2267 2686 2332 nisi
2724 2273 2875 2351 post

679 2363 814 2426 dies
845 2363 1366 2447 aliquammultos
1395 2371 1855 2437 desistendum.

374 2483 542 2581 efem-
779 2465 944 2550 [11.]
1000 2467 1252 2551 Pauper
1281 2471 1538 2555 quidem
1567 2475 1729 2539 mihi
1758 2475 2023 2556 vicinus,
2050 2475 2159 2560 qui
2188 2482 2253 2540 et
2285 2474 2495 2539 adhuc
2526 2481 2624 2539 est
2654 2494 2877 2557 super-

371 2548 631 2645 ᾎὲζῗὴᾞὲζ
681 2573 830 2645 stes,
863 2569 1082 2633 Colica
1125 2572 1366 2637 Biliosa
1402 2576 1961 2642 vehementissima
1994 2601 2107 2662 per
2144 2581 2261 2643 hos
2297 2600 2501 2643 annos
2540 2578 2875 2655 laboravit,

681 2692 877 2755 quam
908 2672 1292 2755 cathal-ficis,
1325 2679 1723 2762 clysteribus,
1758 2682 2158 2764 globulisque
2186 2681 2503 2766 plumbeis
2532 2680 2875 2759 devoratis,

678 2792 1068 2855 expugnare,
1111 2776 1243 2855 diu,
1275 2779 1388 2841 sed
1430 2781 1689 2860 frustra,
1736 2789 1873 2846 erat
1913 2792 2202 2848 conatus.
2296 2784 2423 2848 Hic
2458 2803 2576 2865 ego
2620 2781 2703 2844 ad
2746 2782 2879 2845 fre-

678 2885 988 2961 quentem
1060 2884 1531 2949 narcoticorum
1604 2908 1798 2951 usum
1870 2889 2153 2971 confugi,
2212 2909 2423 2971 neque
2481 2886 2879 2971 poenitenda

678 3003 907 3065 opera3
957 2984 1264 3065 quamdiu
1308 2988 1482 3050 enim
1521 2988 1649 3052 ista
1690 2995 2151 3072 repeterentur,
2190 2988 2345 3052 satis
2390 2994 2564 3052 recte
2601 2986 2874 3051 habuit:

678 3084 792 3147 sed
835 3104 986 3146 cum
1037 3085 1137 3148 his
1193 3088 1568 3169 palliaretur
1618 3097 1877 3154 tantum
1925 3092 2192 3169 malum,
2237 3112 2372 3154 non
2424 3088 2873 3171 extirparetur,

683 3188 1145 3268 (revertebatur
1191 3190 1366 3252 enim
1407 3198 1484 3254 ut
1526 3193 1809 3275 primum
1855 3201 1993 3256 erat
2046 3193 2355 3255 exhausta
2398 3189 2873 3254 narcoticorum

677 3290 815 3374 vis,)
873 3312 1014 3375 ego,
1068 3291 1348 3355 hominis
1399 3294 1699 3357 misertus
1750 3302 1817 3358 et
1862 3296 2037 3377 gravi
2080 3294 2306 3358 morbo
2350 3300 2416 3357 et
2474 3315 2544 3357 re
2596 3300 2877 3375 angusta

679 3394 1093 3476 afflictissimi,
1125 3417 1364 3479 equum
1394 3418 1472 3460 ex
1500 3397 1661 3460 meis
1691 3397 2196 3476 commodabam,
2230 3419 2356 3481 quo
2386 3398 2510 3461 iter
2538 3398 2710 3461 dicto
2732 3397 2873 3480 jam

677 3496 870 3560 modo
899 3499 1337 3581 peragendum
1367 3500 1824 3582 aggrederetur
1831 3528 1850 3578 ;
1896 3522 2098 3584 eoque
2128 3500 2210 3563 ad
2233 3500 2367 3564 dies
2389 3500 2696 3583 pauculos
2719 3519 2875 3562 cou-

677 3598 952 3677 tinuat0,
985 3602 1224 3666 viscera
1249 3624 1356 3666 eas
1385 3602 1549 3667 vires
1588 3624 1901 3687 recepere,
1932 3612 2008 3667 ut
2047 3603 2253 3666 morbi
2293 3603 2578 3687 reliquiis
2626 3600 2873 3665 excuti-

679 3698 861 3763 endis
889 3701 1067 3783 paria
1088 3703 1224 3784 jam
1255 3712 1489 3782 essent,
1523 3712 1589 3767 et
1618 3706 1757 3768 siue
1788 3706 2233 3789 anodynorum
2262 3705 2575 3788 praesidio
2606 3703 2873 3768 omnino

677 3804 1162 3869 convalesceret.

373 3910 520 3959 Unde
540 3918 632 3987 est,
777 3906 940 3989 [12.]
995 3908 1083 3971 Et
1119 3908 1215 3989 (ut
1247 3909 1417 3991 quod
1445 3930 1547 3973 res
1572 3916 1669 3973 est
1696 3910 1963 3993 loquar,)
1995 3931 2126 3974 non
2156 3911 2227 3973 in
2255 3909 2378 3973 hoc
2406 3913 2667 3972 tantum
2697 3928 2872 3986 casu,

373 3976 502 4085 ffissff
511 3991 635 4086 331¹
639 4004 652 4013 ’
681 4009 793 4072 sed
843 4010 914 4073 in
965 4009 1203 4074 morbis
1263 4012 1401 4074 aliis
1452 4012 1769 4076 chronicis
1821 4034 2013 4095 quam
2064 4012 2374 4095 pluribus,
2422 4010 2543 4075 hoc
2585 4008 2875 4074 exercitii

370 4109 476 4150 ‘¹²¹¹‘
500 4118 638 4164 PM·
682 4133 886 4192 genus
935 4134 1270 4196 nunquam
1313 4136 1446 4178 non
1491 4134 1642 4178 cum
1684 4114 2008 4177 uberrimo
2050 4114 2271 4176 fructu
2310 4118 2691 4194 usurpatum
2738 4131 2872 4171 me-

369 4172 548 4275 11ξὶ111.
680 4215 860 4295 mini,
909 4216 1103 4281 modo
1152 4218 1292 4300 quis
1334 4217 1406 4280 in
1449 4218 1560 4281 illo
1604 4218 1958 4299 improbius
2002 4224 2483 4301 perseveraret⁸.
2578 4213 2648 4275 Si
2696 4213 2873 4276 enim

1377 4424 1394 4449 ⁸
1431 4420 1504 4467 Cf.
1533 4422 1728 4468 Diues-e.
1755 4424 1949 4482 Epist.§
1978 4422 2068 4469 116
2093 4437 2161 4483 sq.
