3138 5006
630 208 755 321 17s
1250 256 1637 320 THOMAE
1687 255 2196 320 sYDENHAM

342 428 578 477 Duas-r.
632 417 845 500 guinis
890 417 1201 494 aemulus,
1242 424 1386 480 tum
1426 417 1682 501 insigne
1725 415 1885 480 illud
1923 417 2094 499 quod
2136 421 2282 500 post
2325 415 2610 498 singulas
2655 413 2822 476 vices

324 492 601 606 *Δῖἓξῗξῗ
630 519 835 602 magis
877 539 950 582 ac
995 519 1202 601 magis
1247 525 1510 583 auctum
1563 518 1884 584 sentiebat
1929 519 2240 594 levamen,
2288 517 2450 582 mihi
2501 516 2826 580 addebant

631 622 915 699 animos3
968 622 1151 706 cujus
1196 642 1316 704 ope
1358 621 1626 686 tandem
1666 621 2008 704 pristinam
2051 621 2396 684 sanitatem
2431 624 2832 701 consequuta

632 730 748 787 est.
2828 781 2832 783 ,

729 825 895 908 [21.]
947 824 1344 908 Antequamj
1376 825 1621 903 finiam,
1648 824 1774 887 hoc
1817 831 1916 887 est
1951 823 2332 901 notandum,
2366 823 2536 905 quod
2567 819 2828 885 tametsi

631 927 702 991 in
730 927 832 990 his
862 927 1049 991 annis
1074 927 1305 1011 quibus
1336 925 1762 1010 Dysenteriae
1791 925 1951 990 adeo
1981 925 2332 1009 epidemice
2361 930 2838 1007 grassarentur,-

416 1109 423 1116 .
633 1030 1079 1095 evacuationes
1150 1032 1329 1114 prius
1394 1038 1786 1095 memoratae
1851 1051 2111 1114 prorsus
2175 1029 2568 1098 necessariae
2641 1033 2830 1090 erant

324 1147 566 1223 nysente-
634 1139 982 1218 antequam
1034 1134 1116 1197 ad
1160 1155 1353 1198 usum
1396 1133 1662 1197 laudaui
1707 1133 2058 1197 deventum
2101 1131 2364 1210 fuisset,-
2426 1136 2716 1194 attamen
2757 1129 2832 1193 in

324 1229 421 1324 {1⁸23
435 1225 578 1323 ἓξὲξ
636 1236 1097 1300 constitutione
1146 1237 1365 1318 quavis
1414 1236 1569 1299 huic
1603 1235 1847 1300 morbo
1893 1235 2109 1298 minus
2159 1234 2422 1312 faventi,
2474 1234 2637 1296 istae
2681 1236 2830 1295 tuto

354 1340 579 1416 idemipa,
636 1338 851 1404 omitti
878 1339 1144 1422 possint,
1177 1359 1251 1402 ac
1281 1340 1527 1402 curatio
1556 1335 2088 1420 compendiosiori
2116 1336 2236 1415 via,
2270 1337 2404 1400 solo
2443 1354 2676 1418 nempe
2703 1354 2834 1398 usu

326 1405 526 1516 1333ss
538 1419 611 1514 {2}
635 1441 918 1519 laudaui,
958 1440 1216 1517 absolvi,
1256 1461 1332 1504 eo
1376 1459 1569 1523 quem
1617 1438 2066 1523 descripsimus
2107 1438 2320 1504 modo.
2409 1438 2628 1520 Atque
2671 1435 2837 1498 haec

328 1533 552 1582 curanda.
636 1543 717 1607 de
745 1541 1147 1627 Dysenteriis
1177 1541 1350 1607 dieta
1378 1549 1592 1606 sunto.

1533 1770 1728 1835 CAP.
1776 1769 1929 1834 IV.¹1

824 1933 1038 1994 Febris
1074 1931 1377 1994 Gontiana
1393 1933 1626 2012 parti3¹
1651 1932 1800 1993 anm‘
1832 1931 2020 2009 1669,
2051 1938 2234 2014 atque
2263 1933 2639 2013 intefflvmm

1414 2031 1604 2110 1670,
1647 2032 1836 2110 1671,
1873 2032 2061 2096 1672.

724 2169 821 2232 Eo
856 2169 996 2252 ipso
1023 2174 1313 2247 tempore
1344 2188 1470 2250 quo
1500 2167 1820 2232 saeviebat
1849 2167 2254 2252 Dysenteria,
2287 2174 2353 2230 et
2385 2163 2605 2230 Febris
2636 2186 2830 2248 quae-

644 2271 812 2347 dam,
844 2269 939 2332 illi
982 2268 1309 2332 simillima
1346 2289 1509 2352 quae
1548 2269 1965 2353 dysentericis
2013 2269 2296 2334 accidere
2327 2289 2513 2351 saepe
2561 2267 2826 2344 solebat,

635 2393 771 2435 una
798 2377 1019 2435 exorta
1047 2377 1165 2448 est,
1198 2391 1359 2454 quae
1391 2371 1653 2453 quidem
1681 2393 1816 2436 non
1853 2391 1960 2434 eos
1988 2377 2247 2434 tantum
2278 2391 2437 2453 quos
2458 2372 2598 2454 jam
2627 2371 2832 2433 sauci-

636 2479 851 2538 averat
881 2472 1284 2557 Dysenteria,
1310 2472 1424 2537 sed
1452 2471 1532 2537 ab
1555 2472 1668 2537 illa
1686 2491 1946 2557 prorsus
1967 2473 2288 2537 immunes
2317 2472 2464 2556 (nisi
2487 2471 2658 2555 quod
2681 2471 2832 2535 sub-

634 2576 806 2652 inde,
838 2584 906 2640 at
934 2596 1099 2655 ται-ο,
1130 2576 1413 2639 tormina
1437 2575 1616 2639 haud
1647 2575 1910 2659 quidem
1946 2576 2203 2655 atrocia,
2233 2596 2411 2639 nunc
2441 2596 2592 2639 cum
2621 2575 2828 2659 dejec-

633 2678 942 2757 tionibus,
977 2699 1155 2742 nunc
1199 2678 1337 2741 sine
1380 2678 1527 2756 illis,
1567 2685 1947 2761 paterentur
1985 2679 2202 2761 aegri,)
2247 2678 2506 2761 pariter.
2528 2678 2792 2741 incessit
2815 2704 2833 2739 .-

637 2781 889 2846 easdem
942 2780 1116 2845 enim
1172 2779 1414 2864 ubique
1462 2778 1819 2865 προφάσεις
1870 2781 2008 2862 (seu
2058 2802 2280 2845 causas
2330 2778 2704 2844 manifestas
2763 2788 2831 2843 et

636 2884 1061 2967 apparentes)
1095 2882 1325 2947 habuit
1356 2904 1512 2966 quas
1542 2882 1944 2966 dysenteria,
1992 2882 2216 2947 eadem
2246 2882 2441 2946 etiam
2468 2903 2585 2966 per
2613 2881 2833 2945 omnia

638 2991 1089 3069 symptomata,
1123 3006 1285 3068 quae
1328 2984 1875 3069 dysentericorum
1905 2984 2151 3051 febrem
2181 2983 2692 3061 comitabantur3
2737 2983 2832 3062 ita·

634 3094 731 3165 ut,
756 3088 811 3150 si
841 3087 1283 3152 evacuationes
1310 3107 1426 3169 per
1456 3087 1670 3150 alvum
1693 3086 2058 3170 dysenteria
2077 3085 2512 3150 laborantium
2535 3085 2829 3168 excipias,

637 3195 703 3252 et
722 3209 886 3271 quae
908 3187 989 3251 ab
1010 3187 1151 3251 istis
1172 3188 1530 3251 necessario
1550 3188 1922 3271 pendebant
1946 3191 2395 3272 symptomata,
2421 3187 2594 3251 dicta
2610 3187 2832 3250 Febris

639 3291 929 3373 ejusdem
958 3311 1217 3373 prorsus
1257 3296 1527 3353 naturae
1564 3310 1714 3353 cum
1751 3290 1905 3374 ipsis
1942 3289 2322 3372 dysenteriis
2360 3291 2717 3353 videretur:
2765 3296 2832 3352 et

638 3391 939 3475 deinceps
981 3412 1097 3474 per
1137 3391 1333 3474 hujus
1380 3391 1880 3457 constitutionis
1924 3392 2266 3457 decursum
2310 3411 2570 3456 omnem
2612 3412 2834 3475 parem

636 3516 789 3558 cum
808 3493 936 3557 illis
977 3492 1175 3557 subiit
1204 3500 1712 3577 symptomatum
1753 3494 2184 3577 quorumlibet
2212 3494 2681 3572 alterationem,
2711 3494 2832 3557 eis-

637 3596 786 3659 dem
818 3595 1059 3659 scilicet
1100 3595 1498 3674 differentiis,
1532 3595 1745 3679 quoad
1781 3599 2226 3679 augmentum,
2259 3603 2504 3660 statum
2544 3603 2610 3660 et
2640 3595 2832 3659 decli-

638 3699 990 3777 nationem,
1024 3698 1273 3776 affecta,
1306 3699 1538 3782 quibus
1571 3698 2016 3762 afficiebantur
2041 3700 2111 3761 in
2144 3720 2377 3781 genere
2408 3699 2831 3783 dysenteriae.

643 3803 824 3865 Haec
852 3802 1073 3884 itaque
1101 3801 1317 3863 Febris
1344 3802 1753 3882 Dysentmca
1781 3800 1944 3864 mihi
1974 3801 2296 3865 audiebat.

331 3918 500 3967 Febris
739 3902 862 3986 [2.]
918 3902 1286 3967 Memorata
1313 3901 1536 3967 Febris
1566 3924 2040 3985 nonnunquam
2067 3904 2189 3986 (uti
2211 3904 2502 3987 dictum,)
2531 3924 2680 3967 cum
2711 3904 2836 3967 alvi

326 3984 525 4095 ssfizin'
638 4005 1047 4085 torminibus,
1096 4005 1209 4069 sed
1265 4004 1647 4084 mitioribus,
1699 4005 2201 4088 ingrediebatur,
2257 4006 2594 4089 (prioribus
2645 4006 2836 4069 annis

327 4112 509 4223 ξὲωῑὶ·
640 4132 939 4175 maxume
968 4108 1200 4193 quibus
1228 4108 1507 4190 invasit,)
1534 4108 1638 4171 vel
1665 4109 1792 4172 ista
1813 4108 1893 4172 ad
1917 4130 2060 4172 eam
2087 4114 2234 4192 post
2263 4108 2674 4185 accedebant,
2699 4129 2834 4171 sae*

360 4182 475 4225 ntur.
640 4214 783 4297 pius
811 4234 959 4277 vero
988 4212 1170 4277 nulla
1198 4217 1403 4275 erant.
1499 4210 1812 4290 Sudores,
1831 4212 1942 4294 qui
1979 4211 2052 4275 in
2091 4210 2296 4276 Febre
2333 4211 2836 4275 Constitutionis

632 4353 643 4359 ”
698 4364 713 4403 J
748 4366 1131 4429 Anteq.—modo]
1162 4382 1256 4413 om.
1282 4367 1363 4415 ed.'
1382 4366 1475 4417 76.
1844 4362 1856 4395 ¹
1883 4371 2036 4427 partis
2059 4364 2299 4429 manige]
2325 4324 2473 4428 huju-5¹
2488 4364 2836 4414 constitutionis

701 4434 724 4466 ¹¹
760 4431 911 4479 Deest
932 4432 1021 4479 hoe
1044 4446 1148 4494 cap.
1172 4431 1225 4479 in
1246 4428 1351 4479 edd.
1377 4432 1473 4490 ‘66,
1500 4431 1595 4478 ⁹68.
1781 4430 1851 4479 ed.
1879 4430 1972 4480 ’76.
