3138 5006
644 262 771 328 196
1262 263 1651 329 'PHOMAE
1700 263 2215 328 SYDENHAM

368 441 570 489 (301.ch
637 429 738 488 ter
765 423 1220 508 inquirendum
1249 431 1366 488 est.
1455 423 1624 487 Cum
1646 423 1821 488 enim
1848 423 2215 507 hujusmodi
2241 421 2640 486 medicamen
2666 422 2839 487 viam

334 505 610 618 Ali-ffss‘r'xm
639 525 758 589 sibi
793 527 1000 590 facere
1035 547 1150 610 per
1183 526 1636 590 intestinorum
1681 527 1934 590 canales
1972 547 2107 590 non
2144 527 2371 604 valeat,
2406 546 2599 608 aeger
2638 525 2720 590 ab
2760 548 2841 590 eo

332 729 381 768 ⁰²
399 739 548 784 quam
637 737 704 794 et
747 730 1024 794 vomitus
1067 737 1132 794 et
1177 730 1356 794 dolor
1398 737 1741 813 augentur,
1829 731 2016 795 Potio
2067 730 2417 795 cathartica
2456 730 2719 793 lenitiva
2760 751 2841 793 ex

330 787 530 897 ἓξιιῗυ·
638 832 956 896 infusione
983 833 1510 912 tamarindorum,
1540 834 1843 897 foliorum
1872 854 2125 912 sennae,
2158 841 2223 897 et
2265 833 2425 911 rhei,
2454 833 2527 896 in
2556 853 2684 916 qua
2711 833 2839 896 dis-

639 935 795 998 solvi
843 941 1112 1018 possunt
1157 956 1417 1010 manna,
1463 941 1530 1000 et
1576 955 1849 1020 syrupus
1890 955 2187 999 rosaceus
2195 943 2244 1014 ⁶¹,
2290 934 2655 999 catharticis
2698 935 2839 998 aliis

639 1038 1070 1118 anteferenda,
1131 1059 1280 1102 cum
1337 1039 1639 1104 humores
1696 1040 1911 1104 minus
1962 1040 2245 1123 exagitet
2292 1045 2358 1103 et
2404 1049 2837 1104 commoveat:

637 1160 788 1203 cum
827 1149 1067 1220 tamen,
1107 1141 1237 1205 sive
1281 1141 1362 1205 ob
1399 1142 1575 1225 aegri
1619 1143 2079 1207 aversationem
2117 1141 2569 1206 medicamenti
2593 1141 2839 1205 formae

635 1240 1003 1325 liquidioris,
1063 1243 1194 1308 sive
1245 1244 1810 1323 vomituritionem,
1869 1244 1940 1307 in
1997 1241 2351 1308 ventriculo
2416 1243 2679 1308 retineri
2732 1244 2837 1306 vix

637 1351 849 1426 queat,
881 1345 1116 1429 pilulae
1159 1347 1514 1410 necessario
1556 1347 1629 1412 in
1666 1346 2021 1410 subsidium
2060 1345 2421 1424 vocandae3
2467 1345 2637 1409 inter
2680 1367 2839 1429 quas

635 1445 890 1510 cochiae
917 1446 1078 1510 mihi
1113 1469 1264 1532 prae
1293 1448 1558 1513 caeteris
1598 1469 1848 1531 semper
1884 1449 2199 1532 placuere,
2230 1453 2458 1531 utpote
2485 1447 2839 1512 certissimo

633 1547 796 1630 pede
823 1569 1019 1631 quam
1057 1557 1404 1632 coeperunt
1432 1549 1600 1613 viam
1636 1548 2023 1628 insistentes,
2053 1555 2199 1612 tum
2226 1549 2299 1611 in
2334 1548 2458 1611 hoc
2488 1569 2660 1627 casu,
2690 1556 2837 1612 tum

333 1657 392 1704 1n
418 1673 598 1736 mean}
637 1649 774 1712 aliis
807 1650 1143 1734 plerisque.
1235 1651 1368 1715 Ubi
1410 1672 1558 1715 vero
1596 1658 1784 1716 tanta
1826 1659 1923 1716 est
1968 1652 2096 1715 sive
2139 1651 2475 1716 ventriculi
2520 1650 2832 1729 debilitas,

327 1723 584 1835 ἒξῖξῖἷὲζξ
637 1752 765 1816 sive
811 1753 1007 1816 etiam
1053 1753 1464 1832 vomituritiO,
1511 1761 1589 1819 ut
1634 1775 1757 1818 nec
1813 1755 2051 1837 pilulae
2100 1754 2344 1838 possint
2403 1753 2694 1832 detineri,
2746 1753 2841 1817 ibi

329 1857 378 1896 ⁶¹²
400 1851 556 1926 quf·
635 1855 990 1919 remedium
1032 1856 1238 1938 primo
1283 1856 1656 1940 anodynum
1698 1857 1960 1940 impero,
2008 1864 2074 1922 et
2114 1857 2335 1940 paucis
2383 1856 2557 1920 horis
2608 1857 2839 1940 elapsis

323 1921 624 2027 ἑῖῗᾶᾬῖω
639 1957 1098 2034 catharticum3
1144 1978 1220 2022 eo
1256 1958 1561 2042 temporis
1600 1959 1805 2042 spatio
1841 1959 2196 2042 interjecto,
2226 1965 2304 2023 ut
2337 1959 2763 2022 catharticum
2798 1981 2841 2022 a

327 2043 598 2168 ζζζξζζξξο
636 2059 960 2123 narcotico
1005 2066 1194 2124 tanto
1239 2059 1434 2124 distet
1481 2061 1837 2138 intervallo,
1886 2069 1962 2126 ut
2006 2061 2087 2125 ab
2132 2082 2209 2124 eo
2254 2081 2389 2124 non
2432 2061 2727 2124 vincatur
2768 2069 2839 2126 et

326 2171 545 2220 tendum.
634 2167 874 2243 pereat,
899 2183 1005 2226 eas
1036 2169 1252 2225 autem
1273 2161 1344 2225 in
1364 2162 1720 2226 ventriculo
1741 2183 1953 2228 moras
1968 2163 2206 2241 trahat,
2231 2184 2395 2245 quae
2427 2163 2512 2226 ad
2530 2163 2837 2226 virtutem

634 2262 1035 2345 purgativam
1057 2262 1264 2327 eidem
1281 2264 1882 2328 communicandam
1912 2265 2249 2344 sufficiant,
2268 2271 2347 2328 ut
2368 2286 2550 2328 suam
2574 2264 2838 2328 demum

633 2371 851 2428 exerat
888 2364 1342 2448 operationem,
1375 2373 1663 2430 cessante
1694 2367 1931 2430 altero:
1974 2367 2124 2431 licet
2164 2365 2587 2430 catharticum
2622 2366 2841 2449 (modo

633 2465 700 2530 id
727 2467 926 2550 possit
955 2467 1138 2551 fieri,)
1173 2467 1286 2533 diu
1311 2476 1459 2552 post
1487 2468 1860 2553 anodynum
1890 2468 2236 2533 rectissime
2263 2469 2659 2552 propinatus,
2684 2489 2839 2533 cum

634 2569 830 2632 etiam
867 2570 950 2633 ad
992 2570 1182 2635 horas
1211 2570 1548 2634 duodecim
1579 2570 1660 2635 ab
1696 2570 1819 2635 hoc
1860 2578 2205 2653 assumpto,
2238 2571 2417 2635 alvus
2444 2570 2551 2635 isti
2583 2570 2841 2653 aegrius

631 2670 1032 2754 respondeat,
1064 2678 1256 2755 atque
1285 2693 1420 2735 non
1447 2673 1574 2736 nisi
1602 2673 1925 2756 operosius
1955 2672 2254 2737 solvatur.

328 2786 532 2851 Anody-
731 2771 854 2855 [6.]
911 2772 1078 2837 Cum
1109 2779 1326 2837 autem
1352 2773 1479 2853 hic,
1509 2774 1611 2838 uti
1636 2775 1706 2837 in
1729 2773 1866 2837 aliis
1894 2774 2211 2858 plerisque
2238 2772 2481 2837 morbis
2506 2772 2575 2835 in
2600 2773 2841 2857 quibus

326 2865 449 2897 ”³¹¹¹
467 2868 608 2901 ''²⁸¹¹“
634 2872 1002 2939 indicantur
1042 2876 1384 2955 narcotica,
1426 2875 1851 2940 catharticum
1895 2896 2144 2959 semper
2186 2874 2470 2939 dolorem
2513 2874 2836 2954 intendat,

328 2920 377 2961 et
398 2931 504 2963 sero
521 2932 605 2965 ex-

327 2978 591 3057 hibesqum
641 2976 890 3057 (saltem
919 2975 1106 3040 finita
1124 2978 1262 3060 jam
1292 2978 1679 3061 operatione,
1712 2998 1840 3062 qua
1868 2976 2125 3059 quidem
2142 2976 2398 3059 vigente
2426 2976 2648 3041 mitius
2670 2998 2837 3040 non-

327 3045 557 3169 ἓῗζξξὲῗ
635 3098 972 3160 nunquam
1008 3098 1158 3141 cum
1187 3098 1378 3160 aegro
1419 3078 1676 3161 agitur,)
1712 3078 1945 3141 idcirco
1974 3077 2237 3141 solenne
2274 3076 2436 3139 mihi
2462 3083 2561 3141 est
2590 3078 2832 3161 anody-

326 3169 458 3280 ἰωῇ
473 3187 590 3233 pur·
637 3199 798 3241 num
818 3178 1128 3261 ingerere,
1153 3180 1266 3243 ubi
1287 3179 1566 3263 primum
1586 3180 1891 3264 expiravit
1912 3179 2247 3243 cathartici
2264 3177 2559 3265 ἐνέργεια.
2623 3178 2837 3245 Quale

327 3250 574 3373 {52:113th
639 3278 896 3361 quidem
953 3301 1144 3344 mane
1191 3282 1384 3344 etiam
1431 3289 1497 3346 et
1547 3304 1687 3347 sero
1738 3283 2020 3366 quotidie
2075 3284 2505 3347 hauriendum
2566 3284 2832 3367 impero,

327 3370 608 3487 ἓζῗζᾞᾷῐ-
637 3381 842 3463 spatio
899 3382 1136 3446 scilicet
1193 3383 1372 3447 omni
1427 3384 1601 3448 inter
1655 3386 2067 3468 purgationes
2124 3386 2355 3464 medie,
2412 3408 2539 3469 quo
2596 3387 2835 3451 certius

329 3490 559 3549 gationes.
637 3481 919 3545 dolorem
949 3484 1334 3567 consopiam,
1367 3485 1571 3550 donec
1602 3486 1905 3551 cathal-sis
1936 3486 2149 3551 debite
2178 3487 2374 3552 fuerit
2402 3486 2743 3552 celebrata.

733 3584 854 3668 [7.]
908 3585 1178 3650 Peracta
1249 3587 1544 3667 cathmi,
1618 3589 1963 3652 humorum
2038 3585 2367 3675 dpywpdv
2431 3610 2837 3673 compescere

641 3686 837 3769 (quod
865 3688 1001 3771 jam
1037 3690 1244 3753 solum
1281 3697 1480 3754 restat
1520 3691 1888 3773 agendum,)
1925 3692 2224 3775 anodyno
2264 3713 2455 3755 mane
2490 3700 2558 3757 et
2589 3695 2833 3776 vesperi

433 3859 446 3871 ,
501 3860 516 3873 ι
630 3788 872 3870 jugiter
900 3790 1182 3855 exhibito
1219 3793 1575 3872 contend03
1622 3794 1795 3878 quod
1830 3794 2025 3857 etiam
2063 3794 2313 3878 saepius
2351 3794 2695 3878 aliquando
2732 3802 2831 3861 est

327 3858 614 4036 ΞΞΞΞἜῘ,
635 3891 1091 4057 ῗρθωῐζὲἱᾱιιωε
1151 3914 1272 3957 nec
1318 3916 1607 4059 unquzm
1652 3895 1814 4059 nliihi
1862 3896 2133 3978 contigit
2184 3896 2433 3960 dolores
2488 3896 2831 3962 vehemen-

329 4002 360 4033 ¹¹
515 4004 572 4037 0⁸
689 4012 830 4056 ores
981 4016 1086 4058 are
1207 4017 1306 4060 sse
1355 3997 1480 4060 nisi
1557 3997 1653 4061 osi
1831 3998 1945 4061 'ori
1972 4004 2040 4062 et
2077 3997 2378 4062 reiterata
2401 4023 2414 4039 ·
2505 4018 2627 4061 uae
2655 3998 2831 4063 enim

328 4058 614 4177 ffiffioffi
639 4094 823 4159 alteri
869 4098 1040 4161 maio
1088 4016 1467 4163 ᾱξῖειιὲηᾱο
1508 4120 1627 4182 par
1670 4018 1854 4178 αξξ
1901 4099 1982 4163 ab
2025 4100 2147 4163 hoo
2190 4020 2505 4177 vincitur?
2530 4100 2833 4164 violentia

327 4179 613 4293 ffifffflffffff
638 4195 870 4261 doloris
898 4200 1159 4263 remedii
1187 4201 1350 4264 vires
1379 4200 1737 4283 frangente.
1827 4201 2167 4266 Tutissime
2198 4209 2417 4266 autem
2444 4208 2832 4287 repetuntur

329 4306 376 4353 le
398 4306 609 4359 desierit.
634 4299 955 4363 narcotica
976 4308 1249 4383 urgente
1278 4302 1389 4386 huj
1397 4302 1645 4368 usmodi
1667 4301 1901 4382 dolore,
1926 4325 2061 4367 non
2088 4303 2247 4367 item
2276 4302 2393 4367 ubi
2420 4303 2529 4367 ille
2552 4302 2827 4367 desierit.

1409 4440 1432 4475 «ι
1467 4430 1543 4478 Cf.
1566 4429 1758 4478 sonum.
1784 4434 1829 4489 8,
1857 4434 1933 4489 24,
1960 4433 2045 4479 820.
