3138 5006
480 300 1272 370 OBSERVATIONUM
1316 295 1887 364 MEDICARUM
1944 295 2044 349 VI.
2080 304 2131 364 6,
2168 302 2218 349 7.
2306 292 2433 355 265

243 419 542 549 stragulis
581 487 773 550 quam
819 466 1050 529 soleret
1093 469 1452 546 coopertus,
1491 461 1563 523 in
1601 459 1840 524 lectulo
1876 457 2001 521 levi
2040 452 2285 518 madori
2336 453 2435 516 in-

245 570 508 653 dulgeat
551 589 665 654 per
704 567 950 632 dictum
991 575 1266 649 tempus.
1361 563 1486 626 His
1533 561 1757 640 finitis,
1794 561 1849 624 si
1886 558 2183 644 pustulae
2228 555 2437 618 adhuc

244 695 380 738 non
437 674 832 751 evanuerint,
895 670 1188 754 sequenti
1245 668 1587 732 linimento
1643 672 1858 749 partes
1917 663 2179 728 affectae
2244 660 2439 724 inun-

247 783 488 859 gantur
513 801 618 840 2—-

252 969 452 1038 [Form.
471 967 624 1039 47.]⁰
673 967 736 1045 R
779 968 1058 1040 Unguenti
1082 985 1150 1022 ex
1174 965 1510 1038 oxylapatho
1533 965 1719 1018 uncias
1743 963 1893 1037 duas,

778 1056 1056 1126 Unguenti
1084 1053 1294 1108 Pomati
1319 1054 1530 1106 unciam
1555 1067 1739 1116 unam,

775 1141 990 1195 Florum
1017 1139 1296 1212 Sulphuris
1309 1139 1598 1192 drachmas
1624 1146 1743 1200 tres,

779 1227 897 1282 Olei
922 1226 1117 1281 Rhodii
1140 1235 1320 1297 guttas
1342 1224 1524 1279 decem
1543 1245 1558 1288 ;

533 1313 656 1368 Fiat
675 1315 1032 1368 linimentum.

251 1493 698 1557 Verumtamen
735 1491 1205 1556 medicamenta
1241 1491 1631 1575 praescripta
1666 1488 1843 1553 haud
1876 1493 2289 1572 usurpentur,
2324 1487 2451 1551 nisi

249 1595 758 1660 venae-sectione
803 1601 996 1677 atque
1040 1593 1314 1658 catharsi
1353 1594 1477 1657 rite
1519 1591 1919 1676 praemissis;
1966 1612 2148 1675 quae,
2192 1590 2453 1655 tametsi

253 1698 460 1762 solum
511 1696 838 1761 adhibitae
880 1696 1278 1760 curationem
1326 1718 1461 1762 non
1512 1695 1873 1774 absolvunt,
1918 1715 2184 1777 aegrum
2232 1700 2452 1756 tamen

252 1808 479 1864 contra
535 1799 766 1864 febrim
823 1799 1296 1883 praemuniant,
1349 1799 1432 1864 ob
1491 1820 1687 1862 usum
1747 1796 2248 1862 medicaminum
2299 1795 2449 1859 cali-

255 1903 486 1967 dorum
516 1902 672 1966 alias
701 1922 1128 1966 oemirsuram.

350 2001 472 2088 [8.]
528 2003 648 2067 Est
677 2008 745 2067 et
773 2003 900 2067 alia
935 2004 1288 2087 eruptionis
1324 2004 1585 2087 species,
1618 2003 1740 2067 etsi
1768 2003 1984 2067 minus
2020 2001 2337 2086 frequens,
2370 2000 2453 2065 ad

254 2107 437 2191 cujus
465 2106 782 2170 medelam
810 2106 1027 2170 nullae
1053 2126 1312 2190 prorsus
1341 2106 1786 2171 evacuationes
1815 2105 2177 2170 conferunt.
2271 2103 2453 2167 Haec

254 2209 514 2273 tametsi
550 2209 620 2272 in
661 2209 802 2272 aliis
842 2209 1227 2294 quandoque
1267 2208 1581 2293 partibus,
1616 2215 1694 2273 ut
1728 2208 2081 2292 plurimum
2119 2214 2340 2272 tamen
2378 2207 2452 2270 in

254 2319 510 2394 pectore
539 2317 820 2394 apparet,
852 2332 927 2376 ac
953 2312 1096 2377 loco
1125 2312 1339 2395 aliquo
1368 2311 1795 2376 determinato
1824 2333 1893 2374 se
1920 2311 2083 2394 figit,
2113 2310 2219 2374 vix
2248 2308 2451 2374 cutim

257 2415 755 2498 supereminens,
797 2421 990 2498 atque
1029 2415 1325 2480 latiorem
1373 2415 1695 2479 maculam
1736 2435 1889 2498 prae
1940 2434 2008 2477 se
2050 2413 2282 2493 ferens,
2322 2413 2451 2477 nisi

260 2517 430 2601 quod
450 2517 924 2601 aliquantulum
950 2519 1367 2603 porriginosa,
1388 2539 1461 2581 ac
1484 2519 1667 2601 quasi
1686 2518 2066 2596 furfiiracea,
2086 2538 2237 2581 cum
2266 2538 2450 2601 squa-

257 2620 449 2683 mulis
487 2620 696 2684 colore
735 2620 816 2684 ad
855 2621 1091 2685 flavum
1127 2628 1430 2703 vergente
1463 2622 1706 2700 tinctis,
1738 2622 2039 2685 cernitur.
2134 2621 2279 2685 Hac
2322 2621 2453 2685 sive

258 2722 529 2800 macula,
561 2722 691 2785 sive
727 2722 1122 2807 impetigine,
1152 2724 1429 2806 vigente,
1462 2744 1651 2807 aeger
1682 2724 1953 2788 benene
1980 2723 2197 2802 habet,
2228 2723 2453 2787 eadem

257 2847 406 2889 vero
434 2832 872 2904 evanescente,
907 2828 1006 2909 (ut
1047 2846 1232 2910 saepe
1259 2827 1380 2911 fit,)
1414 2826 1750 2891 leviculum
1788 2825 2255 2909 aegritudinem
2288 2826 2453 2909 pati-

259 2934 386 3007 tur,
427 2934 620 3010 atque
655 2927 846 2992 urina
882 2929 1020 3012 ejus
1047 2928 1368 2993 turbidior
1413 2935 1481 2992 et
1516 2927 1953 3007 rubicundior,
1990 2928 2103 2992 sed
2148 2928 2233 2993 ad
2266 2930 2454 2993 flave-

261 3028 480 3093 dinem
510 3028 836 3108 accedens,
865 3029 1177 3095 redditur.
1247 3030 1334 3095 In
1360 3031 1553 3115 hujus
1584 3031 1781 3095 etiam
1810 3030 2077 3095 affectus
2105 3031 2457 3110 curatione,

262 3132 486 3197 eadem
520 3132 640 3211 via,
679 3140 875 3217 atque
906 3133 1138 3199 iisdem
1171 3140 1318 3219 post
1356 3132 1803 3199 evacuationes
1842 3133 2233 3203 universales
2265 3134 2459 3218 plane

259 3234 576 3313 remediis,
605 3234 1057 3316 insistendum,
1089 3257 1165 3301 ae
1205 3237 1280 3303 in
1321 3236 1581 3321 pruritu
1621 3236 1830 3303 ferino
1872 3236 2066 3303 modo
2112 3236 2321 3315 dicto,
2384 3254 2461 3300 ae

260 3337 527 3422 proinde
572 3338 768 3421 (quod
803 3359 942 3403 non
979 3340 1457 3424 omittendum,)
1492 3338 1647 3419 vini,
1679 3345 1758 3404 ut
1797 3346 1864 3405 et
1892 3339 2186 3405 carnium
2225 3336 2457 3404 εὐπέπ-

262 3466 406 3522 των,
427 3460 584 3505 usus
605 3441 872 3507 omnino
892 3442 1359 3522 concedendus,
1379 3464 1529 3507 eum
1545 3442 1990 3528 refrigerantia
2014 3442 2235 3507 omnia
2252 3443 2461 3526 magis

263 3544 544 3610 officiant
579 3566 772 3628 quam
813 3545 1081 3627 prosint.
1170 3547 1387 3629 Atque
1425 3546 1520 3609 ita
1551 3545 1711 3611 haec
1749 3551 2073 3629 postrema
2106 3544 2461 3628 eruptionis

2506 463 2703 512 Festus

2465 528 2757 576 Enrsffsn.

2518 605 2699 640 ΑτοεΛ.

263 3648 499 3730 species
535 3656 818 3727 curatur,
857 3670 1019 3732 quae
1053 3655 1278 3718 tamen
1312 3649 1658 3734 aliquando
1691 3671 1826 3717 non
1862 3650 1988 3717 nisi
2022 3649 2203 3735 aquis
2238 3648 2471 3715 ferreis-

264 3749 378 3813 diu
406 3750 610 3835 epotis
639 3750 842 3816 cedet.

401 3890 407 3893 ·
1141 3865 1333 3929 CAP.
1380 3866 1541 3931 VII.
1561 3878 1594 3925 ι)

1230 3964 1503 4085 A‘nqina.

355 4236 714 4303 Quounn'r
763 4238 921 4305 anni
969 4246 1256 4323 tempore
1309 4240 1700 4325 aggreditur,
1745 4241 2021 4305 maxime
2074 4246 2294 4305 tamen
2352 4240 2463 4305 illo

267 4338 440 4421 quod
476 4360 586 4405 ver
621 4347 814 4424 atque
851 4348 1162 4407 aestatem
1195 4342 1551 4429 interjacet,
1584 4345 1852 4429 juvenes
1886 4365 2038 4428 prae
2073 4342 2361 4423 caeteris,
2397 4350 2463 4408 et

521 4457 544 4480 ⁰
579 4451 654 4497 ef.
679 4452 818 4498 form.
847 4450 954 4501 175.

529 4520 552 4552 Ρ
583 4514 734 4563 Deest
754 4514 846 4563 hoc
871 4531 972 4579 cap.
999 4517 1050 4564 in
1073 4517 1180 4565 edd.
1207 4518 1410 4577 ⁹66,·68.
1438 4520 1512 4567 ef.
1533 4522 1739 4569 Procas.
1764 4522 1855 4571 Int.
1883 4536 1925 4569 c.
1954 4523 2027 4569 13.

1273 4619 1424 4661 Hm

2486 4254 2723 4317 Tempore

2487 4335 2571 4367 ver
2594 4328 2742 4383 atque

2488 4393 2718 4434 aestatem
