3138 5006
692 268 818 331 136
1307 267 1696 332 'rHoMAE
1743 266 2258 331 SYDENHAM

380 435 661 481 vinnons
685 432 987 515 produnt,
1020 441 1248 513 aegro*
1278 452 1435 494 aura
1454 430 1769 509 liberiore,
1799 432 1968 509 vino,
1993 452 2068 495 ac
2096 429 2386 494 carnium
2409 450 2526 493 esu
2547 426 2882 507 interdico,

380 500 660 611 ῗξζῖζζξξ
686 535 1053 599 cerevisiam
1090 554 1239 597 vero
1278 534 1638 597 tenuiorem
1675 554 1842 617 pane
1877 540 2050 597 tosto
2093 532 2317 597 leviter
2353 532 2740 615 tepefactam
2767 553 2884 614 pro

412 627 621 678 ’⁶⁷·'⁶9·
683 644 844 721 potu
873 638 1214 715 ordinario,
1240 657 1313 700 ac
1336 635 1642 700 subinde⁸
1661 657 1778 719 pro
1799 636 2062 701 arbitrio
2083 633 2541 700 haurienda-mb
2563 634 2885 712 concedo;

682 765 800 827 pro
842 744 1017 808 victu
1060 744 1257 807 etiam
1307 742 1560 825 juscula
1603 763 1933 819 avenacea,
1977 741 2384 819 hordeaceae,
2429 762 2620 823 poma
2677 749 2883 819 cocta,

684 847 954 931 aliaque,
1014 868 1177 931 quae
1233 849 1443 929 neque
1508 846 1781 929 frigoris,
1839 865 2052 928 neque
2117 844 2344 908 caloris
2409 844 2540 906 vim
2598 844 2884 926 aliquam

680 950 1005 1031 egregiam
1048 948 1363 1026 obtinent,
1396 955 1509 1012 aut
1551 948 1905 1011 ventriculo
1947 954 2332 1012 concoctum
2373 946 2734 1010 molestiam
2773 968 2882 1010 ex-

681 1050 930 1128 hibent,
962 1051 1251 1134 injungO.
1342 1049 1485 1112 Nec
1528 1049 1858 1131 vulgarem
1899 1048 2078 1112 illam
2121 1050 2554 1131 rusticamque
2595 1048 2882 1112 diaetam

683 1150 1030 1215 admodum
1064 1150 1373 1234 improbo,
1404 1170 1638 1232 nempe
1673 1156 1752 1212 ut
1788 1149 1954 1213 lacte
1997 1172 2148 1213 cum
2187 1172 2382 1233 pomo
2419 1157 2602 1215 cocto
2631 1157 2698 1214 et
2727 1172 2878 1215 con-

680 1262 829 1318 tuso
872 1260 1180 1331 vescatur,
1224 1253 1417 1317 modo
1462 1259 1726 1317 cautum
1779 1252 1862 1315 sit
1913 1260 1988 1315 ut
2038 1274 2116 1318 eo
2160 1274 2274 1336 per
2317 1254 2486 1317 vices
2535 1260 2764 1317 utatur
2811 1263 2880 1318 et

678 1359 948 1435 modice,
988 1358 1249 1439 dempto
1287 1358 1483 1420 etiam
1520 1356 1704 1420 lactis
1743 1356 2000 1439 frigore.
2091 1358 2152 1421 A
2186 1356 2538 1440 regimine‘¹
2577 1358 2878 1423 calidiore

680 1462 976 1545 protinus
1004 1460 1284 1538 inhibeo,
1314 1466 1391 1523 ut
1420 1466 1486 1523 et
1516 1459 1599 1523 ab
1627 1481 1752 1523 usu
1788 1459 2404 1524 medicamentorum
2438 1460 2878 1526 cardiacorum

370 1568 597 1647 Variolpe
685 1585 1230 1648 quorumcunque,
1262 1562 1494 1645 quibus
1523 1562 1814 1626 Variolas
1842 1563 1914 1626 in
1941 1570 2158 1627 cutem
2192 1570 2344 1627 ante
2372 1564 2542 1627 diem
2571 1572 2874 1647 quartum

372 1635 635 1760 {ffss‚2¹‡,3¹¹
688 1668 821 1749 (qui
866 1668 1187 1750 eruptioni
1228 1665 1519 1749 proprius
1568 1670 1666 1729 est
1717 1686 1790 1729 ac
1833 1666 2196 1750 naturalis,)
2239 1674 2480 1731 temere
2521 1669 2876 1752 propellere

379 1763 619 1838 eruptioni
677 1770 977 1836 nonnulli
1005 1776 1344 1852 satagunt3
1390 1788 1540 1831 cum
1584 1789 1700 1850 pro
1739 1776 1915 1832 certo
1957 1769 2229 1833 habeam
2273 1792 2350 1833 eo
2383 1770 2590 1853 magis
2621 1773 2874 1835 univer-

374 1841 617 1947 {st-aptata
676 1872 873 1936 salem
901 1871 1037 1935 fore
1060 1871 1366 1934 materiae
1386 1869 1756 1934 Variolosae
1787 1872 2270 1953 separationem,
2296 1894 2424 1955 quo
2445 1872 2694 1936 tardius
2711 1874 2876 1938 istae

372 1960 557 2066 ξξιῐζζξξ
578 1956 629 2003 ³¹¹
673 1980 1123 2059 prorumpunt,
1148 1973 1414 2057 proinde
1444 1980 1511 2037 et
1541 1976 1889 2038 securiores
1917 1995 2252 2057 possumus
2279 1996 2418 2041 esse
2445 1998 2530 2041 ne
2561 2000 2628 2041 se
2659 1978 2874 2044 denuo

372 2084 647 2146 propellen·
672 2077 849 2140 intro
892 2076 1174 2139 condant
1216 2082 1282 2139 et
1324 2076 1560 2139 rectius
1604 2082 2073 2140 maturescent:
2121 2098 2288 2156 cum,
2319 2079 2376 2141 si
2422 2086 2572 2144 ante
2615 2087 2874 2165 tempus

371 2146 471 2198 ὼε·
676 2177 1120 2255 extrudantur,
1150 2177 1607 2259 praecipitatur
1636 2178 1906 2241 materia
1945 2178 2146 2242 cruda
2187 2180 2398 2244 adhuc
2426 2189 2621 2265 atque
2649 2181 2872 2247 incon-

675 2287 875 2358 eocta,
908 2301 1071 2363 quae
1100 2280 1183 2343 ad
1209 2280 1415 2343 instar
1441 2278 1772 2342 fructuum
1800 2280 2272 2362 praecociorum
2299 2281 2483 2345 inani
2509 2305 2620 2367 spe
2647 2284 2872 2349 lactat.

373 2394 543 2471 iffi-mia
558 2394 649 2471 {nac
684 2381 853 2466 [43]
913 2381 1095 2446 Adde
1136 2381 1308 2464 quod
1353 2378 1433 2444 ab
1481 2379 1604 2443 hae
1649 2379 1923 2443 nimium
1971 2379 2278 2445 festinata
2326 2382 2661 2467 diligentia
2703 2386 2872 2468 peri-

366 2459 654 2573 25:133?ss&ss
676 2487 895 2550 culum
939 2490 1036 2549 est
1082 2484 1173 2566 (in
1218 2482 1624 2547 calidioribus
1667 2482 2043 2566 praesertim
2081 2486 2606 2568 temperamentis
2651 2509 2726 2550 ac
2769 2509 2876 2552 ve-

367 2589 431 2636 tis
450 2590 651 2637 Conflu-
679 2589 1050 2673 getioribus,
1097 2608 1369 2671 quorum
1418 2587 1734 2669 principia
1777 2589 1983 2650 activa
2026 2589 2173 2669 plus
2225 2591 2378 2653 satis
2437 2590 2878 2656 cardiacorum

366 2663 640 2768 ξέζῗέξοέ
676 2690 975 2774 supplent
1010 2688 1257 2770 vicem,)
1290 2707 1376 2749 ne
1404 2686 1664 2750 Natura
1704 2687 1899 2750 nimis
1936 2687 2206 2753 incitata
2243 2699 2590 2776 coactaque
2619 2695 2876 2760 univer-

570 2839 593 2864 .
672 2817 813 2858 sam
853 2813 1021 2877 pene
1061 2790 1343 2874 corporis
1382 2787 1812 2852 substantiam
1851 2790 1920 2852 in
1959 2789 2251 2854 Variolas
2291 2793 2620 2873 effundat,
2665 2796 2760 2860 ita
2797 2805 2880 2861 ut

666 2897 806 2980 jam
856 2895 1184 2960 confluant
1235 2892 1399 2968 illae,
1455 2912 1638 2973 quae,
1692 2891 1816 2954 nisi
1867 2892 2010 2975 plus
2071 2915 2272 2977 aequo
2328 2917 2749 2980 properasses,
2801 2899 2878 2962 in

674 3001 1143 3065 Distinctarum
1174 2995 1399 3059 ordine
1426 2994 1676 3058 laetiori
1711 2995 1926 3058 omine
1956 2995 2412 3062 substitissent.
2507 2999 2708 3065 Porro
2737 3024 2878 3065 non

670 3104 817 3167 ideo
876 3102 1097 3166 statim
1146 3099 1315 3161 foras
1362 3096 1810 3180 propellendae
1856 3104 2009 3161 sunt
2061 3098 2360 3164 Variolae
2417 3101 2532 3164 ubi
2589 3103 2880 3185 primum

672 3206 889 3288 aliqua
928 3202 1137 3268 morbi
1177 3201 1373 3283 hujus
1418 3199 1692 3282 suspicio
1739 3200 1962 3278 oritur,
2009 3203 2160 3284 quia
2203 3203 2444 3268 scilicet
2487 3227 2678 3288 aeger
2719 3213 2878 3272 ante

670 3307 1077 3389 eruptionem
1133 3302 1547 3366 vehementer
1603 3307 1680 3364 ut
1729 3301 2082 3383 plurimum
2138 3302 2389 3368 laborat
2448 3306 2876 3390 angiturque3

672 3431 821 3474 cum
864 3430 949 3472 ne
993 3407 1093 3471 vel
1134 3427 1269 3469 una
1313 3403 1573 3488 quidem
1615 3403 1930 3466 instantia
1969 3405 2170 3486 possit
2215 3407 2468 3470 ostendi
2505 3409 2878 3494 quempiam

670 3511 818 3574 ideo
874 3509 1212 3585 interiisse,
1258 3511 1409 3569 utut
1468 3505 1747 3588 graviter
1804 3507 2250 3588 aegrotaverit,
2305 3510 2475 3592 quod
2529 3533 2664 3576 non
2720 3535 2881 3577 mox

670 3613 1004 3697 prodirent
1038 3609 1356 3685 Variolae,
1392 3606 1492 3670 vel
1535 3607 1860 3670 Naturam
1903 3607 2130 3671 iisdem
2175 3609 2378 3674 serius
2417 3633 2612 3696 ocyus
2653 3622 2878 3681 extra..

674 3716 899 3780 dendis
951 3714 1245 3791 defuisse,
1297 3709 1425 3773 nisi
1476 3709 1683 3774 sicubi
1736 3711 2049 3793 regimine
2107 3712 2406 3778 calidiore
2456 3721 2523 3778 et
2572 3717 2877 3782 remediis

670 3817 976 3882 cardiacis
1017 3819 1422 3898 praemature
1464 3811 1734 3894 ingestis
1775 3812 1971 3876 fuerit
2013 3814 2342 3897 impedita.
2429 3818 2692 3882 Etenim
2737 3843 2878 3886 non

670 3921 871 3986 semel
920 3915 1246 3983 observavi
1294 3914 1366 3977 in
1410 3911 1777 3996 junioribus
1837 3919 1902 3977 et
1954 3920 2464 3998 temperamento
2515 3922 2877 4003 sanguineo

738 4155 761 4180 ι
794 4140 959 4204 aegro]
984 4155 1173 4202 aegrum
1194 4138 1267 4185 ed.
1292 4137 1387 4184 ⁹68.
1815 4153 1901 4199 pro
1924 4139 2101 4200 quibus
2123 4147 2291 4189 extant
2315 4141 2433 4190 haec
2455 4160 2609 4206 pauca
2624 4149 2880 4198 t—Quoad

736 4214 759 4237 ι
790 4204 1005 4266 abinde]
1030 4219 1341 4264 nonnunquam
1364 4200 1436 4247 ed.
1462 4199 1560 4258 '68,
1583 4201 1679 4250 ’76.
1816 4204 1924 4249 lecti
1953 4221 2096 4261 usum,
2123 4223 2223 4253 eum
2248 4207 2396 4269 juxta
2419 4213 2533 4257 anni
2563 4219 2877 4272 tempestatem

740 4269 763 4301 s
796 4269 955 4331 hauh]
980 4269 1309 4330 degustandam
1335 4265 1410 4312 ed.
1433 4266 1513 4312 ’68
1815 4283 1871 4312 ac
1900 4269 2187 4317 Variolarum
2211 4275 2401 4332 copiam,
2423 4276 2496 4320 v-el
2522 4273 2596 4334 (ut
2617 4279 2876 4326 hominibus

736 4343 759 4366 e
792 4337 919 4382 hora.
936 4349 1072 4395 poma
1094 4329 1247 4391 cocta]
1272 4345 1367 4376 om.
1392 4329 1466 4376 ed.
1489 4331 1588 4376 ⁹68.
1813 4334 1938 4378 senis
1959 4336 2138 4380 solenne
2157 4335 2267 4396 esu)
2286 4339 2554 4386 solummodo
2585 4348 2876 4400 nocturn-n,

737 4397 761 4429 ‘¹
795 4401 841 4446 A
862 4401 1024 4460 regim.
1048 4394 1155 4458 ᾦα]
1182 4395 1376 4442 Desunt
1404 4393 1653 4456 sequentia
1674 4393 1724 4441 in
1812 4397 1884 4441 vel
1895 4399 2033 4444 etiam
2047 4401 2258 4447 diurnum
2273 4408 2317 4447 et
2327 4411 2594 4464 perpet-unm
2609 4421 2705 4452 esse
2721 4409 2874 4454 velim.

674 4465 744 4513 ed,
772 4465 852 4511 ’68
876 4475 1029 4524 usque
1051 4459 1113 4506 ad
1134 4461 1287 4520 Atque
1308 4461 1350 4505 εἰ
1376 4465 1572 4520 tempore
1595 4459 1618 4518 ξ
1643 4459 1725 4516 46,
1813 4460 1936 4508 Nam
1959 4465 2001 4508 st·
2023 4470 2218 4525 tempore
2241 4465 2320 4528 ξε.
