3138 5006
698 295 827 358 212
950 381 955 386 θ
1318 285 1712 358 ΤΗΟΜΑΕ
1761 293 2276 360 SYDENHAM

440 463 639 512 Fanum
700 451 1153 532 desiderarent,
1198 457 1379 537 potu,
1426 473 1667 537 esuque
1710 461 1884 518 tam⁸
1917 453 2318 540 jusculorum
2361 473 2557 536 quam
2601 450 2893 530 aliorum,

398 529 632 640 2³30*ss
634 564 673 640 {1
698 555 799 638 cuj
806 575 1135 637 uscunque
1164 555 1416 637 generis
1446 556 1596 634 sint,
1620 557 1827 639 aegris
1853 555 2238 634 interdict03
2281 555 2606 640 permissis
2634 555 2895 618 interim

430 655 639 705 '⁷3·’⁷⁵·
700 663 765 719 et
800 656 1084 720 exercitii
1121 657 1413 721 consueti
1453 677 1598 737 usu,
1629 664 1695 724 et
1738 679 1895 722 aura
1935 657 2252 736 liberiore,
2281 657 2587 739 nullaque
2636 677 2894 738 prorsus

699 757 1111 821 evacuatione
1166 759 1268 822 vel
1324 759 1524 823 semel
1581 759 1899 824 instituta.
1993 757 2206 822 Sane¹²
2261 757 2632 823 omnimoda
2687 758 2896 821 solum

698 859 1071 943 hujusmodi
1112 881 1225 943 per
1266 860 1541 924 biduum
1581 861 1948 924 triduumve
1985 859 2380 926 abstinentia
2418 859 2655 923 liberos
2693 878 2890 936 meos,

702 982 777 1027 ac
814 961 1099 1026 amicitia
1138 962 1301 1025 mihi
1345 963 1922 1046 conjunctissimos,
1967 963 2218 1028 curavi:
2263 983 2488 1027 verum
2525 961 2649 1027 hoc
2688 981 2893 1024 reme-

702 1063 808 1128 dio
836 1085 971 1128 non
1008 1064 1133 1128 nisi
1160 1065 1233 1128 in
1268 1065 1636 1149 junioribus
1665 1086 1740 1131 ac
1778 1072 2284 1150 temperamento
2313 1064 2668 1148 sanguineo
2709 1083 2894 1146 prae-

700 1165 853 1230 ditis
882 1172 979 1230 est
1006 1166 1342 1231 utendum.

794 1268 962 1352 [15.]
1020 1269 1212 1336 Quod
1256 1271 1309 1334 si
1352 1271 1595 1352 demus,
1642 1273 1964 1338 Naturam
2005 1293 2139 1336 non
2181 1272 2308 1336 alia
2349 1269 2652 1336 methodo
2697 1289 2894 1352 quam

695 1391 813 1454 per
851 1371 1255 1454 diaphoresin
1295 1372 1597 1437 morbum
1622 1374 1876 1438 vincere
1915 1395 2119 1458 posse,
2151 1395 2234 1439 an
2274 1395 2409 1438 non
2451 1394 2560 1438 eos
2594 1372 2892 1438 volumus

394 1487 602 1562 Sudoge·
623 1503 653 1563 g
696 1471 979 1551 sudores,
1009 1474 1121 1556 qui
1162 1474 1387 1540 morbo
1418 1476 1557 1560 jam
1600 1475 1936 1540 fatiscente
1979 1481 2427 1559 prorumpunt,
2457 1480 2523 1538 et
2561 1495 2606 1536 a
2633 1473 2894 1556 praevia

384 1552 673 1675 {gffiffedb
695 1575 1051 1658 digestione
1072 1577 1305 1656 fluunt,
1327 1599 1464 1642 non
1482 1599 1634 1643 vero
1661 1578 1837 1658 istos,
1863 1579 1991 1662 qui,
2014 1579 2236 1662 primis
2257 1576 2466 1642 morbi
2489 1575 2714 1638 diebus
2741 1595 2891 1658 pro·

385 1677 591 1726 fluentes
694 1677 877 1758 trusi,
910 1677 989 1742 ab
1031 1677 1394 1762 interrupta
1426 1679 1702 1744 furentis
1731 1680 2025 1744 Naturae
2067 1678 2438 1744 oeconomia
2478 1683 2837 1740 nascuntur
2854 1675 2886 1738 ’ἒ

386 1749 608 1804 prosum
819 1779 833 1793 .
1072 1780 1085 1794 .
1236 1781 1249 1795 .
2534 1778 2547 1791 .

390 1813 565 1854 nocent
697 1777 1091 1862 Hujusmodi
1126 1781 1417 1866 (opmor,)
1454 1779 1716 1846 sudores
1743 1802 1880 1846 non
1921 1787 2112 1846 erunt
2137 1778 2572 1865 promovendi,
2605 1784 2673 1842 at
2713 1798 2888 1841 com-

384 1868 485 1920 alii.
691 1882 1045 1963 poscendus
1102 1883 1315 1966 potius
1370 1884 1692 1948 tumultus
1747 1883 1855 1948 ille
1923 1886 2030 1948 cui
2087 1891 2302 1948 ortum
2359 1902 2549 1946 suum
2621 1879 2884 1946 debent.

690 1981 1067 2048 Istiusmodi
1108 1990 1329 2049 autem
1372 1985 1634 2050 sudores
1677 1985 1914 2050 multas
1951 1984 2228 2050 febrium
2271 1985 2529 2069 species,
2557 1983 2708 2046 licet
2749 2003 2887 2046 non

688 2103 931 2163 omnes,
975 2085 1182 2149 solent
1226 2087 1555 2165 comitari3
1615 2107 1826 2170 neque
1868 2088 2042 2153 enim
2085 2109 2232 2150 sum
2274 2086 2528 2150 nescius
2568 2082 2884 2166 quasdam

382 2187 632 2264 Intefmit-
686 2181 963 2248 febrium
994 2187 1233 2269 species
1253 2188 1392 2270 ejus
1422 2209 1560 2254 esse
1581 2189 1832 2268 indolis,
1854 2197 1931 2254 ut
1959 2191 2032 2253 in
2061 2189 2366 2276 παρακμῇ
2387 2186 2686 2251 sudorem
2705 2185 2884 2249 hunc

378 2257 615 2379 {3ss32
686 2284 979 2349 criticum
1030 2285 1154 2350 sibi
1201 2289 1550 2372 postulent.
1669 2291 1853 2355 mes
1901 2297 2054 2355 sunt
2101 2289 2515 2375 particulares
2559 2287 2882 2350 intermit-

379 2379 467 2488 ξύ)
491 2387 543 2456 eq
568 2381 639 2430 fe·
686 2385 970 2450 tentium
1007 2390 1389 2474 paroxysmi,
1434 2412 1675 2474 magna
1715 2394 1874 2457 item
1927 2401 1992 2458 et
2035 2390 2548 2476 frequentissima
2583 2390 2882 2452 Naturae

378 2456 613 2557 03:¹⁸3&
684 2487 881 2552 febris
926 2488 1006 2554 ab
1049 2489 1162 2555 illa
1201 2491 1491 2575 pendens
1534 2495 1995 2561 constitutione
2041 2516 2204 2579 quae
2248 2493 2331 2559 ad
2373 2491 2880 2557 intermittentes

374 2576 543 2679 2⁰⁰¹*
565 2589 617 2655 ¹3¹
686 2590 1035 2672 epidemice
1087 2591 1535 2675 producendas
1599 2598 1789 2662 unice
1845 2597 2038 2675 facit3
2101 2597 2176 2660 in
2229 2596 2332 2659 his
2397 2595 2591 2672 enim,
2652 2594 2708 2658 si
2771 2594 2882 2657 cui

370 2650 595 2774 afflig
683 2692 988 2759 methodo
1029 2696 1366 2761 insistatur
1394 2720 1557 2781 quae
1585 2721 1721 2764 non
1759 2722 1836 2765 eo
1871 2700 2085 2765 tendit
2121 2706 2198 2763 ut
2237 2698 2504 2763 materia
2543 2696 2881 2761 morbifica

378 2769 655 2887 Ξξῖἳές,
684 2795 1013 2877 digeratur
1061 2797 1363 2881 primum,
1410 2800 1561 2864 dein
1609 2822 1726 2884 per
1775 2800 2036 2866 sudores
2095 2800 2479 2877 eliminetur,
2533 2796 2879 2881 augebitur

680 2898 985 2964 morbus:
1057 2901 1353 2982 quocirca
1417 2902 1633 2967 nussae
1700 2902 1808 2968 hic
1866 2905 2310 2969 evacuationes
2365 2904 2582 2967 locum
2636 2900 2876 2965 habere

682 2998 939 3079 debent,
968 3001 1095 3065 nisi
1136 3010 1453 3085 quatenus
1498 3004 1709 3070 morbi
1749 3006 2065 3089 impetum
2108 3006 2331 3090 primis
2371 3003 2596 3067 diebus
2637 3002 2874 3085 quibus

680 3101 1053 3183 aggreditur
1102 3105 1530 3171 sufflaminare
1573 3107 1808 3185 valent,
1851 3128 1936 3172 ne
1978 3108 2151 3171 inter
2191 3106 2592 3171 medentium
2647 3125 2874 3187 operas

371 3208 519 3283 febri·
680 3221 869 3283 aeger
915 3204 1050 3268 fato
1100 3206 1492 3270 succumbat.
1589 3208 1768 3275 Quin
1817 3217 1884 3274 et
1933 3210 2128 3274 febris
2171 3208 2616 3294 pestilentialis
2659 3228 2871 3286 causa,

371 3279 616 3385 ἓξὲξ-8·
678 3322 828 3363 cum
870 3303 1250 3370 tenuissima
1292 3307 1376 3369 sit
1418 3313 1485 3370 et
1538 3330 1850 3393 perquam
1895 3311 2167 3390 subtilis,
2218 3312 2320 3375 vel
2377 3311 2601 3395 primis
2659 3310 2875 3375 morbi

368 3397 539 3511 33:31¹
542 3403 657 3513 ggi-
678 3400 905 3467 diebus
962 3403 1300 3469 sudoribus
1359 3407 1588 3472 difflari
1647 3418 1882 3495 potest,
1943 3413 2336 3497 suffragante
2391 3411 2631 3494 ubique
2681 3430 2870 3494 expe-

368 3524 553 3579 diebus.
675 3502 930 3568 rientia.

772 3603 937 3688 [16.]
991 3606 1145 3670 Istis
1174 3615 1392 3673 autem
1418 3613 1491 3675 in
1528 3614 1834 3695 febribus,
1863 3616 1937 3681 in
1966 3618 2198 3702 quibus
2226 3615 2547 3681 ordinario
2583 3618 2868 3698 sympto-

674 3711 924 3769 matum
975 3707 1193 3787 ductu,
1242 3719 1309 3776 et
1360 3714 1415 3776 si
1472 3737 1591 3779 suo
1639 3719 1828 3799 genio
1877 3720 1978 3783 uti
2021 3720 2499 3801 permittantur,
2545 3737 2868 3799 nusquam

671 3804 959 3871 videmus
1016 3810 1339 3875 Naturam
1388 3817 1724 3881 materiam
1783 3818 2180 3883 morbificam
2228 3820 2368 3903 jam
2422 3823 2867 3902 praeparatam

668 3912 957 3991 tempore
1000 3913 1340 3993 praefinito
1366 3936 1672 3981 evacuare
1701 3918 1938 3997 solere,
1983 3920 2198 3985 nescio
2237 3941 2322 3983 an
2351 3940 2485 3983 non
2527 3920 2674 4001 plus
2711 3918 2866 3981 satis

669 4011 1044 4072 temerarius
1072 4010 1128 4073 is
1156 4010 1369 4091 fuerit,
1394 4016 1505 4096 qui
1534 4017 1764 4083 sudore
1791 4019 2193 4102 provocando
2212 4019 2344 4083 vim
2372 4017 2599 4083 morbo
2627 4018 2865 4081 inferre

666 4111 924 4192 cogitet,
970 4118 1163 4195 atque
1208 4135 1474 4197 aegrum
1520 4139 1598 4182 ea
1636 4120 1770 4183 sola
1813 4120 2120 4185 methodo
2165 4122 2520 4200 restituere,
2565 4140 2716 4185 cum
2765 4120 2866 4202 (ut

667 4209 849 4275 docet
925 4213 1197 4279 Divinus
1261 4216 1513 4299 Senex,)
1581 4222 1693 4300 τῆς
1753 4207 2008 4289 Φύσεώς
2077 4218 2627 4307 ἀντιπραττούσης
2684 4218 2865 4285 κενεὰ

728 4390 749 4419 ⁸
782 4387 1061 4459 fam—sint]
1086 4394 1291 4439 carnium
1324 4400 1368 4439 et
1384 4392 1670 4453 „inaeniorum
1692 4410 1716 4442 e
1873 4394 1893 4425 ¹⁸
1929 4396 2296 4461 Sane—utenti]
2321 4412 2415 4444 om.
2439 4397 2513 4445 ed.
2540 4396 2636 4447 ’76.

662 4449 877 4491 car-mbas
902 4449 973 4495 ed.
1002 4451 1094 4499 ⁹76.
