<?xml version="1.0" encoding="UTF-8"?>
<!DOCTYPE html PUBLIC "-//W3C//DTD XHTML 1.0 Transitional//EN"
    "http://www.w3.org/TR/xhtml1/DTD/xhtml1-transitional.dtd">
<html xmlns="http://www.w3.org/1999/xhtml" xml:lang="en" lang="en">
 <head>
  <title>
</title>
<meta http-equiv="Content-Type" content="text/html;charset=utf-8" />
  <meta name='ocr-system' content='tesseract 3.04.00' />
  <meta name='ocr-capabilities' content='ocr_page ocr_carea ocr_par ocr_line ocrx_word'/>
</head>
<body>
  <div class='ocr_page' id='page_1' title='image "./operaomnia00khgoog_0175.png"; bbox 0 0 3138 5006; ppageno 0'>
   <div class='ocr_carea' id='block_1_1' title="bbox 664 294 2245 361">
    <p class='ocr_par' dir='ltr' id='par_1_1' title="bbox 664 294 2245 361">
     <span class='ocr_line' id='line_1_1' title="bbox 664 294 2245 361; baseline -0.001 0"><span class='ocrx_word' id='word_1_1' title='bbox 664 299 792 361; x_wconf 84' lang='lat'><strong>138</strong></span> <span class='ocrx_word' id='word_1_2' title='bbox 1289 295 1677 361; x_wconf 81' lang='lat' dir='ltr'><strong>&#39;PHOMAE</strong></span> <span class='ocrx_word' id='word_1_3' title='bbox 1726 296 2095 360; x_wconf 85' lang='lat' dir='ltr'>SYDENH</span> <span class='ocrx_word' id='word_1_4' title='bbox 2105 294 2245 360; x_wconf 91' lang='lat' dir='ltr'><strong>AM</strong></span> 
     </span>
    </p>
   </div>
   <div class='ocr_carea' id='block_1_2' title="bbox 357 454 2877 744">
    <p class='ocr_par' dir='ltr' id='par_1_2' title="bbox 357 454 2877 744">
     <span class='ocr_line' id='line_1_2' title="bbox 357 454 2869 541; baseline -0.002 -23"><span class='ocrx_word' id='word_1_5' title='bbox 357 471 642 519; x_wconf 51' lang='lat' dir='ltr'><strong>Vnumne,</strong></span> <span class='ocrx_word' id='word_1_6' title='bbox 767 457 931 541; x_wconf 69' lang='lat'><strong>[45]</strong></span> <span class='ocrx_word' id='word_1_7' title='bbox 989 457 1655 522; x_wconf 80' lang='lat' dir='ltr'><strong>Animadvertendum</strong></span> <span class='ocrx_word' id='word_1_8' title='bbox 1682 479 1829 522; x_wconf 85' lang='lat' dir='ltr'><strong>vero</strong></span> <span class='ocrx_word' id='word_1_9' title='bbox 1860 463 1977 535; x_wconf 88' lang='lat' dir='ltr'><strong>est,</strong></span> <span class='ocrx_word' id='word_1_10' title='bbox 2003 456 2173 540; x_wconf 93' lang='lat' dir='ltr'><strong>quod</strong></span> <span class='ocrx_word' id='word_1_11' title='bbox 2203 457 2259 519; x_wconf 90' lang='lat' dir='ltr'><strong>si</strong></span> <span class='ocrx_word' id='word_1_12' title='bbox 2287 455 2369 519; x_wconf 86' lang='lat' dir='ltr'><strong>ad</strong></span> <span class='ocrx_word' id='word_1_13' title='bbox 2398 454 2869 518; x_wconf 80' lang='lat' dir='ltr'><strong>adolescentem</strong></span> 
     </span>
     <span class='ocr_line' id='line_1_3' title="bbox 361 536 2873 646; baseline -0.002 -24"><span class='ocrx_word' id='word_1_14' title='bbox 361 536 645 646; x_wconf 49' lang='lat' dir='ltr'><strong>2·ssssssssssss</strong></span> <span class='ocrx_word' id='word_1_15' title='bbox 672 559 1058 642; x_wconf 80' lang='lat' dir='ltr'><strong>vegetiorem</strong></span> <span class='ocrx_word' id='word_1_16' title='bbox 1093 579 1396 638; x_wconf 88' lang='lat' dir='ltr'><strong>accersor,</strong></span> <span class='ocrx_word' id='word_1_17' title='bbox 1439 567 1504 623; x_wconf 91' lang='lat' dir='ltr'><strong>et</strong></span> <span class='ocrx_word' id='word_1_18' title='bbox 1551 561 1661 643; x_wconf 92' lang='lat' dir='ltr'><strong>qui</strong></span> <span class='ocrx_word' id='word_1_19' title='bbox 1702 560 1965 644; x_wconf 77' lang='lat' dir='ltr'><strong>insuper</strong></span> <span class='ocrx_word' id='word_1_20' title='bbox 2006 559 2361 622; x_wconf 79' lang='lat' dir='ltr'><strong>liberaliore</strong></span> <span class='ocrx_word' id='word_1_21' title='bbox 2396 558 2526 620; x_wconf 87' lang='lat' dir='ltr'><strong>sive</strong></span> <span class='ocrx_word' id='word_1_22' title='bbox 2563 556 2696 618; x_wconf 88' lang='lat' dir='ltr'><strong>vini</strong></span> <span class='ocrx_word' id='word_1_23' title='bbox 2740 557 2873 618; x_wconf 86' lang='lat' dir='ltr'><strong>sive</strong></span> 
     </span>
     <span class='ocr_line' id='line_1_4' title="bbox 399 657 2877 744; baseline -0.002 -20"><span class='ocrx_word' id='word_1_24' title='bbox 399 665 604 713; x_wconf 82' lang='grc'><strong>’67-’69·</strong></span> <span class='ocrx_word' id='word_1_25' title='bbox 671 660 935 743; x_wconf 84' lang='lat' dir='ltr'><strong>liquoris</strong></span> <span class='ocrx_word' id='word_1_26' title='bbox 986 661 1422 744; x_wconf 83' lang='lat' dir='ltr'><strong>cujuscunque</strong></span> <span class='ocrx_word' id='word_1_27' title='bbox 1481 662 1807 744; x_wconf 87' lang='lat' dir='ltr'><strong>spirituosi</strong></span> <span class='ocrx_word' id='word_1_28' title='bbox 1857 661 2327 744; x_wconf 86' lang='lat' dir='ltr'><strong>compotatione</strong></span> <span class='ocrx_word' id='word_1_29' title='bbox 2373 657 2596 722; x_wconf 86' lang='lat' dir='ltr'><strong>morbo</strong></span> <span class='ocrx_word' id='word_1_30' title='bbox 2650 677 2877 720; x_wconf 86' lang='lat' dir='ltr'><strong>ansam</strong></span> 
     </span>
    </p>
   </div>
   <div class='ocr_carea' id='block_1_3' title="bbox 363 753 2881 2382">
    <p class='ocr_par' dir='ltr' id='par_1_3' title="bbox 363 753 2878 865">
     <span class='ocr_line' id='line_1_5' title="bbox 363 753 2878 865; baseline -0.002 -39"><span class='ocrx_word' id='word_1_31' title='bbox 363 753 615 865; x_wconf 51' lang='lat' dir='ltr'><strong>{faiiffin-</strong></span> <span class='ocrx_word' id='word_1_32' title='bbox 676 763 873 840; x_wconf 82' lang='lat' dir='ltr'><strong>dedit,</strong></span> <span class='ocrx_word' id='word_1_33' title='bbox 903 784 1037 826; x_wconf 87' lang='lat' dir='ltr'><strong>non</strong></span> <span class='ocrx_word' id='word_1_34' title='bbox 1067 763 1224 827; x_wconf 87' lang='lat' dir='ltr'><strong>satis</strong></span> <span class='ocrx_word' id='word_1_35' title='bbox 1252 763 1458 827; x_wconf 86' lang='lat' dir='ltr'><strong>habeo</strong></span> <span class='ocrx_word' id='word_1_36' title='bbox 1487 763 1569 827; x_wconf 91' lang='lat' dir='ltr'><strong>ad</strong></span> <span class='ocrx_word' id='word_1_37' title='bbox 1604 763 2021 827; x_wconf 77' lang='lat' dir='ltr'><strong>fraenandam</strong></span> <span class='ocrx_word' id='word_1_38' title='bbox 2066 761 2397 844; x_wconf 78' lang='lat' dir='ltr'><strong>sanguinis</strong></span> <span class='ocrx_word' id='word_1_39' title='bbox 2431 759 2878 822; x_wconf 87' lang='lat' dir='ltr'><strong>ebullitionem</strong></span> 
     </span>
    </p>

    <p class='ocr_par' dir='ltr' id='par_1_4' title="bbox 368 863 2877 951">
     <span class='ocr_line' id='line_1_6' title="bbox 368 863 2877 951; baseline -0.001 -24"><span class='ocrx_word' id='word_1_40' title='bbox 368 881 480 944; x_wconf 74' lang='lat' dir='ltr'><strong>guia</strong></span> <span class='ocrx_word' id='word_1_41' title='bbox 499 881 614 928; x_wconf 85' lang='lat' dir='ltr'><strong>mit·</strong></span> <span class='ocrx_word' id='word_1_42' title='bbox 673 875 751 933; x_wconf 90' lang='lat' dir='ltr'><strong>ut</strong></span> <span class='ocrx_word' id='word_1_43' title='bbox 778 876 916 933; x_wconf 88' lang='lat' dir='ltr'><strong>tam</strong></span> <span class='ocrx_word' id='word_1_44' title='bbox 944 869 1180 932; x_wconf 86' lang='lat' dir='ltr'><strong>lectulo</strong></span> <span class='ocrx_word' id='word_1_45' title='bbox 1209 890 1400 951; x_wconf 88' lang='lat' dir='ltr'><strong>quam</strong></span> <span class='ocrx_word' id='word_1_46' title='bbox 1439 868 1745 932; x_wconf 80' lang='lat' dir='ltr'><strong>cardiacis</strong></span> <span class='ocrx_word' id='word_1_47' title='bbox 1785 867 2118 943; x_wconf 88' lang='lat' dir='ltr'><strong>abstineat,</strong></span> <span class='ocrx_word' id='word_1_48' title='bbox 2150 866 2273 928; x_wconf 92' lang='lat' dir='ltr'><strong>nisi</strong></span> <span class='ocrx_word' id='word_1_49' title='bbox 2306 864 2388 928; x_wconf 86' lang='lat' dir='ltr'><strong>ad</strong></span> <span class='ocrx_word' id='word_1_50' title='bbox 2425 863 2583 927; x_wconf 81' lang='lat' dir='ltr'><strong>haec</strong></span> <span class='ocrx_word' id='word_1_51' title='bbox 2612 863 2877 944; x_wconf 87' lang='lat' dir='ltr'><strong>sanguis</strong></span> 
     </span>
    </p>

    <p class='ocr_par' dir='ltr' id='par_1_5' title="bbox 366 944 2881 1974">
     <span class='ocr_line' id='line_1_7' title="bbox 366 944 2879 1056; baseline -0.003 -19"><span class='ocrx_word' id='word_1_52' title='bbox 366 944 540 992; x_wconf 60' lang='lat'><strong>“⁰⁶¹²&#39;&#39;</strong></span> <span class='ocrx_word' id='word_1_53' title='bbox 563 951 651 992; x_wconf 52' lang='grc' dir='ltr'><strong>εἰ</strong></span> <span class='ocrx_word' id='word_1_54' title='bbox 677 993 712 1036; x_wconf 88' lang='lat' dir='ltr'><strong>e</strong></span> <span class='ocrx_word' id='word_1_55' title='bbox 771 971 1032 1035; x_wconf 88' lang='lat' dir='ltr'><strong>brachio</strong></span> <span class='ocrx_word' id='word_1_56' title='bbox 1097 972 1428 1036; x_wconf 85' lang='lat' dir='ltr'><strong>mittatur:</strong></span> <span class='ocrx_word' id='word_1_57' title='bbox 1504 973 1677 1056; x_wconf 91' lang='lat' dir='ltr'><strong>quod</strong></span> <span class='ocrx_word' id='word_1_58' title='bbox 1736 973 1791 1035; x_wconf 92' lang='lat' dir='ltr'><strong>si</strong></span> <span class='ocrx_word' id='word_1_59' title='bbox 1848 994 1983 1035; x_wconf 92' lang='lat' dir='ltr'><strong>non</strong></span> <span class='ocrx_word' id='word_1_60' title='bbox 2046 971 2451 1046; x_wconf 88' lang='lat' dir='ltr'><strong>concedatur,</strong></span> <span class='ocrx_word' id='word_1_61' title='bbox 2517 969 2879 1050; x_wconf 86' lang='lat' dir='ltr'><strong>(obtinente</strong></span> 
     </span>
     <span class='ocr_line' id='line_1_8' title="bbox 675 1069 2879 1157; baseline -0.003 -21"><span class='ocrx_word' id='word_1_62' title='bbox 675 1073 852 1156; x_wconf 84' lang='lat' dir='ltr'><strong>vulgi</strong></span> <span class='ocrx_word' id='word_1_63' title='bbox 881 1074 1313 1157; x_wconf 81' lang='lat' dir='ltr'><strong>praejudicio‚)</strong></span> <span class='ocrx_word' id='word_1_64' title='bbox 1347 1075 1719 1138; x_wconf 84' lang='lat' dir='ltr'><strong>missionem</strong></span> <span class='ocrx_word' id='word_1_65' title='bbox 1747 1074 1909 1136; x_wconf 90' lang='lat' dir='ltr'><strong>mihi</strong></span> <span class='ocrx_word' id='word_1_66' title='bbox 1938 1073 2164 1136; x_wconf 87' lang='lat' dir='ltr'><strong>saltem</strong></span> <span class='ocrx_word' id='word_1_67' title='bbox 2204 1093 2340 1134; x_wconf 88' lang='lat' dir='ltr'><strong>esse</strong></span> <span class='ocrx_word' id='word_1_68' title='bbox 2382 1069 2727 1152; x_wconf 90' lang='lat' dir='ltr'><strong>petendam</strong></span> <span class='ocrx_word' id='word_1_69' title='bbox 2767 1089 2879 1132; x_wconf 84' lang='lat' dir='ltr'><strong>ex-</strong></span> 
     </span>
     <span class='ocr_line' id='line_1_9' title="bbox 675 1173 2881 1259; baseline -0.001 -21"><span class='ocrx_word' id='word_1_70' title='bbox 675 1175 913 1239; x_wconf 91' lang='lat' dir='ltr'><strong>istimo.</strong></span> <span class='ocrx_word' id='word_1_71' title='bbox 963 1175 1436 1259; x_wconf 89' lang='lat' dir='ltr'><strong>Superinducta</strong></span> <span class='ocrx_word' id='word_1_72' title='bbox 1455 1177 1631 1239; x_wconf 88' lang='lat' dir='ltr'><strong>enim</strong></span> <span class='ocrx_word' id='word_1_73' title='bbox 1658 1175 2163 1240; x_wconf 85' lang='lat' dir='ltr'><strong>inflammatione</strong></span> <span class='ocrx_word' id='word_1_74' title='bbox 2183 1175 2327 1252; x_wconf 86' lang='lat' dir='ltr'><strong>ista,</strong></span> <span class='ocrx_word' id='word_1_75' title='bbox 2354 1196 2545 1256; x_wconf 89' lang='lat' dir='ltr'><strong>quam</strong></span> <span class='ocrx_word' id='word_1_76' title='bbox 2576 1173 2881 1255; x_wconf 86' lang='lat' dir='ltr'><strong>sanguini</strong></span> 
     </span>
     <span class='ocr_line' id='line_1_10' title="bbox 677 1275 2878 1362; baseline -0.001 -22"><span class='ocrx_word' id='word_1_77' title='bbox 677 1279 998 1360; x_wconf 86' lang='lat' dir='ltr'><strong>impressit</strong></span> <span class='ocrx_word' id='word_1_78' title='bbox 1039 1277 1360 1361; x_wconf 87' lang='lat' dir='ltr'><strong>liquorum</strong></span> <span class='ocrx_word' id='word_1_79' title='bbox 1407 1278 1894 1362; x_wconf 87' lang='lat' dir='ltr'><strong>spirituosorum</strong></span> <span class='ocrx_word' id='word_1_80' title='bbox 1939 1277 2166 1354; x_wconf 88' lang='lat' dir='ltr'><strong>fervor,</strong></span> <span class='ocrx_word' id='word_1_81' title='bbox 2210 1277 2465 1341; x_wconf 86' lang='lat' dir='ltr'><strong>intenso</strong></span> <span class='ocrx_word' id='word_1_82' title='bbox 2516 1277 2609 1339; x_wconf 89' lang='lat' dir='ltr'><strong>illi</strong></span> <span class='ocrx_word' id='word_1_83' title='bbox 2661 1275 2878 1352; x_wconf 84' lang='lat' dir='ltr'><strong>calori,</strong></span> 
     </span>
     <span class='ocr_line' id='line_1_11' title="bbox 681 1377 2880 1462; baseline -0.001 -20"><span class='ocrx_word' id='word_1_84' title='bbox 681 1400 871 1462; x_wconf 88' lang='lat' dir='ltr'><strong>quem</strong></span> <span class='ocrx_word' id='word_1_85' title='bbox 899 1379 1005 1442; x_wconf 88' lang='lat' dir='ltr'><strong>hic</strong></span> <span class='ocrx_word' id='word_1_86' title='bbox 1033 1380 1296 1443; x_wconf 89' lang='lat' dir='ltr'><strong>morbus</strong></span> <span class='ocrx_word' id='word_1_87' title='bbox 1324 1381 1703 1444; x_wconf 81' lang='lat' dir='ltr'><strong>naturaliter</strong></span> <span class='ocrx_word' id='word_1_88' title='bbox 1724 1381 2024 1444; x_wconf 89' lang='lat' dir='ltr'><strong>comitem</strong></span> <span class='ocrx_word' id='word_1_89' title='bbox 2053 1380 2268 1458; x_wconf 89' lang='lat' dir='ltr'><strong>habet,</strong></span> <span class='ocrx_word' id='word_1_90' title='bbox 2292 1380 2385 1442; x_wconf 89' lang='lat' dir='ltr'><strong>ita</strong></span> <span class='ocrx_word' id='word_1_91' title='bbox 2410 1379 2571 1442; x_wconf 89' lang='lat' dir='ltr'><strong>furit</strong></span> <span class='ocrx_word' id='word_1_92' title='bbox 2593 1377 2880 1459; x_wconf 85' lang='lat' dir='ltr'><strong>sanguis,</strong></span> 
     </span>
     <span class='ocr_line' id='line_1_12' title="bbox 679 1477 2880 1558; baseline -0.002 -14"><span class='ocrx_word' id='word_1_93' title='bbox 679 1487 755 1544; x_wconf 89' lang='lat' dir='ltr'><strong>ut</strong></span> <span class='ocrx_word' id='word_1_94' title='bbox 799 1503 935 1545; x_wconf 92' lang='lat' dir='ltr'><strong>non</strong></span> <span class='ocrx_word' id='word_1_95' title='bbox 975 1502 1123 1545; x_wconf 86' lang='lat' dir='ltr'><strong>raro</strong></span> <span class='ocrx_word' id='word_1_96' title='bbox 1165 1482 1237 1544; x_wconf 94' lang='lat' dir='ltr'><strong>in</strong></span> <span class='ocrx_word' id='word_1_97' title='bbox 1279 1483 1552 1546; x_wconf 86' lang='lat' dir='ltr'><strong>vesicam</strong></span> <span class='ocrx_word' id='word_1_98' title='bbox 1595 1503 1889 1545; x_wconf 86' lang='lat' dir='ltr'><strong>vasorum</strong></span> <span class='ocrx_word' id='word_1_99' title='bbox 1934 1481 2134 1544; x_wconf 89' lang='lat' dir='ltr'><strong>ductu</strong></span> <span class='ocrx_word' id='word_1_100' title='bbox 2182 1481 2403 1558; x_wconf 86' lang='lat' dir='ltr'><strong>irruat,</strong></span> <span class='ocrx_word' id='word_1_101' title='bbox 2448 1478 2546 1542; x_wconf 88' lang='lat' dir='ltr'><strong>vel</strong></span> <span class='ocrx_word' id='word_1_102' title='bbox 2596 1477 2880 1542; x_wconf 77' lang='lat' dir='ltr'><strong>maculas</strong></span> 
     </span>
     <span class='ocr_line' id='line_1_13' title="bbox 679 1583 2880 1668; baseline -0.004 -19"><span class='ocrx_word' id='word_1_103' title='bbox 679 1586 886 1668; x_wconf 87' lang='lat' dir='ltr'><strong>pariat</strong></span> <span class='ocrx_word' id='word_1_104' title='bbox 943 1606 1313 1668; x_wconf 86' lang='lat' dir='ltr'><strong>purpureas,</strong></span> <span class='ocrx_word' id='word_1_105' title='bbox 1375 1585 1623 1668; x_wconf 85' lang='lat' dir='ltr'><strong>aliaque</strong></span> <span class='ocrx_word' id='word_1_106' title='bbox 1681 1583 1996 1667; x_wconf 87' lang='lat' dir='ltr'><strong>ejusmodi</strong></span> <span class='ocrx_word' id='word_1_107' title='bbox 2058 1587 2489 1664; x_wconf 86' lang='lat' dir='ltr'><strong>symptomata</strong></span> <span class='ocrx_word' id='word_1_108' title='bbox 2546 1600 2707 1663; x_wconf 84' lang='lat' dir='ltr'><strong>quae</strong></span> <span class='ocrx_word' id='word_1_109' title='bbox 2762 1599 2880 1662; x_wconf 91' lang='lat' dir='ltr'><strong>per</strong></span> 
     </span>
     <span class='ocr_line' id='line_1_14' title="bbox 679 1682 2877 1767; baseline -0.001 -21"><span class='ocrx_word' id='word_1_110' title='bbox 679 1705 937 1747; x_wconf 90' lang='lat' dir='ltr'><strong>omnem</strong></span> <span class='ocrx_word' id='word_1_111' title='bbox 967 1684 1176 1748; x_wconf 92' lang='lat' dir='ltr'><strong>morbi</strong></span> <span class='ocrx_word' id='word_1_112' title='bbox 1205 1684 1543 1750; x_wconf 87' lang='lat' dir='ltr'><strong>decursum</strong></span> <span class='ocrx_word' id='word_1_113' title='bbox 1572 1705 1825 1748; x_wconf 89' lang='lat' dir='ltr'><strong>crucem</strong></span> <span class='ocrx_word' id='word_1_114' title='bbox 1854 1686 2065 1767; x_wconf 87' lang='lat' dir='ltr'><strong>figunt</strong></span> <span class='ocrx_word' id='word_1_115' title='bbox 2096 1682 2375 1760; x_wconf 79' lang='lat' dir='ltr'><strong>MedicO,</strong></span> <span class='ocrx_word' id='word_1_116' title='bbox 2399 1689 2590 1764; x_wconf 89' lang='lat' dir='ltr'><strong>atque</strong></span> <span class='ocrx_word' id='word_1_117' title='bbox 2612 1703 2877 1763; x_wconf 83' lang='lat' dir='ltr'><strong>aegrum</strong></span> 
     </span>
     <span class='ocr_line' id='line_1_15' title="bbox 681 1785 2877 1873; baseline -0.003 -21"><span class='ocrx_word' id='word_1_118' title='bbox 681 1809 718 1852; x_wconf 88' lang='lat' dir='ltr'><strong>e</strong></span> <span class='ocrx_word' id='word_1_119' title='bbox 763 1788 973 1852; x_wconf 92' lang='lat' dir='ltr'><strong>medio</strong></span> <span class='ocrx_word' id='word_1_120' title='bbox 1019 1790 1276 1853; x_wconf 85' lang='lat' dir='ltr'><strong>tollunt.</strong></span> <span class='ocrx_word' id='word_1_121' title='bbox 1367 1791 1585 1873; x_wconf 89' lang='lat' dir='ltr'><strong>Atque</strong></span> <span class='ocrx_word' id='word_1_122' title='bbox 1618 1789 1777 1853; x_wconf 85' lang='lat' dir='ltr'><strong>haee</strong></span> <span class='ocrx_word' id='word_1_123' title='bbox 1807 1788 1886 1852; x_wconf 91' lang='lat' dir='ltr'><strong>de</strong></span> <span class='ocrx_word' id='word_1_124' title='bbox 1925 1787 2049 1850; x_wconf 88' lang='lat' dir='ltr'><strong>illis</strong></span> <span class='ocrx_word' id='word_1_125' title='bbox 2086 1807 2246 1868; x_wconf 89' lang='lat' dir='ltr'><strong>quae</strong></span> <span class='ocrx_word' id='word_1_126' title='bbox 2286 1792 2436 1849; x_wconf 90' lang='lat' dir='ltr'><strong>ante</strong></span> <span class='ocrx_word' id='word_1_127' title='bbox 2470 1785 2877 1868; x_wconf 76' lang='lat' dir='ltr'><strong>pustularum</strong></span> 
     </span>
     <span class='ocr_line' id='line_1_16' title="bbox 679 1891 1679 1974; baseline 0.001 -20"><span class='ocrx_word' id='word_1_128' title='bbox 679 1891 1083 1973; x_wconf 84' lang='lat' dir='ltr'><strong>eruptionem</strong></span> <span class='ocrx_word' id='word_1_129' title='bbox 1113 1899 1266 1955; x_wconf 89' lang='lat' dir='ltr'><strong>sunt</strong></span> <span class='ocrx_word' id='word_1_130' title='bbox 1295 1892 1679 1974; x_wconf 90' lang='lat' dir='ltr'><strong>peragenda.</strong></span> 
     </span>
    </p>

    <p class='ocr_par' dir='ltr' id='par_1_6' title="bbox 679 1988 2879 2382">
     <span class='ocr_line' id='line_1_17' title="bbox 775 1988 2877 2076; baseline -0.002 -21"><span class='ocrx_word' id='word_1_131' title='bbox 775 1993 940 2076; x_wconf 66' lang='lat'>[46]</span> <span class='ocrx_word' id='word_1_132' title='bbox 997 1993 1132 2056; x_wconf 88' lang='lat' dir='ltr'><strong>Ubi</strong></span> <span class='ocrx_word' id='word_1_133' title='bbox 1175 1994 1454 2076; x_wconf 91' lang='lat' dir='ltr'><strong>primum</strong></span> <span class='ocrx_word' id='word_1_134' title='bbox 1499 1993 1829 2076; x_wconf 85' lang='lat' dir='ltr'><strong>eruperint</strong></span> <span class='ocrx_word' id='word_1_135' title='bbox 1873 1991 2184 2075; x_wconf 81' lang='lat' dir='ltr'><strong>pustulae,</strong></span> <span class='ocrx_word' id='word_1_136' title='bbox 2208 1992 2345 2073; x_wconf 85' lang='lat' dir='ltr'><strong>jam</strong></span> <span class='ocrx_word' id='word_1_137' title='bbox 2393 1990 2684 2074; x_wconf 87' lang='lat' dir='ltr'><strong>proximo</strong></span> <span class='ocrx_word' id='word_1_138' title='bbox 2735 1988 2877 2051; x_wconf 91' lang='lat' dir='ltr'><strong>dili-</strong></span> 
     </span>
     <span class='ocr_line' id='line_1_18' title="bbox 681 2094 2879 2178; baseline -0.001 -22"><span class='ocrx_word' id='word_1_139' title='bbox 681 2099 908 2177; x_wconf 88' lang='lat' dir='ltr'><strong>genter</strong></span> <span class='ocrx_word' id='word_1_140' title='bbox 937 2114 1190 2157; x_wconf 87' lang='lat' dir='ltr'><strong>mecum</strong></span> <span class='ocrx_word' id='word_1_141' title='bbox 1232 2094 1558 2178; x_wconf 88' lang='lat' dir='ltr'><strong>perpendo</strong></span> <span class='ocrx_word' id='word_1_142' title='bbox 1589 2117 1669 2158; x_wconf 89' lang='lat' dir='ltr'><strong>an</strong></span> <span class='ocrx_word' id='word_1_143' title='bbox 1706 2094 1980 2158; x_wconf 87' lang='lat' dir='ltr'><strong>Discreti</strong></span> <span class='ocrx_word' id='word_1_144' title='bbox 2020 2094 2261 2157; x_wconf 82' lang='lat' dir='ltr'><strong>fuerint</strong></span> <span class='ocrx_word' id='word_1_145' title='bbox 2302 2094 2573 2176; x_wconf 87' lang='lat' dir='ltr'><strong>generis,</strong></span> <span class='ocrx_word' id='word_1_146' title='bbox 2606 2115 2691 2156; x_wconf 89' lang='lat' dir='ltr'><strong>an</strong></span> <span class='ocrx_word' id='word_1_147' title='bbox 2728 2113 2879 2155; x_wconf 90' lang='lat' dir='ltr'><strong>vero</strong></span> 
     </span>
     <span class='ocr_line' id='line_1_19' title="bbox 679 2195 2878 2280; baseline -0.001 -21"><span class='ocrx_word' id='word_1_148' title='bbox 679 2196 1200 2273; x_wconf 87' lang='lat' dir='ltr'><strong>Confluentimn;</strong></span> <span class='ocrx_word' id='word_1_149' title='bbox 1246 2218 1396 2260; x_wconf 91' lang='lat' dir='ltr'><strong>cum</strong></span> <span class='ocrx_word' id='word_1_150' title='bbox 1422 2198 1618 2280; x_wconf 87' lang='lat' dir='ltr'><strong>longo</strong></span> <span class='ocrx_word' id='word_1_151' title='bbox 1645 2197 1804 2261; x_wconf 91' lang='lat' dir='ltr'><strong>haec</strong></span> <span class='ocrx_word' id='word_1_152' title='bbox 1836 2196 2171 2260; x_wconf 86' lang='lat' dir='ltr'><strong>intervallo</strong></span> <span class='ocrx_word' id='word_1_153' title='bbox 2201 2195 2281 2258; x_wconf 90' lang='lat' dir='ltr'><strong>ab</strong></span> <span class='ocrx_word' id='word_1_154' title='bbox 2310 2196 2584 2258; x_wconf 87' lang='lat' dir='ltr'><strong>invicem</strong></span> <span class='ocrx_word' id='word_1_155' title='bbox 2614 2195 2878 2269; x_wconf 89' lang='lat' dir='ltr'><strong>distent,</strong></span> 
     </span>
     <span class='ocr_line' id='line_1_20' title="bbox 681 2297 2878 2382; baseline 0 -23"><span class='ocrx_word' id='word_1_156' title='bbox 681 2297 1155 2380; x_wconf 83' lang='lat' dir='ltr'><strong>quantumlibet</strong></span> <span class='ocrx_word' id='word_1_157' title='bbox 1194 2299 1581 2362; x_wconf 87' lang='lat' dir='ltr'><strong>conveniant</strong></span> <span class='ocrx_word' id='word_1_158' title='bbox 1617 2298 1828 2382; x_wconf 85' lang='lat' dir='ltr'><strong>quoad</strong></span> <span class='ocrx_word' id='word_1_159' title='bbox 1864 2305 2294 2382; x_wconf 83' lang='lat' dir='ltr'><strong>symptomata</strong></span> <span class='ocrx_word' id='word_1_160' title='bbox 2334 2298 2647 2380; x_wconf 83' lang='lat' dir='ltr'><strong>quaedam</strong></span> <span class='ocrx_word' id='word_1_161' title='bbox 2684 2297 2878 2360; x_wconf 88' lang='lat' dir='ltr'><strong>utris-</strong></span> 
     </span>
    </p>
   </div>
   <div class='ocr_carea' id='block_1_4' title="bbox 681 2399 2880 2484">
    <p class='ocr_par' dir='ltr' id='par_1_7' title="bbox 681 2399 2880 2484">
     <span class='ocr_line' id='line_1_21' title="bbox 681 2399 2880 2484; baseline -0.001 -22"><span class='ocrx_word' id='word_1_162' title='bbox 681 2420 806 2481; x_wconf 87' lang='lat' dir='ltr'><strong>que</strong></span> <span class='ocrx_word' id='word_1_163' title='bbox 857 2401 1243 2463; x_wconf 87' lang='lat' dir='ltr'><strong>communia.</strong></span> <span class='ocrx_word' id='word_1_164' title='bbox 1339 2401 1409 2463; x_wconf 91' lang='lat' dir='ltr'><strong>Si</strong></span> <span class='ocrx_word' id='word_1_165' title='bbox 1458 2401 1677 2484; x_wconf 89' lang='lat' dir='ltr'><strong>itaque</strong></span> <span class='ocrx_word' id='word_1_166' title='bbox 1729 2423 1807 2464; x_wconf 86' lang='lat' dir='ltr'><strong>ex</strong></span> <span class='ocrx_word' id='word_1_167' title='bbox 1856 2401 2261 2484; x_wconf 82' lang='lat' dir='ltr'><strong>pustularum</strong></span> <span class='ocrx_word' id='word_1_168' title='bbox 2314 2399 2761 2482; x_wconf 86' lang='lat' dir='ltr'><strong>magnitudine</strong></span> <span class='ocrx_word' id='word_1_169' title='bbox 2812 2405 2880 2460; x_wconf 90' lang='lat' dir='ltr'><strong>et</strong></span> 
     </span>
    </p>
   </div>
   <div class='ocr_carea' id='block_1_5' title="bbox 367 733 650 743">
    <p class='ocr_par' dir='ltr' id='par_1_8' title="bbox 367 733 650 743">
     <span class='ocr_line' id='line_1_22' title="bbox 367 733 650 743; baseline 0 0"><span class='ocrx_word' id='word_1_170' title='bbox 367 733 650 743; x_wconf 95' lang='lat' dir='ltr'><strong> </strong></span> 
     </span>
    </p>
   </div>
   <div class='ocr_carea' id='block_1_6' title="bbox 379 2501 2879 2693">
    <p class='ocr_par' dir='ltr' id='par_1_9' title="bbox 379 2501 2879 2693">
     <span class='ocr_line' id='line_1_23' title="bbox 681 2501 2879 2588; baseline 0 -23"><span class='ocrx_word' id='word_1_171' title='bbox 681 2501 1022 2585; x_wconf 86' lang='lat' dir='ltr'><strong>paucitate,</strong></span> <span class='ocrx_word' id='word_1_172' title='bbox 1047 2503 1450 2587; x_wconf 89' lang='lat' dir='ltr'><strong>tardioreque</strong></span> <span class='ocrx_word' id='word_1_173' title='bbox 1480 2506 1833 2588; x_wconf 89' lang='lat' dir='ltr'><strong>eruptione,</strong></span> <span class='ocrx_word' id='word_1_174' title='bbox 1863 2511 2005 2567; x_wconf 88' lang='lat' dir='ltr'><strong>tum</strong></span> <span class='ocrx_word' id='word_1_175' title='bbox 2038 2505 2232 2567; x_wconf 86' lang='lat' dir='ltr'><strong>etiam</strong></span> <span class='ocrx_word' id='word_1_176' title='bbox 2262 2503 2701 2587; x_wconf 85' lang='lat' dir='ltr'><strong>aegritudinis,</strong></span> <span class='ocrx_word' id='word_1_177' title='bbox 2726 2503 2879 2566; x_wconf 90' lang='lat' dir='ltr'><strong>alio-</strong></span> 
     </span>
     <span class='ocr_line' id='line_1_24' title="bbox 379 2605 2879 2693; baseline -0.001 -24"><span class='ocrx_word' id='word_1_178' title='bbox 379 2631 440 2679; x_wconf 86' lang='lat' dir='ltr'><strong>In</strong></span> <span class='ocrx_word' id='word_1_179' title='bbox 463 2644 636 2693; x_wconf 74' lang='lat' dir='ltr'><strong>genere</strong></span> <span class='ocrx_word' id='word_1_180' title='bbox 683 2625 955 2688; x_wconf 89' lang='lat' dir='ltr'><strong>rumque</strong></span> <span class='ocrx_word' id='word_1_181' title='bbox 985 2612 1490 2690; x_wconf 84' lang='lat' dir='ltr'><strong>symptomatum</strong></span> <span class='ocrx_word' id='word_1_182' title='bbox 1519 2606 2053 2689; x_wconf 84' lang='lat' dir='ltr'><strong>gravissimorum,</strong></span> <span class='ocrx_word' id='word_1_183' title='bbox 2088 2628 2249 2689; x_wconf 82' lang='lat' dir='ltr'><strong>quae</strong></span> <span class='ocrx_word' id='word_1_184' title='bbox 2288 2606 2359 2669; x_wconf 91' lang='lat' dir='ltr'><strong>in</strong></span> <span class='ocrx_word' id='word_1_185' title='bbox 2390 2605 2879 2670; x_wconf 84' lang='lat' dir='ltr'><strong>Confluentibus</strong></span> 
     </span>
    </p>
   </div>
   <div class='ocr_carea' id='block_1_7' title="bbox 377 2695 2881 2822">
    <p class='ocr_par' dir='ltr' id='par_1_10' title="bbox 377 2695 2881 2822">
     <span class='ocr_line' id='line_1_25' title="bbox 377 2695 2881 2807; baseline 0.002 -40"><span class='ocrx_word' id='word_1_186' title='bbox 377 2695 618 2807; x_wconf 62' lang='lat' dir='ltr'><strong>Riscreto,</strong></span> <span class='ocrx_word' id='word_1_187' title='bbox 637 2786 658 2796; x_wconf 54' lang='grc'>-</span> <span class='ocrx_word' id='word_1_188' title='bbox 685 2707 880 2771; x_wconf 86' lang='lat' dir='ltr'><strong>etiam</strong></span> <span class='ocrx_word' id='word_1_189' title='bbox 909 2717 1056 2789; x_wconf 89' lang='lat' dir='ltr'><strong>post</strong></span> <span class='ocrx_word' id='word_1_190' title='bbox 1091 2710 1494 2791; x_wconf 86' lang='lat' dir='ltr'><strong>eruptionem</strong></span> <span class='ocrx_word' id='word_1_191' title='bbox 1521 2709 1820 2791; x_wconf 83' lang='lat' dir='ltr'><strong>fatigant,</strong></span> <span class='ocrx_word' id='word_1_192' title='bbox 1852 2710 2312 2785; x_wconf 86' lang='lat' dir='ltr'><strong>evanescentia,</strong></span> <span class='ocrx_word' id='word_1_193' title='bbox 2344 2708 2424 2771; x_wconf 91' lang='lat' dir='ltr'><strong>de</strong></span> <span class='ocrx_word' id='word_1_194' title='bbox 2468 2730 2701 2791; x_wconf 86' lang='lat' dir='ltr'><strong>genere</strong></span> <span class='ocrx_word' id='word_1_195' title='bbox 2734 2709 2881 2772; x_wconf 91' lang='lat' dir='ltr'><strong>Dis-</strong></span> 
     </span>
     <span class='ocr_line' id='line_1_26' title="bbox 430 2774 636 2822; baseline -0.005 -16"><span class='ocrx_word' id='word_1_196' title='bbox 430 2774 524 2822; x_wconf 83' lang='lat' dir='ltr'><strong>que</strong></span> <span class='ocrx_word' id='word_1_197' title='bbox 553 2774 636 2807; x_wconf 80' lang='lat' dir='ltr'><strong>aes</strong></span> 
     </span>
    </p>
   </div>
   <div class='ocr_carea' id='block_1_8' title="bbox 377 2810 2881 3015">
    <p class='ocr_par' dir='ltr' id='par_1_11' title="bbox 377 2810 2881 3015">
     <span class='ocr_line' id='line_1_27' title="bbox 378 2810 2881 2894; baseline 0 -23"><span class='ocrx_word' id='word_1_198' title='bbox 378 2823 479 2871; x_wconf 85' lang='lat' dir='ltr'><strong>tivo</strong></span> <span class='ocrx_word' id='word_1_199' title='bbox 500 2830 624 2871; x_wconf 78' lang='lat' dir='ltr'><strong>tem·</strong></span> <span class='ocrx_word' id='word_1_200' title='bbox 685 2816 861 2873; x_wconf 85' lang='lat' dir='ltr'><strong>creto</strong></span> <span class='ocrx_word' id='word_1_201' title='bbox 889 2810 1052 2873; x_wconf 85' lang='lat' dir='ltr'><strong>mihi</strong></span> <span class='ocrx_word' id='word_1_202' title='bbox 1081 2818 1366 2889; x_wconf 87' lang='lat' dir='ltr'><strong>constet;</strong></span> <span class='ocrx_word' id='word_1_203' title='bbox 1415 2832 1679 2894; x_wconf 88' lang='lat' dir='ltr'><strong>aegrum</strong></span> <span class='ocrx_word' id='word_1_204' title='bbox 1707 2810 2005 2874; x_wconf 84' lang='lat' dir='ltr'><strong>cerevisia</strong></span> <span class='ocrx_word' id='word_1_205' title='bbox 2032 2811 2328 2887; x_wconf 88' lang='lat' dir='ltr'><strong>tenuiori,</strong></span> <span class='ocrx_word' id='word_1_206' title='bbox 2352 2812 2622 2892; x_wconf 85' lang='lat' dir='ltr'><strong>jusculis</strong></span> <span class='ocrx_word' id='word_1_207' title='bbox 2652 2831 2881 2873; x_wconf 83' lang='lat' dir='ltr'><strong>avena-</strong></span> 
     </span>
     <span class='ocr_line' id='line_1_28' title="bbox 377 2903 2877 3015; baseline 0 -42"><span class='ocrx_word' id='word_1_208' title='bbox 377 2903 662 3015; x_wconf 45' lang='lat' dir='ltr'><strong>ffiraffiger</strong></span> <span class='ocrx_word' id='word_1_209' title='bbox 683 2910 830 2988; x_wconf 87' lang='lat' dir='ltr'><strong>ceis,</strong></span> <span class='ocrx_word' id='word_1_210' title='bbox 848 2910 1235 2991; x_wconf 87' lang='lat' dir='ltr'><strong>hordeaceis,</strong></span> <span class='ocrx_word' id='word_1_211' title='bbox 1245 2919 1366 2976; x_wconf 88' lang='lat' dir='ltr'><strong>ete.</strong></span> <span class='ocrx_word' id='word_1_212' title='bbox 1385 2912 1803 2976; x_wconf 89' lang='lat' dir='ltr'><strong>reficiendum</strong></span> <span class='ocrx_word' id='word_1_213' title='bbox 1826 2933 1997 2989; x_wconf 84' lang='lat' dir='ltr'><strong>eure,</strong></span> <span class='ocrx_word' id='word_1_214' title='bbox 2016 2912 2207 2975; x_wconf 92' lang='lat' dir='ltr'><strong>modo</strong></span> <span class='ocrx_word' id='word_1_215' title='bbox 2232 2933 2419 2995; x_wconf 90' lang='lat' dir='ltr'><strong>quem</strong></span> <span class='ocrx_word' id='word_1_216' title='bbox 2444 2934 2637 2995; x_wconf 89' lang='lat' dir='ltr'><strong>supra</strong></span> <span class='ocrx_word' id='word_1_217' title='bbox 2656 2913 2721 2998; x_wconf 54' lang='grc' dir='ltr'><strong>[ᾗ</strong></span> <span class='ocrx_word' id='word_1_218' title='bbox 2742 2912 2877 2995; x_wconf 83' lang='grc'><strong>42.]</strong></span> 
     </span>
    </p>
   </div>
   <div class='ocr_carea' id='block_1_9' title="bbox 379 3013 2882 3207">
    <p class='ocr_par' dir='ltr' id='par_1_12' title="bbox 379 3013 2882 3207">
     <span class='ocr_line' id='line_1_29' title="bbox 379 3013 2880 3127; baseline 0 -49"><span class='ocrx_word' id='word_1_219' title='bbox 379 3016 551 3127; x_wconf 52' lang='lat' dir='ltr'><strong>{iebus</strong></span> <span class='ocrx_word' id='word_1_220' title='bbox 578 3032 664 3093; x_wconf 61' lang='lat' dir='ltr'><strong>per</strong></span> <span class='ocrx_word' id='word_1_221' title='bbox 687 3013 1152 3097; x_wconf 86' lang='lat' dir='ltr'><strong>descripsimus.</strong></span> <span class='ocrx_word' id='word_1_222' title='bbox 1242 3017 1461 3098; x_wconf 88' lang='lat' dir='ltr'><strong>Atque</strong></span> <span class='ocrx_word' id='word_1_223' title='bbox 1501 3017 1588 3079; x_wconf 74' lang='lat' dir='ltr'><strong>si‘</strong></span> <span class='ocrx_word' id='word_1_224' title='bbox 1616 3023 1901 3098; x_wconf 88' lang='lat' dir='ltr'><strong>tempore</strong></span> <span class='ocrx_word' id='word_1_225' title='bbox 1932 3015 2189 3093; x_wconf 85' lang='lat' dir='ltr'><strong>aestive,</strong></span> <span class='ocrx_word' id='word_1_226' title='bbox 2220 3014 2452 3097; x_wconf 73' lang='lat' dir='ltr'><strong>eoque‘</strong></span> <span class='ocrx_word' id='word_1_227' title='bbox 2476 3016 2880 3092; x_wconf 83' lang='lat' dir='ltr'><strong>calidissime,</strong></span> 
     </span>
     <span class='ocr_line' id='line_1_30' title="bbox 381 3082 2882 3207; baseline 0.001 -30"><span class='ocrx_word' id='word_1_228' title='bbox 381 3082 662 3207; x_wconf 55' lang='grc' dir='ltr'><strong>ςίζῗῇιζζ,</strong></span> <span class='ocrx_word' id='word_1_229' title='bbox 687 3113 985 3177; x_wconf 84' lang='lat' dir='ltr'><strong>Variolae</strong></span> <span class='ocrx_word' id='word_1_230' title='bbox 1005 3137 1140 3179; x_wconf 90' lang='lat' dir='ltr'><strong>non</strong></span> <span class='ocrx_word' id='word_1_231' title='bbox 1160 3117 1289 3179; x_wconf 79' lang='lat' dir='ltr'><strong>ita⁸</strong></span> <span class='ocrx_word' id='word_1_232' title='bbox 1307 3117 1548 3180; x_wconf 88' lang='lat' dir='ltr'><strong>multae</strong></span> <span class='ocrx_word' id='word_1_233' title='bbox 1572 3116 1933 3200; x_wconf 86' lang='lat' dir='ltr'><strong>obtingant,</strong></span> <span class='ocrx_word' id='word_1_234' title='bbox 1955 3138 2260 3199; x_wconf 89' lang='lat' dir='ltr'><strong>quorsum</strong></span> <span class='ocrx_word' id='word_1_235' title='bbox 2280 3118 2554 3182; x_wconf 87' lang='lat' dir='ltr'><strong>attineat</strong></span> <span class='ocrx_word' id='word_1_236' title='bbox 2577 3115 2882 3201; x_wconf 74' lang='lat' dir='ltr'><strong>aegrum¹²</strong></span> 
     </span>
    </p>
   </div>
   <div class='ocr_carea' id='block_1_10' title="bbox 385 3214 2883 3301">
    <p class='ocr_par' dir='ltr' id='par_1_13' title="bbox 385 3214 2883 3301">
     <span class='ocr_line' id='line_1_31' title="bbox 385 3214 2883 3301; baseline 0.005 -32"><span class='ocrx_word' id='word_1_237' title='bbox 385 3216 435 3256; x_wconf 82' lang='lat' dir='ltr'><strong>to</strong></span> <span class='ocrx_word' id='word_1_238' title='bbox 455 3215 615 3270; x_wconf 50' lang='lat' dir='ltr'><strong>90¹⁶st</strong></span> <span class='ocrx_word' id='word_1_239' title='bbox 687 3214 760 3277; x_wconf 89' lang='lat' dir='ltr'><strong>in</strong></span> <span class='ocrx_word' id='word_1_240' title='bbox 803 3214 971 3278; x_wconf 88' lang='lat' dir='ltr'><strong>lecto</strong></span> <span class='ocrx_word' id='word_1_241' title='bbox 1015 3216 1260 3299; x_wconf 89' lang='lat' dir='ltr'><strong>jugiter</strong></span> <span class='ocrx_word' id='word_1_242' title='bbox 1310 3224 1585 3280; x_wconf 87' lang='lat' dir='ltr'><strong>stratum</strong></span> <span class='ocrx_word' id='word_1_243' title='bbox 1636 3218 2066 3301; x_wconf 88' lang='lat' dir='ltr'><strong>obrutumque</strong></span> <span class='ocrx_word' id='word_1_244' title='bbox 2112 3219 2416 3296; x_wconf 89' lang='lat' dir='ltr'><strong>detinere,</strong></span> <span class='ocrx_word' id='word_1_245' title='bbox 2457 3239 2577 3301; x_wconf 89' lang='lat' dir='ltr'><strong>ego</strong></span> <span class='ocrx_word' id='word_1_246' title='bbox 2623 3220 2883 3301; x_wconf 90' lang='lat' dir='ltr'><strong>quidem</strong></span> 
     </span>
    </p>
   </div>
   <div class='ocr_carea' id='block_1_11' title="bbox 383 3286 2883 3413">
    <p class='ocr_par' dir='ltr' id='par_1_14' title="bbox 383 3286 2883 3413">
     <span class='ocr_line' id='line_1_32' title="bbox 383 3286 2883 3413; baseline 0.002 -34"><span class='ocrx_word' id='word_1_247' title='bbox 383 3286 662 3413; x_wconf 53' lang='grc' dir='ltr'>ἓΐὶῖω,</span> <span class='ocrx_word' id='word_1_248' title='bbox 690 3314 848 3378; x_wconf 85' lang='lat' dir='ltr'><strong>non¹</strong></span> <span class='ocrx_word' id='word_1_249' title='bbox 877 3316 1096 3380; x_wconf 87' lang='lat' dir='ltr'><strong>video:</strong></span> <span class='ocrx_word' id='word_1_250' title='bbox 1145 3318 1303 3400; x_wconf 90' lang='lat' dir='ltr'><strong>quin</strong></span> <span class='ocrx_word' id='word_1_251' title='bbox 1337 3320 1550 3401; x_wconf 87' lang='lat' dir='ltr'><strong>potius</strong></span> <span class='ocrx_word' id='word_1_252' title='bbox 1588 3320 1857 3403; x_wconf 88' lang='lat' dir='ltr'><strong>singulis</strong></span> <span class='ocrx_word' id='word_1_253' title='bbox 1888 3320 2133 3384; x_wconf 72' lang='lat' dir='ltr'><strong>diebusj</strong></span> <span class='ocrx_word' id='word_1_254' title='bbox 2162 3343 2276 3405; x_wconf 89' lang='lat' dir='ltr'><strong>per</strong></span> <span class='ocrx_word' id='word_1_255' title='bbox 2304 3322 2547 3404; x_wconf 90' lang='lat' dir='ltr'><strong>aliquot</strong></span> <span class='ocrx_word' id='word_1_256' title='bbox 2581 3321 2771 3385; x_wconf 82' lang='lat' dir='ltr'><strong>horas</strong></span> <span class='ocrx_word' id='word_1_257' title='bbox 2803 3321 2883 3384; x_wconf 91' lang='lat' dir='ltr'><strong>de</strong></span> 
     </span>
    </p>
   </div>
   <div class='ocr_carea' id='block_1_12' title="bbox 380 3416 2886 3507">
    <p class='ocr_par' dir='ltr' id='par_1_15' title="bbox 380 3416 2886 3507">
     <span class='ocr_line' id='line_1_33' title="bbox 380 3416 2886 3507; baseline 0.004 -30"><span class='ocrx_word' id='word_1_258' title='bbox 380 3416 538 3463; x_wconf 69' lang='lat' dir='ltr'><strong>moda.</strong></span> <span class='ocrx_word' id='word_1_259' title='bbox 689 3424 831 3481; x_wconf 90' lang='lat' dir='ltr'><strong>toro</strong></span> <span class='ocrx_word' id='word_1_260' title='bbox 854 3426 1074 3501; x_wconf 84' lang='lat' dir='ltr'><strong>surgat</strong></span> <span class='ocrx_word' id='word_1_261' title='bbox 1082 3419 1133 3497; x_wconf 66' lang='lat'><strong>¹³,</strong></span> <span class='ocrx_word' id='word_1_262' title='bbox 1157 3441 1233 3483; x_wconf 87' lang='lat' dir='ltr'><strong>ea</strong></span> <span class='ocrx_word' id='word_1_263' title='bbox 1258 3420 1399 3503; x_wconf 91' lang='lat' dir='ltr'><strong>lege</strong></span> <span class='ocrx_word' id='word_1_264' title='bbox 1420 3428 1497 3485; x_wconf 93' lang='lat' dir='ltr'><strong>ut</strong></span> <span class='ocrx_word' id='word_1_265' title='bbox 1526 3428 1663 3485; x_wconf 88' lang='lat' dir='ltr'><strong>tam</strong></span> <span class='ocrx_word' id='word_1_266' title='bbox 1692 3424 1847 3501; x_wconf 90' lang='lat' dir='ltr'><strong>loco,</strong></span> <span class='ocrx_word' id='word_1_267' title='bbox 1874 3445 2065 3507; x_wconf 86' lang='lat' dir='ltr'><strong>quam</strong></span> <span class='ocrx_word' id='word_1_268' title='bbox 2094 3426 2348 3504; x_wconf 85' lang='lat' dir='ltr'><strong>vestitu,</strong></span> <span class='ocrx_word' id='word_1_269' title='bbox 2370 3424 2625 3506; x_wconf 83' lang='lat' dir='ltr'><strong>frigoris</strong></span> <span class='ocrx_word' id='word_1_270' title='bbox 2644 3426 2886 3507; x_wconf 86' lang='lat' dir='ltr'><strong>pariter</strong></span> 
     </span>
    </p>
   </div>
   <div class='ocr_carea' id='block_1_13' title="bbox 382 3496 2882 3623">
    <p class='ocr_par' dir='ltr' id='par_1_16' title="bbox 382 3496 2882 3623">
     <span class='ocr_line' id='line_1_34' title="bbox 382 3496 2882 3623; baseline 0.002 -40"><span class='ocrx_word' id='word_1_271' title='bbox 382 3496 594 3623; x_wconf 54' lang='lat'><strong>{2013‘2&#39;20</strong></span> <span class='ocrx_word' id='word_1_272' title='bbox 690 3538 763 3581; x_wconf 86' lang='lat' dir='ltr'><strong>ac</strong></span> <span class='ocrx_word' id='word_1_273' title='bbox 830 3518 1054 3582; x_wconf 89' lang='lat' dir='ltr'><strong>caloris</strong></span> <span class='ocrx_word' id='word_1_274' title='bbox 1120 3520 1306 3583; x_wconf 89' lang='lat' dir='ltr'><strong>nimii</strong></span> <span class='ocrx_word' id='word_1_275' title='bbox 1363 3522 1770 3585; x_wconf 88' lang='lat' dir='ltr'><strong>incommoda</strong></span> <span class='ocrx_word' id='word_1_276' title='bbox 1831 3534 2346 3605; x_wconf 85' lang='lat' dir='ltr'><strong>praecaveantur.</strong></span> <span class='ocrx_word' id='word_1_277' title='bbox 2448 3526 2624 3592; x_wconf 81' lang='lat' dir='ltr'><strong>Quid</strong></span> <span class='ocrx_word' id='word_1_278' title='bbox 2692 3526 2882 3609; x_wconf 91' lang='lat' dir='ltr'><strong>quod,</strong></span> 
     </span>
    </p>
   </div>
   <div class='ocr_carea' id='block_1_14' title="bbox 378 3620 2886 3737">
    <p class='ocr_par' dir='ltr' id='par_1_17' title="bbox 378 3620 2886 3737">
     <span class='ocr_line' id='line_1_35' title="bbox 378 3620 2886 3737; baseline 0.004 -57"><span class='ocrx_word' id='word_1_279' title='bbox 378 3626 662 3737; x_wconf 49' lang='lat' dir='ltr'><strong>fflgffincu-</strong></span> <span class='ocrx_word' id='word_1_280' title='bbox 691 3624 951 3699; x_wconf 88' lang='lat' dir='ltr'><strong>aegroto</strong></span> <span class='ocrx_word' id='word_1_281' title='bbox 986 3640 1026 3682; x_wconf 89' lang='lat' dir='ltr'><strong>a</strong></span> <span class='ocrx_word' id='word_1_282' title='bbox 1068 3620 1264 3683; x_wconf 91' lang='lat' dir='ltr'><strong>cubili</strong></span> <span class='ocrx_word' id='word_1_283' title='bbox 1298 3622 1701 3705; x_wconf 86' lang='lat' dir='ltr'><strong>quandoque¹</strong></span> <span class='ocrx_word' id='word_1_284' title='bbox 1732 3624 2117 3704; x_wconf 87' lang='lat' dir='ltr'><strong>abstinente,</strong></span> <span class='ocrx_word' id='word_1_285' title='bbox 2158 3627 2418 3692; x_wconf 90' lang='lat' dir='ltr'><strong>morbus</strong></span> <span class='ocrx_word' id='word_1_286' title='bbox 2462 3628 2696 3692; x_wconf 89' lang='lat' dir='ltr'><strong>minori</strong></span> <span class='ocrx_word' id='word_1_287' title='bbox 2734 3649 2886 3691; x_wconf 90' lang='lat' dir='ltr'><strong>cum</strong></span> 
     </span>
    </p>
   </div>
   <div class='ocr_carea' id='block_1_15' title="bbox 380 3723 2886 4017">
    <p class='ocr_par' dir='ltr' id='par_1_18' title="bbox 380 3723 2886 4017">
     <span class='ocr_line' id='line_1_36' title="bbox 383 3723 2886 3816; baseline 0.004 -30"><span class='ocrx_word' id='word_1_288' title='bbox 383 3760 473 3811; x_wconf 70' lang='lat' dir='ltr'><strong>est,</strong></span> <span class='ocrx_word' id='word_1_289' title='bbox 497 3768 592 3801; x_wconf 84' lang='lat' dir='ltr'><strong>non</strong></span> <span class='ocrx_word' id='word_1_290' title='bbox 691 3723 1004 3801; x_wconf 89' lang='lat' dir='ltr'><strong>molestia,</strong></span> <span class='ocrx_word' id='word_1_291' title='bbox 1025 3744 1098 3787; x_wconf 89' lang='lat' dir='ltr'><strong>ac</strong></span> <span class='ocrx_word' id='word_1_292' title='bbox 1127 3724 1322 3787; x_wconf 87' lang='lat' dir='ltr'><strong>etiam</strong></span> <span class='ocrx_word' id='word_1_293' title='bbox 1351 3726 1625 3791; x_wconf 87' lang='lat' dir='ltr'><strong>breviori</strong></span> <span class='ocrx_word' id='word_1_294' title='bbox 1648 3729 1904 3810; x_wconf 75' lang='lat' dir='ltr'><strong>spatio¹¹¹</strong></span> <span class='ocrx_word' id='word_1_295' title='bbox 1935 3738 2225 3814; x_wconf 84' lang='lat' dir='ltr'><strong>tempora</strong></span> <span class='ocrx_word' id='word_1_296' title='bbox 2244 3754 2362 3795; x_wconf 89' lang='lat' dir='ltr'><strong>sua</strong></span> <span class='ocrx_word' id='word_1_297' title='bbox 2379 3738 2663 3816; x_wconf 88' lang='lat' dir='ltr'><strong>peragat,</strong></span> <span class='ocrx_word' id='word_1_298' title='bbox 2688 3754 2886 3815; x_wconf 91' lang='lat' dir='ltr'><strong>quam</strong></span> 
     </span>
     <span class='ocr_line' id='line_1_37' title="bbox 380 3817 2886 3929; baseline 0.002 -39"><span class='ocrx_word' id='word_1_299' title='bbox 380 3817 641 3929; x_wconf 47' lang='grc' dir='ltr'><strong>ἓξεῖᾏὲᾶὶῑ·</strong></span> <span class='ocrx_word' id='word_1_300' title='bbox 690 3824 746 3887; x_wconf 88' lang='lat' dir='ltr'><strong>si</strong></span> <span class='ocrx_word' id='word_1_301' title='bbox 775 3824 984 3917; x_wconf 77' lang='lat' dir='ltr'><strong>eidem</strong></span> <span class='ocrx_word' id='word_1_302' title='bbox 1014 3826 1422 3891; x_wconf 86' lang='lat' dir='ltr'><strong>continenter</strong></span> <span class='ocrx_word' id='word_1_303' title='bbox 1451 3830 1829 3911; x_wconf 67' lang='lat' dir='ltr'><strong>affigaturn?</strong></span> <span class='ocrx_word' id='word_1_304' title='bbox 1876 3834 2048 3915; x_wconf 92' lang='lat' dir='ltr'><strong>quod</strong></span> <span class='ocrx_word' id='word_1_305' title='bbox 2076 3856 2208 3899; x_wconf 90' lang='lat' dir='ltr'><strong>non</strong></span> <span class='ocrx_word' id='word_1_306' title='bbox 2238 3836 2429 3899; x_wconf 92' lang='lat' dir='ltr'><strong>modo</strong></span> <span class='ocrx_word' id='word_1_307' title='bbox 2464 3836 2886 3918; x_wconf 86' lang='lat' dir='ltr'><strong>aegritudinis</strong></span> 
     </span>
     <span class='ocr_line' id='line_1_38' title="bbox 381 3926 2884 4017; baseline 0.003 -23"><span class='ocrx_word' id='word_1_308' title='bbox 381 3946 599 4007; x_wconf 68' lang='lat' dir='ltr'><strong>stragula</strong></span> <span class='ocrx_word' id='word_1_309' title='bbox 687 3926 974 3989; x_wconf 83' lang='lat' dir='ltr'><strong>taedium</strong></span> <span class='ocrx_word' id='word_1_310' title='bbox 1019 3928 1314 4011; x_wconf 86' lang='lat' dir='ltr'><strong>adauget,</strong></span> <span class='ocrx_word' id='word_1_311' title='bbox 1359 3952 1582 3994; x_wconf 85' lang='lat' dir='ltr'><strong>verum</strong></span> <span class='ocrx_word' id='word_1_312' title='bbox 1626 3932 1821 3997; x_wconf 87' lang='lat' dir='ltr'><strong>etiam</strong></span> <span class='ocrx_word' id='word_1_313' title='bbox 1856 3934 2147 4000; x_wconf 89' lang='lat' dir='ltr'><strong>febrilem</strong></span> <span class='ocrx_word' id='word_1_314' title='bbox 2183 3940 2647 4003; x_wconf 85' lang='lat' dir='ltr'><strong>aestuationem</strong></span> <span class='ocrx_word' id='word_1_315' title='bbox 2690 3938 2884 4017; x_wconf 84' lang='lat' dir='ltr'><strong>fovet,</strong></span> 
     </span>
    </p>
   </div>
   <div class='ocr_carea' id='block_1_16' title="bbox 379 4018 2885 4135">
    <p class='ocr_par' dir='ltr' id='par_1_19' title="bbox 379 4018 2885 4135">
     <span class='ocr_line' id='line_1_39' title="bbox 379 4018 2885 4135; baseline 0.008 -49"><span class='ocrx_word' id='word_1_316' title='bbox 379 4018 566 4135; x_wconf 56' lang='grc' dir='ltr'><strong>ἓζῖζξξζ</strong></span> <span class='ocrx_word' id='word_1_317' title='bbox 583 4025 661 4122; x_wconf 59' lang='lat'><strong>2:</strong></span> <span class='ocrx_word' id='word_1_318' title='bbox 687 4032 753 4091; x_wconf 89' lang='lat' dir='ltr'><strong>et</strong></span> <span class='ocrx_word' id='word_1_319' title='bbox 804 4027 1270 4111; x_wconf 88' lang='lat' dir='ltr'><strong>prodeuntibus</strong></span> <span class='ocrx_word' id='word_1_320' title='bbox 1313 4032 1605 4096; x_wconf 89' lang='lat' dir='ltr'><strong>vesiculis</strong></span> <span class='ocrx_word' id='word_1_321' title='bbox 1657 4033 2046 4101; x_wconf 84' lang='lat' dir='ltr'><strong>dolorifieam</strong></span> <span class='ocrx_word' id='word_1_322' title='bbox 2104 4040 2676 4105; x_wconf 87' lang='lat' dir='ltr'><strong>inflammationem</strong></span> <span class='ocrx_word' id='word_1_323' title='bbox 2734 4063 2885 4105; x_wconf 91' lang='lat' dir='ltr'><strong>con-</strong></span> 
     </span>
    </p>
   </div>
   <div class='ocr_carea' id='block_1_17' title="bbox 749 4205 2883 4538">
    <p class='ocr_par' dir='ltr' id='par_1_20' title="bbox 749 4205 2883 4279">
     <span class='ocr_line' id='line_1_40' title="bbox 749 4205 2883 4279; baseline 0.007 -27"><span class='ocrx_word' id='word_1_324' title='bbox 749 4211 771 4235; x_wconf 75' lang='lat'><strong><em>⁶</em></strong></span> <span class='ocrx_word' id='word_1_325' title='bbox 805 4207 956 4267; x_wconf 79' lang='lat' dir='ltr'><strong>Atque</strong></span> <span class='ocrx_word' id='word_1_326' title='bbox 978 4209 1022 4253; x_wconf 75' lang='lat' dir='ltr'><strong>u·</strong></span> <span class='ocrx_word' id='word_1_327' title='bbox 1043 4205 1150 4269; x_wconf 56' lang='grc' dir='ltr'><strong>ᾦα]</strong></span> <span class='ocrx_word' id='word_1_328' title='bbox 1180 4207 1256 4255; x_wconf 84' lang='lat' dir='ltr'><strong>Cf.</strong></span> <span class='ocrx_word' id='word_1_329' title='bbox 1283 4223 1328 4270; x_wconf 88' lang='lat' dir='ltr'><strong>p.</strong></span> <span class='ocrx_word' id='word_1_330' title='bbox 1359 4210 1464 4257; x_wconf 84' lang='lat'><strong>136.</strong></span> <span class='ocrx_word' id='word_1_331' title='bbox 1489 4224 1536 4257; x_wconf 85' lang='lat' dir='ltr'><strong>n.</strong></span> <span class='ocrx_word' id='word_1_332' title='bbox 1561 4214 1607 4258; x_wconf 80' lang='lat' dir='ltr'><strong>d.</strong></span> <span class='ocrx_word' id='word_1_333' title='bbox 1888 4212 1903 4251; x_wconf 75' lang='lat'><em>5</em></span> <span class='ocrx_word' id='word_1_334' title='bbox 1938 4216 2883 4279; x_wconf 70' lang='grc' dir='ltr'><strong>ᾱὸεὸ.-1ιονω]αανονι·ερνοωιι·εοεᾶ.’68.</strong></span> 
     </span>
    </p>

    <p class='ocr_par' dir='ltr' id='par_1_21' title="bbox 751 4268 2575 4343">
     <span class='ocr_line' id='line_1_41' title="bbox 751 4268 2575 4343; baseline 0.008 -28"><span class='ocrx_word' id='word_1_335' title='bbox 751 4268 766 4297; x_wconf 79' lang='lat'><strong><em>¹</em></strong></span> <span class='ocrx_word' id='word_1_336' title='bbox 796 4285 932 4330; x_wconf 76' lang='lat' dir='ltr'><strong>eoque</strong></span> <span class='ocrx_word' id='word_1_337' title='bbox 953 4270 1121 4333; x_wconf 59' lang='lat' dir='ltr'><strong>caud]</strong></span> <span class='ocrx_word' id='word_1_338' title='bbox 1146 4286 1240 4318; x_wconf 91' lang='lat' dir='ltr'><strong>om.</strong></span> <span class='ocrx_word' id='word_1_339' title='bbox 1264 4272 1335 4321; x_wconf 84' lang='lat' dir='ltr'><strong>ed.</strong></span> <span class='ocrx_word' id='word_1_340' title='bbox 1362 4274 1459 4320; x_wconf 83' lang='grc'><strong>’68.</strong></span> <span class='ocrx_word' id='word_1_341' title='bbox 1894 4276 1917 4307; x_wconf 83' lang='lat'><strong>¹¹</strong></span> <span class='ocrx_word' id='word_1_342' title='bbox 1949 4288 2112 4341; x_wconf 71' lang='lat' dir='ltr'><strong>surgat</strong></span> <span class='ocrx_word' id='word_1_343' title='bbox 2164 4290 2360 4343; x_wconf 70' lang='lat' dir='ltr'><strong>exurgat</strong></span> <span class='ocrx_word' id='word_1_344' title='bbox 2382 4282 2453 4330; x_wconf 87' lang='lat' dir='ltr'><strong>ed.</strong></span> <span class='ocrx_word' id='word_1_345' title='bbox 2482 4283 2575 4329; x_wconf 87' lang='grc'><strong>’68.</strong></span> 
     </span>
    </p>

    <p class='ocr_par' dir='ltr' id='par_1_22' title="bbox 750 4330 2580 4405">
     <span class='ocr_line' id='line_1_42' title="bbox 750 4330 2580 4405; baseline 0.008 -27"><span class='ocrx_word' id='word_1_346' title='bbox 750 4330 772 4359; x_wconf 77' lang='lat'>⁸</span> <span class='ocrx_word' id='word_1_347' title='bbox 807 4349 892 4379; x_wconf 80' lang='lat' dir='ltr'><strong>mm</strong></span> <span class='ocrx_word' id='word_1_348' title='bbox 914 4332 1010 4395; x_wconf 70' lang='lat' dir='ltr'><strong>ita]</strong></span> <span class='ocrx_word' id='word_1_349' title='bbox 1035 4352 1202 4397; x_wconf 79' lang='lat' dir='ltr'><strong>eaeque</strong></span> <span class='ocrx_word' id='word_1_350' title='bbox 1222 4352 1308 4382; x_wconf 79' lang='lat' dir='ltr'><strong>non</strong></span> <span class='ocrx_word' id='word_1_351' title='bbox 1331 4336 1400 4383; x_wconf 86' lang='lat' dir='ltr'><strong>ed.</strong></span> <span class='ocrx_word' id='word_1_352' title='bbox 1427 4338 1522 4383; x_wconf 84' lang='grc'><strong>’68.</strong></span> <span class='ocrx_word' id='word_1_353' title='bbox 1896 4338 1910 4371; x_wconf 88' lang='lat'><strong>¹</strong></span> <span class='ocrx_word' id='word_1_354' title='bbox 1939 4348 2104 4405; x_wconf 69' lang='lat' dir='ltr'><strong>qtmnd.</strong></span> <span class='ocrx_word' id='word_1_355' title='bbox 2160 4347 2362 4393; x_wconf 75' lang='lat' dir='ltr'><strong>interdiu</strong></span> <span class='ocrx_word' id='word_1_356' title='bbox 2385 4346 2459 4394; x_wconf 89' lang='lat' dir='ltr'><strong>ed.</strong></span> <span class='ocrx_word' id='word_1_357' title='bbox 2486 4347 2580 4395; x_wconf 83' lang='grc'><strong>’68.</strong></span> 
     </span>
    </p>

    <p class='ocr_par' dir='ltr' id='par_1_23' title="bbox 749 4391 2883 4538">
     <span class='ocr_line' id='line_1_43' title="bbox 749 4391 2759 4483; baseline 0.008 -42"><span class='ocrx_word' id='word_1_358' title='bbox 749 4391 773 4483; x_wconf 60' lang='lat'><strong>:⁸</strong></span> <span class='ocrx_word' id='word_1_359' title='bbox 805 4412 860 4442; x_wconf 81' lang='lat' dir='ltr'><strong>ae</strong></span> <span class='ocrx_word' id='word_1_360' title='bbox 895 4396 1020 4458; x_wconf 74' lang='lat' dir='ltr'><strong>rum]</strong></span> <span class='ocrx_word' id='word_1_361' title='bbox 1045 4408 1295 4459; x_wconf 79' lang='lat' dir='ltr'><strong>aegrotum,</strong></span> <span class='ocrx_word' id='word_1_362' title='bbox 1321 4400 1392 4447; x_wconf 82' lang='lat' dir='ltr'><strong>ed.</strong></span> <span class='ocrx_word' id='word_1_363' title='bbox 1418 4401 1511 4449; x_wconf 88' lang='grc'><strong>’68.</strong></span> <span class='ocrx_word' id='word_1_364' title='bbox 1892 4418 1929 4442; x_wconf 76' lang='lat'><strong>¹²²</strong></span> <span class='ocrx_word' id='word_1_365' title='bbox 1961 4411 2110 4468; x_wconf 69' lang='lat' dir='ltr'><strong>spatio</strong></span> <span class='ocrx_word' id='word_1_366' title='bbox 2161 4414 2373 4470; x_wconf 66' lang='lat' dir='ltr'><strong>temporis</strong></span> <span class='ocrx_word' id='word_1_367' title='bbox 2393 4414 2541 4471; x_wconf 71' lang='lat' dir='ltr'><strong>spatio</strong></span> <span class='ocrx_word' id='word_1_368' title='bbox 2564 4411 2636 4457; x_wconf 87' lang='lat' dir='ltr'><strong>ed.</strong></span> <span class='ocrx_word' id='word_1_369' title='bbox 2663 4412 2759 4458; x_wconf 83' lang='grc'><strong>’68.</strong></span> 
     </span>
     <span class='ocr_line' id='line_1_44' title="bbox 795 4414 2883 4538; baseline 0.01 -35"><span class='ocrx_word' id='word_1_370' title='bbox 795 4414 908 4521; x_wconf 56' lang='grc' dir='ltr'><strong>ηοξ]</strong></span> <span class='ocrx_word' id='word_1_371' title='bbox 933 4477 1214 4523; x_wconf 76' lang='lat' dir='ltr'><strong>nequaquam</strong></span> <span class='ocrx_word' id='word_1_372' title='bbox 1237 4464 1309 4509; x_wconf 85' lang='lat' dir='ltr'><strong>ed.</strong></span> <span class='ocrx_word' id='word_1_373' title='bbox 1337 4465 1429 4511; x_wconf 90' lang='grc'><strong>’68.</strong></span> <span class='ocrx_word' id='word_1_374' title='bbox 1892 4476 1914 4499; x_wconf 82' lang='lat'><strong>¹¹</strong></span> <span class='ocrx_word' id='word_1_375' title='bbox 1935 4471 2210 4534; x_wconf 75' lang='lat' dir='ltr'><strong>affig.quod]</strong></span> <span class='ocrx_word' id='word_1_376' title='bbox 2222 4482 2493 4536; x_wconf 70' lang='lat' dir='ltr'><strong>—gereturs</strong></span> <span class='ocrx_word' id='word_1_377' title='bbox 2508 4478 2559 4521; x_wconf 74' lang='lat' dir='ltr'><strong>id</strong></span> <span class='ocrx_word' id='word_1_378' title='bbox 2569 4478 2689 4538; x_wconf 75' lang='lat' dir='ltr'><strong>quod</strong></span> <span class='ocrx_word' id='word_1_379' title='bbox 2700 4476 2773 4523; x_wconf 84' lang='lat' dir='ltr'><strong>ed.</strong></span> <span class='ocrx_word' id='word_1_380' title='bbox 2788 4477 2883 4523; x_wconf 84' lang='lat'><strong>’68.</strong></span> 
     </span>
    </p>
   </div>
  </div>
 </body>
</html>
