3138 5006
878 302 1391 368 PROCESSUS
1440 301 1545 365 IN
1546 300 1844 367 TEGRI.
2325 300 2458 363 563

248 472 315 531 et
362 486 679 529 manuum
722 464 1149 529 inflammatio
1187 464 1327 548 jam
1378 484 1634 527 summa
1679 462 1754 526 in
1799 462 2204 546 pustularum
2255 462 2455 527 inter-
2579 480 2666 532 Du,

249 568 443 632 stitiis
486 568 765 633 colorem
804 567 1065 633 exhibet
1102 566 1423 646 floridum,
1456 574 1523 631 et
1566 588 1860 631 rosarum
1905 568 2458 631 Damascenarum
2481 546 2763 594 viamus.

250 670 617 749 aemulum3
661 690 855 754 quem
885 668 1145 754 quidem
1168 669 1468 748 colorem,
1490 690 1620 753 quo
1648 669 1936 733 mitiores
1959 675 2114 733 sunt
2135 668 2458 748 Variolae,

250 793 327 836 eo
355 772 561 855 magis
588 780 734 836 tum
768 772 1087 856 pustulae,
1116 779 1263 836 tum
1292 771 1459 835 cutis
1502 772 1864 856 interjecta,
1899 771 1984 837 ad
2009 772 2320 837 amussim
2347 793 2458 836 ex-

249 878 561 961 primunt.
652 876 837 943 Quae
882 877 1113 942 faciem
1158 883 1477 962 occupant
1528 878 1844 962 pustulae,
1897 878 2247 962 asperiores
2299 898 2456 961 quo-

249 981 409 1044 tidie
450 1000 527 1045 ac
567 980 777 1063 magis
810 980 1011 1045 flavae
1053 1002 1169 1065 pro
1213 981 1664 1045 maturationis
1699 981 1984 1060 ratione3
2031 1002 2198 1066 quae
2223 1002 2460 1045 manus

250 1091 316 1147 et
357 1084 677 1167 reliquum
708 1104 961 1168 corpus,
991 1084 1211 1148 minus
1248 1105 1508 1167 asperae
1544 1085 1856 1168 albaeque
1898 1085 2104 1168 magis
2146 1083 2460 1168 conspici-

247 1196 452 1253 untur
507 1188 739 1253 indies.
860 1186 982 1272 [4.]
1038 1187 1165 1251 Die
1215 1188 1557 1252 undecimo
1603 1187 1790 1252 faciei
1831 1195 2051 1251 tumor
2095 1193 2162 1251 et
2201 1186 2456 1251 inflam-

248 1292 450 1355 matio
488 1291 823 1370 recedunt,
867 1292 1167 1376 pustulae
1210 1298 1505 1356 maturae
1546 1299 1614 1357 et
1650 1293 1895 1377 justam
1937 1292 2458 1375 magnitudinem

256 1394 573 1477 (videlicet
602 1394 726 1478 pisi
756 1393 1238 1477 grandiusculi‚)
1274 1394 1543 1478 adeptae
1575 1400 1952 1461 exarescant
1983 1393 2456 1477 deciduntque3

252 1496 500 1562 decimo
532 1504 761 1581 quarto
792 1496 893 1560 vel
922 1496 1149 1581 quinto
1178 1506 1453 1580 pereunt
1480 1498 1800 1562 funditus.
1882 1498 2208 1562 Mannum
2237 1502 2458 1560 autem

249 1600 547 1683 pustulae
580 1599 1061 1682 pertinaciores,
1098 1599 1283 1664 albae
1322 1600 1533 1665 adhuc
1574 1608 1640 1665 et
1675 1608 1986 1680 recentes,
2024 1600 2128 1665 die
2164 1621 2300 1663 uno
2343 1606 2458 1663 aut

250 1702 454 1766 altero
518 1722 731 1764 moras
788 1700 1079 1781 trahunt,
1139 1708 1208 1766 et
1273 1703 1541 1768 tandem
1600 1704 2104 1787 dirumpunturz
2169 1708 2462 1767 caeterae

252 1812 492 1883 autem,
514 1804 700 1868 faciei
722 1803 1029 1867 nimirum
1052 1810 1119 1869 et
1148 1806 1448 1888 corporis,
1474 1804 2068 1889 desquammantur,
2091 1812 2158 1870 et
2195 1805 2268 1867 in
2295 1804 2462 1869 facie

251 1907 667 1990 squammulis
688 1906 865 1971 hisce
881 1906 1263 1971 furfiiraceis
1286 1908 1642 1973 succedunt
1661 1908 1901 1972 foveae.
1958 1908 2025 1992 [5
2035 1908 2079 1993 .]
2101 1909 2228 1972 Per
2242 1914 2458 1972 totum

249 2010 461 2074 morbi
499 2010 841 2074 decursum
882 2010 1061 2073 alvus
1098 2009 1201 2073 vel
1244 2032 1505 2095 prorsus
1550 2011 1952 2095 constipatur
1990 2011 2093 2075 vel
2133 2010 2461 2075 rarissime

251 2112 491 2196 dejicit.
598 2110 927 2177 Maxima‘¹
966 2134 1190 2177 eorum
1235 2136 1383 2197 pars
1427 2115 1541 2198 qui
1587 2136 1665 2178 ex
1715 2114 1840 2178 hoe
1887 2113 2114 2178 morbo
2158 2121 2456 2197 pereunt,

247 2222 470 2279 octavo
500 2215 602 2279 die
632 2215 703 2279 in
731 2216 1062 2296 Discretis,
1092 2217 1435 2281 undecimo
1464 2224 1685 2283 autem
1712 2217 1783 2281 in
1815 2216 2327 2296 confluentibus,
2355 2217 2458 2283 in-

250 2324 547 2383 tereunt:
608 2319 845 2402 quippe
892 2340 1041 2383 cum
1092 2320 1165 2383 in
1210 2320 1505 2385 Discreto
1548 2321 1674 2385 hoc
1718 2342 1954 2404 genere
1996 2327 2460 2405 promoventur

250 2421 515 2485 sudores
554 2429 698 2485 tum
742 2420 1063 2501 cardiacis,
1094 2430 1238 2487 tum
1280 2424 1598 2507 regimine
1636 2424 1954 2503 calidiore,
1984 2424 2310 2508 praedicto
2352 2424 2458 2488 die

248 2527 462 2606 facies,
496 2548 658 2610 quae
702 2525 964 2608 turgida
1002 2533 1070 2590 et
1113 2547 1229 2610 per
1270 2527 1622 2604 interstitia
1661 2527 1938 2611 pustulis
1975 2528 2316 2611 interjecta
2357 2528 2458 2592 in-

248 2627 569 2692 flammari
610 2627 941 2707 debuerat,
975 2649 1011 2692 e
1052 2635 1282 2692 contra
1326 2629 1594 2694 flaccida
1634 2632 1953 2713 reperitur
1994 2637 2060 2695 et
2103 2630 2456 2706 albescens,

248 2729 527 2814 pustulis
554 2728 977 2792 nihilominus
1019 2729 1407 2794 rubentibus
1438 2737 1505 2795 et
1549 2733 1829 2812 elevatis,
1859 2734 2056 2797 etiam
2095 2740 2242 2817 post
2281 2735 2460 2817 aegri

248 2839 568 2896 mortem:
616 2830 831 2907 sudor,
864 2831 975 2915 qui
1017 2830 1147 2896 huc
1194 2853 1402 2916 usque
1443 2843 1836 2915 manaverat,
1876 2835 2222 2920 derepente
2265 2858 2458 2901 evan-

250 2934 446 3013 escit3
493 2954 684 3016 aeger
733 2933 1001 2998 interim
1042 2933 1417 3018 phrenitide
1461 2937 1824 3021 corripitur,
1869 2939 2214 3018 anxietate,
2252 2940 2460 3023 jacta·

248 3035 449 3113 tione,
508 3033 917 3118 aegritudine
964 3035 1502 3116 vehementibus3
1562 3039 1822 3103 urinam
1871 3061 2062 3124 parce
2119 3040 2332 3104 reddit
2384 3063 2462 3106 ac

250 3137 659 3221 frequentem
719 3143 787 3202 et
842 3137 1111 3204 tandem
1165 3138 1698 3224 paucissimarum
1747 3141 2052 3208 horarum
2112 3145 2318 3228 spatio
2377 3144 2461 3210 ad

248 3240 467 3324 plures
495 3239 755 3322 migrat.

349 3341 471 3426 [6.]
493 3353 519 3385 θ
564 3343 650 3406 In
679 3343 1175 3408 Confluentibus
1215 3345 1441 3410 eadem
1479 3354 1932 3432 symptomata,
1964 3349 2079 3414 sed
2107 3348 2456 3429 atrocium
2487 3371 2750 3419 Confluen-

248 3445 445 3512 febris
475 3446 739 3525 scilicet,
770 3447 915 3511 anxi
923 3454 1079 3526 etas,
1104 3449 1466 3531 aegritudo,
1486 3452 1902 3531 vomituritio,
1934 3461 2078 3532 etc„
2109 3454 2458 3517 immanius
2483 3437 2768 3564 ξζᾙζζῐᾙ

250 3549 563 3627 saeviunt,
607 3547 759 3614 licet
808 3571 945 3614 non
995 3549 1090 3614 ita
1139 3559 1437 3634 prompte
1488 3573 1563 3616 ac
1604 3553 1675 3616 in
1715 3554 2028 3618 Discretis
2079 3555 2150 3618 in
2193 3553 2460 3620 sudores
2484 3567 2695 3617 historia.

252 3651 617 3715 dissolvitur
646 3673 857 3734 aeger.
946 3651 1309 3717 Diarrhoea
1336 3674 1810 3738 nonnunquam
1841 3656 2247 3738 eruptionem
2274 3677 2462 3740 prae-

250 3756 441 3834 cedit,
473 3763 541 3821 et
585 3756 667 3820 ad
702 3757 874 3820 diem
908 3779 1115 3822 unum
1156 3763 1272 3822 aut
1314 3758 1590 3822 alterum
1632 3763 1778 3842 post
1807 3760 1986 3823 illam
2020 3761 2458 3844 protrahitur3

253 3859 423 3943 quod
460 3858 533 3922 in
576 3860 887 3924 Discretis
915 3861 1018 3924 vix
1062 3860 1407 3944 contingit.
1497 3862 1716 3927 Tertio
1761 3861 1864 3927 die
1908 3869 2024 3927 aut
2070 3863 2282 3942 citius,
2311 3885 2462 3928 raro

250 3963 519 4041 tardius,
544 3969 931 4047 erumpunt3
978 3972 1043 4027 et
1076 3985 1201 4046 quo
1232 3963 1443 4042 citiuS,
1469 3984 1545 4027 eo
1575 3963 1782 4047 magis
1811 3965 2170 4029 confluunt.
2235 3963 2462 4030 Quan-

252 4065 463 4148 doque
514 4065 599 4129 ad
650 4073 955 4149 quartum
1004 4065 1106 4130 vel
1148 4065 1453 4150 quintum
1501 4067 1676 4130 diem
1727 4067 2024 4132 differtur
2075 4068 2328 4151 emptio
2374 4067 2460 4132 ob

252 4177 435 4233 atrox
458 4168 715 4252 aliquod
738 4176 1139 4254 symptoma;
1175 4168 1350 4232 verbi
1371 4169 1598 4251 gratia,
1618 4168 2060 4234 acutissimum
2083 4169 2366 4234 dolorem
2388 4170 2462 4234 in

250 4270 508 4349 lumbiS,
556 4271 901 4355 nephritici
944 4271 1291 4350 aemulum,
1332 4271 1405 4335 in
1446 4271 1648 4336 latere
1691 4271 2031 4354 pleuritici,
2071 4272 2144 4336 in
2187 4271 2458 4336 artubus

252 4374 655 4454 rheumatici,
686 4375 759 4439 in
786 4375 1143 4440 ventriculo
1174 4396 1323 4440 cum
1364 4375 1617 4458 ingenti
1649 4373 2056 4458 aegritudine
2093 4381 2160 4438 et
2189 4374 2458 4439 vomitu.

319 4499 347 4538 ‘¹
382 4504 589 4552 Maxima
616 4503 722 4567 ξω]
750 4505 825 4553 cf.
852 4508 961 4554 ibid.
986 4505 1059 4554 iii.
1082 4507 1124 4553 2.
1153 4507 1231 4553 2⁰.
1806 4509 1830 4540 θ
1867 4503 1944 4552 Cf.
1967 4505 2078 4552 ibid.
2104 4503 2169 4552 iii.
2196 4505 2241 4551 2.
2266 4505 2298 4551 6
2321 4519 2392 4566 sq.
