3138 5006
1157 320 1416 380 limax
1461 302 1775 379 RERUM.

259 492 379 555 agra
416 478 641 541 iugenter
677 484 835 537 nocet,
877 478 1006 535 419,
1058 478 1112 527 ln
1147 478 1415 541 juvenibus

259 558 374 591 vmo
411 542 733 602 excalefactis,
773 543 910 592 initio
951 543 1244 607 paroxysmi,
1289 544 1414 599 419,

258 607 344 655 ubi
367 608 641 656 metastasis
673 608 904 656 materiae
923 608 986 655 ad
1007 608 1283 670 pulmones,
1303 608 1419 666 446,

258 674 374 731 447,
394 674 518 729 615,
563 672 615 719 in
646 673 838 736 pruritu
873 673 1044 730 ferin0,
1065 673 1174 731 265,
1200 674 1329 728 559,
1365 672 1418 720 in

259 737 626 795 rheumatismo,
649 737 760 794 257,
784 739 908 793 556,
943 738 1223 800 frequenter
1249 738 1420 785 iterata

259 817 430 865 aegros
461 800 572 849 aliis
605 802 786 850 morbis
820 801 1052 849 obnoxios
1085 800 1260 860 reddit,
1289 802 1415 857 299,

258 880 422 913 serum
465 866 606 914 laetis
646 867 837 929 copiose
888 867 1120 915 haustum
1164 867 1271 929 ejus
1312 867 1422 914 loco

259 931 587 988 substituitur,
634 933 747 990 299,
789 932 913 987 300,
973 931 1026 978 in
1069 929 1421 979 rheumatismo

257 994 542 1053 inveterato,
564 996 688 1052 260,
723 996 772 1044 in
798 996 942 1044 scroti
963 1003 1153 1043 tumore
1174 1002 1224 1043 et
1256 995 1421 1043 dolore

257 1060 552 1118 vehementi,
583 1076 614 1108 a
653 1060 751 1117 lue,
792 1062 904 1118 318,
928 1062 1052 1116 590,
1087 1060 1138 1107 in
1165 1059 1290 1107 tussi
1318 1058 1421 1123 epi-

257 1122 388 1173 dem.
408 1124 526 1171 anni
561 1124 656 1180 ’79,
691 1126 815 1181 293,
851 1124 902 1172 in
937 1123 1149 1180 variolis,
1177 1125 1286 1179 132,
1308 1126 1421 1181 223,

257 1190 373 1246 224,
395 1189 510 1246 347,
533 1190 662 1245 565,
718 1188 806 1237 ubi
848 1188 1102 1253 phrenitis,
1129 1188 1243 1251 quia
1276 1188 1422 1236 facies

258 1267 358 1301 non
382 1259 558 1310 tumet,
582 1255 708 1309 144,
741 1260 905 1301 tamen
937 1254 988 1301 in
1023 1253 1116 1300 boc
1139 1252 1307 1299 morbo
1329 1253 1421 1301 mi-

258 1331 354 1364 nus
369 1332 518 1380 quarn
535 1318 662 1365 aeris
683 1316 1076 1381 contemperatio,
1091 1315 1170 1364 vel
1190 1316 1424 1365 catharsis

259 1380 446 1439 iterata,
471 1380 630 1429 morbi
661 1381 943 1429 violentiam
979 1380 1185 1438 cohibet,
1211 1383 1336 1439 338,
1372 1382 1424 1429 in

259 1444 402 1492 initio
453 1446 538 1493 ubi
595 1445 885 1504 celebratur,
946 1446 1002 1493 fit
1055 1446 1314 1509 praecipue
1368 1454 1425 1494 ut.

261 1510 442 1557 mictus
475 1510 788 1573 sanguineus,
813 1509 1034 1558 maculae
1066 1526 1352 1574 purpureae,
1377 1518 1426 1559 et

261 1572 376 1631 alia,
403 1574 631 1631 vitentur,
671 1576 788 1631 138,
826 1575 1018 1639 quando
1051 1590 1224 1622 nocere
1255 1575 1422 1639 possit,

265 1638 389 1695 132,
427 1638 469 1686 si
489 1639 816 1703 inopportuna
837 1639 997 1698 fuerit,
1017 1640 1325 1702 pustularum
1345 1654 1421 1687 re-

261 1717 441 1759 cessus,
473 1719 564 1751 nec
603 1718 704 1751 non
744 1704 888 1752 faciei
919 1718 976 1751 ac
1007 1720 1248 1753 manuum
1283 1704 1423 1753 detu-

258 1768 568 1825 mescentiae,
591 1783 740 1816 causa
766 1784 872 1817 esse
892 1774 1068 1831 potest,
1097 1770 1218 1825 135,
1255 1769 1294 1816 si
1313 1770 1423 1831 jus-

259 1836 328 1889 ta,
347 1831 400 1878 in
424 1832 779 1881 confluentibus
808 1848 1060 1897 erumpere
1091 1832 1312 1896 pustulas
1333 1834 1423 1881 ali-

260 1896 456 1958 quando
479 1897 608 1955 facit,
635 1900 752 1955 132,
787 1898 839 1945 in
873 1897 1069 1945 variolis
1097 1898 1238 1946 discr.
1261 1898 1424 1961 potius

258 1975 430 2017 nocua,
461 1964 554 2009 140
575 1981 586 2017 ,
621 1962 664 2009 si
684 1962 885 2010 morbus
913 1962 1060 2011 fuerit
1079 1962 1423 2020 vehementior,

257 2024 478 2087 pustulis
493 2026 599 2088 jam
624 2026 856 2083 deciduis,
883 2028 1005 2083 148,
1043 2026 1094 2075 iu
1117 2042 1270 2089 agone
1292 2042 1423 2074 mor-

259 2088 341 2147 tis,
366 2090 473 2147 144,
502 2092 622 2149 145,
657 2099 769 2167 post
790 2091 998 2139 variolas
1020 2092 1159 2141 confi.
1187 2092 1426 2155 pessimas

259 2160 465 2211 curatas,
489 2154 615 2211 357,
662 2170 714 2203 ιιι
747 2154 1128 2213 contusionibus,
1163 2158 1276 2214 449,
1313 2158 1426 2215 450,

257 2218 388 2274 602,
440 2220 847 2268 venae-sectionis
880 2235 980 2269 uon
1009 2221 1336 2285 congruentis,
1371 2220 1424 2269 in

259 2281 491 2341 febribus,
517 2282 700 2341 effecta,
725 2287 804 2343 41,
831 2288 906 2333 42.

325 2344 568 2395 venenati
582 2365 613 2397 a
633 2349 894 2398 sublimato
911 2349 1155 2398 corrosivo
1171 2356 1423 2414 assumpto

258 2411 447 2459 curatio
469 2412 573 2460 sola
593 2428 720 2475 aqua
742 2414 969 2477 simplici,
994 2416 1105 2463 301.

325 2474 584 2525 Venenum
617 2478 800 2526 Medici
832 2480 884 2527 in
913 2478 1045 2527 febre
1082 2478 1312 2543 maligna,
1335 2493 1425 2542 per

259 2539 594 2590 calefacientia
615 2543 958 2605 expellendum
978 2551 1226 2607 putarunt,
1254 2546 1362 2594 509.

326 2604 510 2654 Venter
546 2607 800 2655 induratus
832 2609 886 2654 in
919 2609 1134 2656 febribus
1171 2609 1424 2656 intermitt-

260 2675 484 2718 antumn.
529 2669 759 2728 clintum„
799 2673 827 2723 7
833 2674 879 2730 3,
925 2671 1022 2729 74,
1064 2673 1115 2720 in
1155 2673 1426 2721 infantibus

259 2733 662 2792 febricitantibus,
683 2735 762 2784 89.

326 2797 603 2847 Ventriculi
618 2799 856 2858 debilitas,
871 2799 1112 2864 podagrae
1135 2800 1428 2850 inveteratae

262 2863 476 2926 sequela,
499 2865 612 2912 445.

325 2927 497 2975 Venus
527 2928 580 2976 in
619 2927 893 2992 podagricis
925 2938 1081 2988 nocet,
1115 2931 1240 2986 441,
1285 2944 1423 2993 prae·

261 2998 456 3105 mlaJura
493 2999 544 3041 et
575 2993 730 3041 nimia
762 2993 1026 3057 podagram
1060 2993 1275 3053 advocat,
1315 2995 1430 3053 409,

327 3119 542 3184 Vertigo,
577 3122 630 3168 in
669 3121 962 3170 variolarum
993 3121 1148 3180 initio,
1185 3121 1273 3170 has
1309 3137 1427 3171 con-

261 3184 480 3233 fluxuras
503 3186 829 3248 praenuntiat,
849 3189 965 3234 346.

331 3248 562 3298 Vesicae
590 3249 724 3313 (Da)
755 3251 994 3306 Uscana,
1015 3253 1129 3309 603,
1153 3250 1264 3299 604.

327 3313 630 3364 Vesicatoria
669 3316 722 3363 in
763 3315 1030 3378 apoplexia,
1076 3315 1199 3371 570,
1250 3316 1304 3363 in
1344 3331 1423 3362 co-

265 3381 468 3428 matosis
534 3379 688 3429 affect.
743 3380 952 3428 variolas
1013 3380 1426 3444 praecedentibus,

261 3445 386 3500 346,
433 3444 488 3492 in
529 3453 718 3493 comate
766 3445 923 3492 febrili
954 3461 985 3493 a
1017 3445 1426 3503 calefacientibus,

260 3509 387 3565 494,
423 3508 476 3556 in
495 3509 629 3557 febre
657 3525 718 3558 ex
743 3509 868 3558 tussi
897 3509 1024 3558 male
1055 3517 1272 3568 tractata,
1298 3509 1424 3566 297,

262 3572 316 3620 in
357 3573 490 3620 febre
527 3574 731 3636 epidem.
769 3589 909 3632 nova,
945 3577 1073 3632 490,
1119 3575 1171 3623 in
1210 3574 1430 3638 hydrope

261 3639 834 3751 {ffiiissffiissvitzf’
847 3639 1428 3768 ,ἶᾞζὲἶὲἷέἒὶῗῑῖῗί

658 3737 671 3759 2
801 3739 812 3760 2
1269 3739 1284 3762 ὶ
1413 3739 1425 3760 Ι

261 3765 316 3812 in
337 3765 531 3812 variolis
553 3767 713 3824 confi„
735 3769 846 3815 354.

331 3829 586 3878 vesiculae
604 3831 658 3878 in
679 3831 874 3878 variolis
896 3831 1032 3879 confi.
1059 3831 1176 3879 anni
1198 3833 1299 3890 ’70,
1318 3833 1426 3880 189.

327 3893 556 3941 vestium
587 3895 890 3958 hyemalium
910 3895 1146 3958 depositio
1173 3911 1427 3960 quousque

263 3957 330 4006 sit
351 3957 626 4014 differenda,
653 3961 761 4008 241.

322 4021 530 4070 vetulae
553 4023 833 4072 sudoriferis
864 4023 968 4072 suis
1001 4037 1150 4086 quam
1178 4039 1320 4086 saepe
1341 4039 1428 4073 no-

265 4095 426 4143 ceant,
447 4086 560 4146 507,
585 4089 700 4136 508.

331 4150 528 4200 Vibices
549 4167 634 4199 seu
656 4150 880 4200 mamilae
903 4151 954 4199 in
986 4157 1096 4200 cute
1118 4151 1284 4216 nigrae
1307 4169 1427 4216 quo-

266 4215 412 4263 modo
435 4215 722 4273 excitentur,
750 4219 859 4265 109.

332 4280 542 4342 vigiliae
564 4297 662 4343 quo
687 4290 827 4344 pacto
859 4281 1151 4340 tractandae,
1177 4283 1268 4338 56,
1306 4297 1428 4345 quo-

265 4344 412 4393 modo
435 4346 788 4408 consopiendac
819 4353 928 4408 post
958 4345 1142 4393 febrem
1178 4346 1282 4394 sine
1315 4361 1428 4394 nar-

266 4408 454 4468 coticis,
494 4412 585 4464 58,
630 4419 741 4472 post
779 4409 1025 4457 catharsin
1060 4417 1108 4458 et
1143 4425 1429 4459 venae-sec-

266 4474 450 4521 tionem
493 4473 714 4523 omnium
754 4473 968 4522 maxime
1008 4474 1134 4522 vires
1171 4475 1434 4534 subruunt,

266 4539 392 4594 438,
429 4539 727 4602 vespertinae
759 4537 874 4603 plus
907 4547 1084 4588 nocent
1117 4554 1266 4601 quam
1300 4540 1428 4588 dilu-

2558 323 2673 379 655

1508 474 1623 527 culo
1652 490 1866 541 surgere,
1898 478 2013 536 438,
2046 476 2173 534 489,
2214 476 2267 525 in
2303 475 2499 526 vai-lolia
2532 475 2675 525 discr.

1507 541 1777 605 paregorici
1798 556 1946 589 usum
1968 541 2192 600 suadent,
2221 542 2327 592 139.
2654 584 2661 589 .

1572 606 1689 655 vini
1708 606 1999 670 compotatio
2016 621 2259 669 quaenam
2276 612 2571 654 nocumenta
2592 620 2668 653 se-

1507 685 1622 719 cum
1644 672 1821 733 trabat,
1838 672 1949 729 434,
1965 674 2085 727 435,
2122 671 2237 719 vino
2258 670 2455 729 assueti,
2466 670 2517 717 in
2542 670 2679 719 senio

1507 750 1687 798 aquarn
1710 741 1796 783 aut
1818 750 2003 799 aquosa
2026 743 2277 784 sumentes
2304 735 2439 784 brevi
2460 734 2672 783 interne-

1507 806 1695 857 cantur,
1715 801 1828 857 435,
1846 802 1963 855 438,
1998 800 2172 848 vinum
2190 808 2239 849 et
2254 806 2447 847 acetum
2465 798 2677 847 fermen-

1507 864 1689 913 tatione
1712 865 2059 928 vegetabilium
2079 865 2433 927 producuntur,
2457 865 2545 919 40,
2582 864 2679 911 im·

1507 930 1759 977 modicum
1802 930 2043 979 coctiones
2087 930 2339 987 subvertit,
2386 930 2500 986 434,
2542 930 2675 986 435,

1507 994 1774 1051 modicum,
1798 994 1883 1042 ubi
1913 1000 2077 1043 cortex
2108 994 2283 1043 Peruv.
2310 992 2435 1041 nihil
2463 994 2678 1056 amplius

1508 1058 1675 1117 efficit,
1695 1074 1801 1107 rem
1823 1074 1965 1123 saepe
1984 1058 2214 1118 absolvit,
2234 1062 2359 1113 288,
2395 1058 2677 1107 antidotalis

1507 1123 1675 1180 instar,
1708 1130 1893 1185 pestem
1924 1124 2090 1187 potius
2123 1124 2327 1171 accersit
2359 1138 2509 1185 quam
2538 1138 2677 1187 prae-

1509 1194 1663 1243 cavet,
1693 1188 1809 1243 102;
1848 1188 1901 1235 in
1930 1188 2057 1235 cutis
2088 1188 2443 1251 eruptionibus,
2462 1190 2587 1245 265,
2622 1189 2677 1237 in

1509 1251 1725 1299 febribus
1776 1250 2046 1310 intermitt„
2100 1254 2227 1307 286,
2284 1252 2337 1300 in
2378 1252 2679 1314 gonorrhoea

1511 1315 1669 1374 virul.,
1694 1316 1819 1371 315,
1866 1316 1917 1363 in
1933 1315 2167 1379 hydrope,
2192 1316 2283 1367 471
2312 1335 2323 1373 ,
2366 1316 2419 1363 in
2444 1318 2674 1380 podagra,

1509 1382 1622 1445 434,
1648 1395 1746 1442 sq.;
1780 1380 1829 1427 in
1854 1380 2049 1428 variolis
2072 1380 2231 1438 confi„
2252 1382 2364 1428 355.

1576 1445 1765 1493 Vinum
1808 1444 2103 1493 Canariense
2157 1452 2206 1492 et
2252 1444 2584 1507 Hispanicum
2624 1445 2678 1493 in

1511 1508 1715 1566 diabete,
1740 1510 1868 1565 290,
1914 1510 1966 1557 in
1993 1508 2268 1572 dysenteria
2296 1523 2359 1557 ex
2389 1509 2680 1558 torminibus

1511 1574 1709 1629 ventris,
1732 1573 1823 1623 501
1850 1593 1862 1631 ,
1909 1573 1961 1622 in
1995 1573 2238 1637 hysterica
2276 1574 2449 1631 affect„
2486 1574 2564 1621 vel
2598 1589 2675 1622 so-

1511 1637 1617 1686 lum
1670 1638 1748 1687 vel
1798 1638 2185 1695 aromatisatum,
2228 1640 2356 1695 388,
2408 1640 2462 1685 in
2516 1638 2677 1686 infan—

1509 1703 1642 1750 tibus
1678 1703 2003 1766 purgantibus
2039 1702 2319 1762 debilitatis,
2358 1717 2473 1751 cum
2514 1702 2679 1751 herbis

1509 1768 1863 1827 roborantibus,
1900 1770 1989 1816 381
2014 1787 2028 1825 ,
2072 1768 2125 1815 in
2156 1768 2387 1831 podagra,
2414 1769 2530 1826 438,
2550 1768 2679 1826 446,

1509 1832 1564 1879 in
1605 1832 1800 1879 variolis
1839 1847 2001 1881 auom.
2034 1832 2369 1889 semicoctum,
2409 1834 2519 1891 193,
2552 1835 2677 1890 223,

1512 1896 1851 1959 Malaganum,
1867 1896 1946 1944 vel
1962 1896 2244 1955 Falernum,
2260 1898 2361 1943 sive
2376 1896 2682 1958 Muscatum,

1509 1960 1561 2007 in
1583 1962 1706 2009 tussi
1730 1967 1838 2024 post
1860 1960 2035 2009 febrim
2056 1962 2252 2019 contin.‚
2269 1964 2362 2018 54,
2384 1960 2555 2009 vinum
2572 1977 2677 2011 me-

1511 2025 1730 2073 dicatum
1750 2026 1804 2073 in
1824 2024 2057 2089 hydrope,
2080 2026 2196 2084 471,
2218 2024 2328 2076 472.

1576 2088 1684 2137 Viri
1716 2090 1949 2153 hydrope,
1990 2097 2147 2139 aetate
2184 2089 2471 2153 praesertim
2508 2088 2675 2152 ingra-

1511 2162 1750 2211 vescente,
1787 2154 2084 2212 afficiuntur,
2129 2156 2259 2211 455,
2314 2153 2587 2211 sedentarii,
2624 2162 2681 2203 ut

1510 2219 1771 2278 foeminae,
1784 2218 2043 2283 hystericis
2064 2220 2218 2267 affect.
2240 2226 2509 2277 tentantur,
2530 2220 2647 2267 364.

1574 2283 1831 2332 Virulenta
1844 2283 2046 2332 materia
2060 2283 2111 2330 in
2124 2283 2332 2347 gonorrh
2338 2299 2423 2331 oea
2438 2298 2525 2345 per
2534 2282 2679 2346 glan-

1512 2348 1588 2396 dis
1610 2348 1933 2397 substantiam
1954 2354 2231 2412 penetrans,
2252 2350 2363 2406 309,
2388 2350 2501 2396 310.

1577 2411 1777 2461 Viscera
1796 2413 1975 2461 debilia
2004 2420 2053 2461 et
2072 2412 2345 2476 putrefacta
2375 2412 2427 2460 in
2460 2412 2679 2476 hydrope

1511 2478 1799 2526 evacuantis.
1820 2484 2002 2537 vetant,
2020 2479 2137 2535 469,
2174 2478 2226 2526 in
2243 2478 2459 2542 podagra
2478 2478 2679 2542 irregul.

1512 2544 1707 2606 quando
1742 2543 2012 2607 periculose
2044 2543 2335 2601 afficiantur,
2374 2545 2500 2600 414,
2556 2543 2679 2596 adeo

1512 2616 1569 2656 ut
1590 2608 1787 2656 tandem
1809 2623 1939 2656 mors
1959 2609 2265 2670 insequatur,
2286 2609 2398 2655 416.

1578 2671 1775 2720 Vitrioli
1812 2673 2010 2736 spiritus
2086 2673 2233 2720 uibus
2271 2673 2323 2720 in
2360 2672 2543 2720 morbis
2580 2687 2681 2720 non

1514 2737 1785 2794 conveniat,
1808 2739 1935 2792 492,
1969 2737 2023 2784 in
2070 2736 2181 2783 ebre
2214 2743 2357 2784 acuta
2387 2751 2501 2784 cum
2522 2737 2680 2784 mictu

1514 2808 1715 2848 cruento
1759 2806 1808 2848 et
1846 2799 2097 2862 petechiis,
2142 2802 2266 2858 360,
2310 2801 2363 2847 in
2404 2799 2679 2862 phrenitide

1513 2863 1663 2912 febris
1685 2865 1891 2927 epidem.
1914 2865 2030 2912 anni
2046 2865 2147 2922 ⁹74,
2162 2866 2281 2920 215,
2316 2863 2366 2912 in
2385 2865 2679 2912 variolarum

1514 2928 1671 2987 initio,
1702 2929 1815 3003 ‚34⁷⁹
1851 2930 1975 2986 565,
2026 2929 2079 2977 in
2105 2927 2304 2977 variolis
2336 2943 2494 2976 auom.
2525 2928 2681 2992 nigris

1514 2995 2128 3170 Zssffggggiwiffopemio
2180 3057 2441 3106 emeticum
2484 3057 2681 3116 indicat,

1581 3186 1797 3235 Vomitio
1824 3186 1877 3234 in
1898 3191 2035 3250 peste
2063 3185 2305 3248 quomodo
2328 3185 2541 3243 sistatur,
2568 3187 2679 3244 113,

1519 3251 1633 3307 114,
1668 3251 1956 3300 vomitiones
1974 3266 2034 3298 ex
2046 3249 2289 3313 hysterica
2302 3249 2455 3298 affect.
2472 3250 2680 3298 aliorum

1515 3316 1799 3364 morborum
1812 3331 1926 3378 prae
1940 3331 1993 3363 se
2006 3316 2167 3363 ferunt
2182 3314 2412 3378 speciem,
2428 3317 2543 3372 394,
2556 3317 2651 3363 395
2666 3334 2681 3371 ,

1513 3380 1801 3429 vomitiones
1835 3378 2013 3429 virides
2058 3394 2155 3427 non
2190 3395 2381 3443 semper
2417 3379 2681 3428 humorum

1514 3444 1573 3493 de
1608 3446 1907 3493 ravationem
1928 3445 2171 3502 denotant,
2193 3446 2301 3492 202.

1635 3511 1915 3558 omitorium
1946 3525 2007 3557 ex
2028 3524 2167 3558 croco
2196 3508 2379 3558 metall.
2403 3509 2533 3556 infra
2560 3509 2677 3556 ado-

1516 3574 1797 3623 lescentiam
1838 3574 2115 3622 constitutis
2156 3589 2254 3622 non
2302 3573 2679 3638 propinandum,

1517 3641 1606 3696 46,
1650 3641 1705 3688 in
1746 3639 1980 3704 hydrope,
2026 3653 2087 3686 ex
2129 3654 2271 3687 croco
2312 3637 2514 3696 metall.,
2561 3638 2673 3695 467,

1514 3705 1639 3760 468,
1685 3704 1739 3752 in
1770 3704 2016 3768 hysterica
2047 3702 2221 3779 affect,
2257 3703 2369 3778 373,
2403 3701 2517 3758 376,
2550 3703 2679 3779 377,

1513 3766 2683 3895 ‘czussssdtfflx23213032121’333503‘32331223

1513 3897 1566 3944 iu
1590 3897 1822 3954 febribus,
1841 3897 1927 3944 vix
1949 3895 2332 3957 astringentibus
2360 3894 2681 3952 obedientem,

1515 3962 1674 4024 fugat,
1711 3962 1793 4018 43,
1824 3963 1918 4015 44,
1952 3959 2154 4008 eandem
2176 3959 2228 4006 in
2250 3957 2466 4005 febribus
2499 3958 2679 4006 contin.

1516 4031 1664 4081 arcet,
1704 4025 1789 4072 sed
1822 4024 1875 4071 in
1909 4023 2122 4071 febribus
2162 4022 2551 4070 inflammatoriis
2591 4039 2678 4085 po-

1518 4090 1615 4137 tius
1649 4089 1848 4146 excitat,
1880 4089 1975 4144 61,
2007 4087 2059 4134 in
2092 4087 2227 4135 febre
2259 4087 2517 4150 pestilent„
2558 4089 2681 4144 110,

1517 4153 1962 4202 venae-sectionem
2005 4167 2196 4213 sempor
2246 4151 2547 4214 insequatur,
2596 4152 2684 4200 ubi

1518 4225 1723 4280 utroque
1756 4217 2049 4279 indigemus,
2072 4218 2154 4275 42,
2174 4217 2265 4272 43,
2302 4216 2436 4264 omni
2465 4223 2682 4278 tempore

1519 4281 1685 4340 febris,
1708 4282 1749 4329 si
1773 4281 1961 4330 occasio
1987 4280 2143 4343 jubet,
2166 4280 2311 4329 modo
2334 4280 2461 4328 vires
2490 4281 2681 4339 dentur,

1520 4346 1885 4404 assumendum,
1906 4347 1985 4404 45,
2009 4346 2066 4393 61
2084 4365 2096 4400 ,
2130 4345 2182 4392 in
2198 4344 2413 4392 febribus
2430 4345 2683 4394 intermitt-

1520 4411 1717 4468 vernal„
1741 4410 1831 4466 75,
1876 4411 1929 4458 in
1968 4410 2175 4458 tertiana
2207 4409 2393 4457 vernali
2430 4409 2545 4458 anni
2585 4410 2684 4468 ⁹71,

1521 4477 1645 4531 292,
1679 4476 1732 4523 in
1754 4475 1951 4524 variolis
1984 4473 2123 4523 initio
2153 4475 2310 4523 morbi
2340 4490 2403 4522 an
2425 4473 2681 4532 conducat,

1526 4541 1647 4598 132,
1682 4539 1766 4588 ubi
1789 4547 2117 4604 symptomata
2145 4553 2227 4588 eas
2261 4539 2558 4588 confluentes
2583 4540 2684 4587 fore
