3138 5006
531 278 1323 345 OBSERVATIONUM
1368 279 1948 347 MEDICARUM
1996 290 2092 343 IV.
2129 295 2182 356 3,
2216 296 2265 343 4.
2375 286 2499 347 179

288 443 701 521 praegressae
722 440 1137 524 copiosissimi
1159 449 1364 521 erant,
1391 443 1489 524 (ut
1512 464 1706 526 supra
1738 445 1852 528 [iii.
1873 447 1934 507 3.
1959 443 2048 526 1.]
2082 443 2488 526 notavimus,)
2556 453 2756 502 Fenus

282 541 364 604 ‘in
408 541 533 605 hac
573 543 705 606 rari
746 563 821 606 ac
864 544 1059 627 parci,
1106 545 1216 608 sed
1260 545 1487 628 capitis
1528 544 1710 610 dolor
1751 546 1823 609 in
1864 546 1988 610 hac
2031 567 2224 629 quam
2267 546 2338 609 in
2381 547 2494 610 illa
2517 519 2798 631 Αἳῑζζῗῖζ,

290 643 505 726 specie
519 643 888 723 immanior}
932 646 1198 729 linguae
1222 668 1578 730 aegrorum,
1598 649 1750 713 licet
1770 648 2076 712 humidae
2095 655 2290 731 atque
2309 648 2491 713 albae
2557 648 2763 698 ’69:72

286 752 369 807 -ut
422 745 494 808 in
552 747 755 810 altera
810 748 1038 830 specie,
1094 769 1305 812 crassa
1354 750 1621 834 insuper
1661 751 1961 834 pellicula
2009 749 2486 814 oblinebantur.

280 847 528 910 Rarius
571 848 729 912 haec
756 870 877 933 per
913 850 1329 934 ptyalisrnum
1370 852 1493 916 sibi
1536 853 1762 935 fugam
1805 852 2170 936 quaerebat,
2205 852 2377 936 quod
2417 854 2488 916 in

279 949 419 1012 alia
460 971 595 1014 non
638 958 776 1014 erat
814 951 1205 1035 infrequens,
1295 954 1404 1017 Ad
1447 954 1740 1037 aphthas,
1771 975 1918 1019 cum
1963 955 2100 1038 jam
2140 953 2488 1019 discessum
2514 966 2743 1031 Aphthae

288 1050 732 1131 meditaretur,
786 1060 923 1118 erat
973 1055 1347 1138 propensior
1393 1077 1589 1139 quam
1635 1056 1735 1120 vel
1784 1056 1958 1139 prior
2007 1057 2151 1136 ista,
2205 1057 2305 1120 vel
2363 1056 2489 1122 alia.
2510 1033 2794 1147 ξιξὲζζῗζ

287 1155 551 1236 quaevis
590 1155 787 1219 febris
832 1155 1093 1239 species,
1125 1154 1329 1239 quam‘
1361 1157 1525 1220 mihi
1562 1157 1876 1222 hactenus
1917 1158 2193 1241 contigit
2227 1159 2442 1223 videre
2463 1186 2483 1238 ς
2511 1161 2610 1218 bre,

278 1256 443 1321 huic
486 1258 727 1322 etenim
770 1280 1081 1343 perquam
1123 1259 1437 1324 familiare
1479 1259 1626 1338 fuit,
1678 1260 1801 1343 (uti
1841 1267 1906 1326 et
1944 1259 2110 1325 febri
2153 1261 2351 1325 etiam
2389 1263 2487 1326 illi

280 1379 455 1441 ¹quae
474 1359 855 1444 dysenteriis
877 1361 1287 1445 supervenit,)
1316 1382 1465 1425 cum
1481 1363 1619 1446 jam
1635 1362 1770 1426 fere
1789 1362 2128 1441 desineret,
2148 1364 2489 1430 materiam

288 1461 543 1524 foedam
572 1468 766 1544 atque
797 1483 1007 1527 acrem
1038 1483 1074 1526 e
1102 1462 1419 1544 sanguine
1447 1464 1518 1526 in
1549 1484 1620 1527 os
1651 1471 1846 1547 atque
1886 1464 2106 1546 gulam
2144 1463 2484 1548 deponere,

288 1563 465 1626 unde
507 1564 892 1629 nascebatur
934 1565 1179 1632 dictum
1231 1572 1611 1650 symptoma,
1657 1566 1726 1628 in
1779 1566 1858 1628 iis
1907 1566 2284 1648 praesertim
2329 1588 2486 1650 quos

286 1667 727 1731 contumacior
768 1667 1031 1731 morbus
1083 1667 1325 1730 diutius
1368 1673 1818 1746 maceraverat,
1865 1675 1932 1731 et
1975 1668 2266 1751 regimen
2306 1669 2486 1752 justo

284 1767 558 1832 calidius
590 1769 862 1851 amplius
890 1769 1270 1833 infirmarat.
1717 1777 1724 1784 '

280 1911 290 1918 ·
374 1870 622 1934 Eodem
680 1872 877 1936 etiam
935 1871 1160 1937 morbo
1212 1871 1691 1956 generabantur
1740 1873 2022 1956 aphthae
2079 1873 2261 1953 istae,
2319 1895 2484 1956 quae
2543 1898 2660 1931 um
2682 1885 2732 1932 in

278 1972 668 2056 dysenteriis
714 1973 1240 2056 pervicacioribus
1286 1995 1434 2038 cum
1476 1973 1656 2038 febre
1709 1974 2070 2058 conjunctis
2117 1974 2298 2038 nullo
2349 1996 2481 2039 non
2505 1950 2791 2073 pss'ssffigu

284 2074 391 2138 die
450 2075 867 2154 accidebant3
939 2077 1315 2159 praesertim
1388 2077 1460 2154 si,
1522 2084 1776 2160 praeter
1845 2077 2136 2159 regimen
2193 2077 2481 2157 calidius,
2507 2076 2683 2124 oribus.

284 2177 729 2240 evacuationes
772 2178 969 2241 etiam
1010 2198 1127 2260 per
1172 2177 1383 2242 alvum
1436 2177 1925 2242 medicamentis
1972 2177 2480 2262 astringentibus

280 2279 462 2360 prius
504 2278 749 2342 fuerint
792 2279 1125 2358 coercitae,
1173 2300 1367 2362 quam
1408 2279 1624 2343 morbi
1662 2279 1866 2344 fomes
1913 2300 1949 2343 e
1992 2280 2171 2344 venis
2214 2280 2478 2364 phlebo-

282 2381 487 2444 tomia
516 2389 583 2446 et
612 2382 889 2446 catharsi
918 2382 1298 2464 exigeretur.

288 2523 296 2533 ,
379 2482 504 2567 [3.]
558 2484 741 2549 Haec
784 2491 968 2549 erant
1012 2484 1366 2549 certissima
1409 2483 1678 2568 hujusce
1723 2483 1945 2550 Febris
1989 2482 2312 2572 κριτήριαε
2377 2510 2476 2552 re-

280 2586 459 2669 liqua
516 2594 948 2671 symptomata
1003 2587 1337 2651 variabant
1394 2586 1764 2669 quotannis,
1818 2594 1884 2651 et
1941 2608 2058 2670 pro
2114 2588 2474 2652 manifestis

280 2689 450 2753 aeris
523 2689 959 2771 qualitatibus,
992 2689 1211 2753 ‘certis
1284 2688 1672 2771 quibusdam
1742 2688 2156 2771 temporibus,
2218 2696 2286 2753 et
2357 2711 2475 2773 pro

278 2790 685 2873 dysenteriae
727 2793 801 2855 in
844 2812 1077 2874 genere
1123 2812 1483 2874 progressu,
1530 2797 1676 2854 tum
1727 2792 1924 2855 etiam
1963 2791 2137 2854 vario
2185 2790 2475 2874 ejusdem

276 2899 499 2956 statu..
566 2893 693 2957 Sed
713 2900 793 2957 ut
819 2893 979 2958 haec
1008 2893 1239 2957 clarius
1268 2892 1738 2975 intelligantur,
1765 2912 1913 2955 cum
1943 2892 2068 2955 hoc
2095 2893 2472 2974 praesertim

278 2994 549 3059 artificio
577 2995 648 3057 in
666 2995 1163 3078 epidemicorum
1191 2994 1612 3078 productione
1641 2992 1998 3075 triumphet
2027 2992 2302 3072 Natura,
2331 3015 2472 3058 rem

276 3097 469 3179 paulo
500 3098 691 3161 altius
717 3104 1024 3181 repetam.
1116 3097 1500 3161 Notandum
1532 3103 1631 3161 est
1649 3096 1868 3179 itaque
1901 3095 2089 3179 quod,
2121 3096 2272 3160 licet
2302 3097 2469 3161 acris
2497 3106 2638 3155 Aeris
2655 3125 2773 3171 qua-

278 3199 617 3280 qualitates
647 3199 1030 3263 manifestae
1056 3220 1189 3263 non
1234 3220 1377 3263 eam
1406 3198 1535 3262 vim
1566 3198 1833 3262 cuilibet
1861 3197 2310 3263 constitutioni
2347 3198 2466 3262 im-
2491 3170 2777 3285 ξξᾷζῖζθω·

274 3301 579 3382 primant,
619 3308 696 3365 ut
734 3322 963 3365 causae
1008 3300 1139 3363 sint
1180 3300 1680 3383 epidemicorum
1723 3300 1834 3382 qui
1874 3299 1956 3362 ad
1998 3300 2176 3365 illam
2215 3301 2468 3384 proprie
2491 3314 2590 3347 ¹¹⁰⁰
2611 3308 2754 3375 sunt·

272 3401 646 3469 referuntur
672 3402 1102 3487 productivae,
1147 3403 1317 3486 (cum
1355 3423 1395 3466 a
1435 3402 1768 3487 recondita
1803 3408 1999 3485 atque
2033 3402 2467 3486 inexplicabili
2492 3379 2775 3477 32¹3sssz-

276 3504 567 3586 ejusdem
617 3504 984 3569 conditione
1022 3505 1231 3567 fluant
1283 3504 1435 3586 isti,)
1480 3525 1598 3587 pro
1637 3512 1926 3587 tempore
1963 3510 2185 3567 tamen
2233 3505 2305 3568 in
2356 3526 2464 3570 eos
2489 3507 2736 3605 (ζζξζὶξξὲζ

272 3605 520 3669 habent
548 3612 953 3689 potestatem,
986 3613 1052 3669 et
1080 3605 1347 3687 proinde
1389 3604 1920 3668 intromittuntur
1960 3604 2314 3687 epidemici,
2349 3613 2463 3670 aut
2486 3650 2569 3683 eos
2590 3592 2754 3682 tamea

274 3708 471 3771 etiam
492 3707 943 3785 excluduntur,
967 3712 1158 3789 prout
1186 3706 1311 3769 illis
1332 3705 1550 3769 favent
1573 3704 1914 3787 qualitates
1942 3705 2338 3785 manifestae,
2363 3707 2464 3771 vel
2487 3699 2753 3821 ΞὶῙῃῗξξί·

272 3809 725 3885 adver-santum
791 3809 1167 3873 universalis
1225 3813 1445 3871 autem
1503 3806 1882 3871 constitutio
1930 3807 2155 3871 eadem
2204 3830 2462 3892 prorsus
2489 3828 2753 3875 admittunt

252 3903 514 3989 manet,
556 3911 685 3975 sive
724 3932 866 3975 eam
905 3910 1338 3995 promoverint
1372 3910 1554 3987 istae,
1597 3908 1726 3972 sive
1775 3908 2224 3991 quadantenus
2262 3916 2462 3973 retar-
2487 3898 2718 4017 gffoefem‘

272 4013 506 4077 darint.
609 4013 730 4096 [4.]
787 4012 982 4077 Unde
1022 4012 1220 4077 etiam
1254 4018 1351 4076 est
1397 4010 1588 4094 quod,
1627 4032 1776 4075 cum
1815 4010 1974 4074 varii
2013 4010 2346 4095 epidemici
2392 4012 2464 4075 in

270 4116 545 4179 eandem
572 4115 863 4179 incidant
892 4114 1443 4191 constitutionem,
1472 4114 1580 4177 hic
1610 4120 1724 4177 aut
1753 4112 1862 4176 ille
1891 4111 2154 4177 morbus
2182 4113 2460 4195 particu-

268 4218 421 4281 laris
450 4238 529 4281 ea
554 4217 959 4301 potissimum
986 4222 1378 4299 tempestate
1408 4234 1475 4279 se
1514 4222 1753 4293 exerat,
1787 4214 1870 4278 ad
1905 4235 2100 4297 quam
2131 4212 2462 4278 sensibiles

270 4320 433 4387 aeris
480 4319 825 4403 qualitates
865 4318 1143 4383 eundem
1192 4318 1678 4394 destinaverint,
1725 4323 1918 4399 atque
1971 4317 2158 4379 alteri
2201 4316 2462 4380 demum

269 4421 623 4504 epidemico
661 4422 875 4487 locum
921 4420 1125 4499 cedat,
1170 4441 1362 4503 quem
1408 4400 1660 4484 scilicet*
1691 4419 1974 4481 diversae
2014 4418 2462 4501 subsequentis
