3138 5006
820 279 1335 345 PROCESSUS
1382 281 1790 345 INTEGRI.
2283 281 2409 344 557

312 436 430 518 [6.]
489 436 558 498 Si
597 436 997 501 imbecillitas
1046 439 1221 519 aegri
1262 440 1716 522 repetitionem
1757 438 2233 523 phlebotomiae
2277 460 2413 502 non
2437 456 2522 505 Da
2539 456 2725 504 Banu.

216 536 395 615 ferat,
419 543 561 600 tum
588 546 734 621 post
765 541 1111 604 secundam
1138 541 1241 605 vel
1266 542 1531 605 tertiam
1555 542 2138 605 venae-sectionem
2168 540 2412 604 curatio
2451 533 2708 570 nunno.

219 640 333 703 hac
362 641 665 705 methodo
694 643 1137 706 tentanda:—

250 776 255 781 ·
311 744 432 829 [7.]
484 745 709 828 Capiat
740 745 1003 809 alternis
1035 745 1261 809 diebus
1291 745 1633 810 Potionem
1663 745 2078 829 Purgativam
2109 745 2413 808 Commu-

218 868 363 909 nem
410 847 612 911 donec
663 849 1074 926 convaluerit,
1122 856 1189 912 et
1234 848 1462 912 iisdem
1504 848 1800 913 noctibus
1845 848 2289 933 paregoricum
2336 870 2416 911 ex

220 970 448 1031 syrupo
479 950 559 1013 de
588 951 897 1014 meconio.

311 1051 429 1134 [8.]
489 1053 605 1116 Sin
634 1054 733 1116 his
762 1053 1061 1117 remediis
1091 1075 1225 1117 non
1254 1053 1458 1131 cedat,
1490 1060 1557 1117 et
1588 1074 1778 1136 aeger
1808 1054 1890 1117 ob
1911 1052 2416 1116 imbecillitatem

218 1155 658 1218 evacuationes
696 1155 1174 1238 qualescunque
1208 1154 1378 1218 ferre
1421 1162 1723 1239 nequeat,
1769 1155 2180 1237 aggrediatur
2223 1176 2416 1218 usum

217 1255 541 1319 electuarii
558 1264 623 1321 et
643 1279 843 1340 aquae
867 1257 1439 1341 antiscorbuticaeh
1462 1258 1531 1320 in
1552 1258 1850 1321 Sem-bato
1870 1257 2243 1341 descriptae,
2257 1279 2418 1340 quae

216 1358 408 1420 etiam
436 1360 723 1423 remedia
748 1360 962 1423 locum
988 1359 1234 1424 habent
1264 1360 1333 1422 in
1365 1360 1854 1424 Rheumatismo
1887 1361 2284 1425 Seorbutico.

310 1459 467 1541 [9.]ἰ
514 1460 595 1522 In
634 1460 999 1544 juvenibus,
1033 1467 1226 1543 atque
1264 1461 1343 1523 iis
1376 1461 1483 1543 qui
1522 1468 1882 1545 temperate
1919 1461 2234 1540 vixerunt,
2264 1462 2414 1526 vino

215 1582 347 1623 non
388 1561 533 1643 plus
578 1582 779 1644 aequo
818 1561 1038 1638 dediti,
1072 1561 1598 1625 Rheumatismus
1629 1562 1843 1627 diaeta
1872 1563 2162 1646 simplici,
2194 1564 2412 1628 admo-

215 1661 369 1724 dum
397 1662 836 1744 refrigerante,
870 1670 935 1725 et
972 1662 1382 1727 mediocriter
1420 1664 1772 1745 nutriente,
1805 1686 2006 1748 aeque
2041 1664 2311 1729 feliciter
2340 1687 2414 1729 ac

211 1763 498 1844 repetitis
536 1764 1157 1828 venae-sectionibus
1199 1765 1379 1847 (quas
1422 1766 1638 1829 minus
1682 1765 1850 1829 ferre
1881 1768 2164 1848 queant,)
2201 1767 2412 1849 profli-

214 1864 351 1946 gari
376 1871 609 1947 potest.
686 1864 985 1947 Exempli
1014 1864 1223 1947 gratia
1242 1890 1347 1926 :—

309 1964 473 2047 [10.]
533 1965 683 2028 Solo
733 1965 915 2027 lactis
976 1986 1116 2028 sero
1175 1965 1258 2028 ad
1318 1965 1451 2029 dies
1511 1972 1788 2048 quatuor
1836 1974 2128 2031 vescatur
2185 1988 2377 2050 aeger
2393 1994 2413 2045 3

211 2076 433 2151 postea
482 2074 736 2151 praeter
786 2089 1001 2132 serum
1050 2088 1217 2151 pane
1264 2068 1684 2150 similaginem
1738 2069 1937 2132 semel
1977 2069 2049 2132 in
2108 2070 2229 2147 die,
2276 2070 2415 2133 loco

210 2170 480 2252 prandii,
512 2171 718 2233 donec
761 2169 1016 2251 penitus
1056 2170 1489 2247 convalescat3
1536 2169 1663 2232 nisi
1704 2170 1874 2252 quod
1911 2171 2251 2253 postremis
2281 2170 2412 2233 die-

212 2270 329 2332 bus
357 2270 593 2333 iterum
621 2291 857 2354 panem
886 2271 955 2333 in
985 2292 1252 2334 coenam
1280 2271 1620 2354 indulgere
1647 2272 1856 2336 liceat.
1952 2272 2412 2355 Symptomatis

212 2373 626 2451 cessantibus,
676 2394 899 2436 carnes
955 2373 1281 2455 pullorum
1341 2372 1654 2436 elixorum
1709 2380 2085 2457 caeteraque
2129 2383 2413 2459 ‘eupepta

212 2475 687 2553 concedantur3
732 2476 928 2539 tertio
980 2482 1197 2540 autem
1242 2497 1497 2559 quoque
1542 2476 1664 2553 die,
1697 2478 1832 2541 solo
1874 2477 2058 2542 lactis
2097 2498 2238 2542 sero
2283 2478 2410 2543 vic-

211 2580 378 2657 titet,
410 2579 615 2642 donec
643 2578 910 2642 tandem
938 2579 1303 2661 pancratice
1332 2578 1560 2642 valeat.

1111 2813 1302 2876 CAP.
1350 2812 1505 2876 XI.¹¹

897 2948 995 3009 De
1022 2947 1215 3010 Febre
1242 2948 1732 3028 Erysipelatosa.

296 3086 545 3148 Num
576 3104 712 3146 non
740 3081 1018 3164 corporis
1048 3103 1214 3164 pars,
1232 3080 1609 3163 praesertim
1638 3080 1850 3159 facies,
1881 3087 2110 3159 tumet,
2131 3080 2323 3160 dolet,
2344 3088 2408 3145 et
2435 3088 2600 3165 luo-rbi·
2621 3087 2704 3138 de-

210 3207 461 3249 summe
497 3185 724 3262 rubet,
770 3183 1065 3267 pustulae
1111 3183 1365 3260 densae,
1395 3202 1647 3264 parvae,
1676 3180 1747 3244 in
1789 3181 2094 3245 vesiculas
2141 3182 2410 3248 subinde
2434 3160 2650 3215 ’σφω’

204 3287 553 3364 facessunt,
587 3307 749 3370 quae
793 3307 909 3368 per
940 3284 1223 3347 frontem
1263 3289 1580 3366 caputque
1611 3290 1915 3365 serpunt3
1961 3284 2128 3346 oculi
2156 3292 2410 3350 tumore

206 3389 465 3466 obruti3
511 3389 686 3471 rigor
726 3393 791 3450 et
831 3386 1072 3462 horror,
1105 3393 1297 3467 atque
1339 3385 1588 3467 reliqua
1628 3384 1824 3447 febris
1866 3384 2118 3464 indicia,
2151 3386 2406 3450 adsunt.

207 3491 293 3554 In
324 3491 447 3554 alia
487 3491 681 3573 hujus
724 3489 933 3552 morbi
975 3488 1201 3571 specie,
1232 3487 1552 3570 liquorum
1589 3487 2066 3550 attenuantium
2095 3489 2411 3570 potationi

207 3593 718 3676 superveniente,
748 3590 1061 3654 febricula
1095 3590 1295 3667 adest,
1326 3590 1624 3671 pustulae
1663 3589 2014 3652 urticarum
2057 3597 2408 3672 puncturas

202 3696 579 3772 referentes,
609 3712 1077 3775 nonnunquam
1122 3692 1192 3753 in
1233 3690 1541 3754 vesiculas
1573 3690 1881 3767 sublatae,
1913 3711 2062 3752 mox
2104 3692 2406 3754 receden-

202 3804 326 3873 tes,
358 3795 840 3858 tuberculorum
868 3813 1045 3856 more
1086 3792 1204 3855 sub
1254 3798 1403 3854 cute
1443 3813 1510 3854 se
1541 3790 1914 3867 condentes,
1952 3791 2230 3853 maxime
2258 3813 2408 3874 pru-

204 3899 407 3975 riunt,
441 3904 507 3960 et
536 3895 877 3978 scalpendo
915 3915 1174 3957 rursum
1210 3901 1540 3976 apparent.
1632 3893 1752 3955 Est
1782 3899 1849 3954 et
1879 3889 2025 3954 alia¹
2056 3893 2410 3975 eruptionis

205 3999 469 4083 species,
499 4006 723 4082 pectus
763 4003 837 4060 ut
864 3996 1217 4079 plurimum
1256 3995 1553 4059 obsidens
1577 4021 1596 4071 3
1641 3994 1894 4057 macula
1920 3993 2228 4056 nimirum
2257 3995 2407 4072 lata,

204 4100 343 4164 cuti
389 4101 493 4163 vix
540 4098 1043 4182 supereminens,
1088 4096 1505 4180 porriginosa,
1546 4116 1697 4158 cum
1737 4095 2153 4177 squammulis
2199 4095 2407 4169 flavis3

205 4225 337 4285 qua
364 4202 644 4285 vigente,
676 4222 865 4284 aeger
908 4200 1075 4263 bene
1120 4221 1189 4263 se
1226 4198 1443 4277 habet,
1475 4197 1702 4261 eadem
1742 4203 2162 4260 evanescente
2188 4196 2413 4261 leviter

274 4367 305 4404 h
342 4371 417 4418 cf.
442 4371 633 4418 sonum.
658 4371 738 4424 41,
760 4369 841 4415 42.
1420 4360 1449 4397 k
1483 4362 1558 4410 Cf.
1587 4365 1770 4409 Obsm.
1796 4362 1919 4409 Med.
1940 4361 2005 4410 vi.
2029 4363 2074 4408 6.

276 4431 289 4466 i
329 4435 408 4482 cr.
433 4437 584 4496 Epist.
606 4435 820 4494 nomm.
848 4435 885 4480 1.
912 4435 965 4492 ἧς
985 4431 1062 4486 59,
1088 4433 1169 4478 60.
1422 4424 1435 4460 ¹
1475 4427 1549 4474 cf.
1577 4427 1690 4473 εωα.
1714 4425 1779 4472 vi.
1801 4425 1848 4472 6.
1871 4427 1918 4472 8.
