3138 5006
767 272 1208 339 EPISTOLA
1253 275 1310 339 Ι.
1358 273 2012 339 RESPONSORIA.
2058 239 2061 244 ’
2328 265 2478 336 ⁵283

271 434 646 499 audiebant.
740 436 832 500 At
876 453 1026 500 vero
1068 457 1206 501 non
1247 436 1343 500 ita
1383 436 1595 501 multo
1632 441 1921 521 tempore
1960 435 2193 519 elapso,
2227 434 2475 498 duabus
2504 441 2589 490 Da
2605 442 2784 491 Mons·

261 538 364 604 {de
403 539 629 618 causis,
669 560 804 603 non
858 539 1118 622 quidem
1160 538 1428 618 levibuS,
1460 539 1827 619 damnatus,
1859 540 1930 603 in
1984 536 2477 602 desuetudinem
2527 507 2606 624 13⁷1»
2598 521 2759 622 ἓξὲξ·

277 662 536 724 prorsus
567 642 759 706 abiit:
807 642 1046 720 Primo,
1071 642 1224 726 quia
1249 643 1470 726 paucis
1493 642 1669 706 horis
1692 649 1845 707 ante
1870 641 2220 706 adventum
2249 660 2474 724 parox-
2504 665 2647 713 Duae
2663 639 2787 713 0ξῖιῖ

269 745 445 830 .ysmi
481 745 618 829 (pro
645 752 903 829 recepto
930 745 1000 809 id
1029 746 1338 830 temporis
1374 747 1599 828 more,)
1634 745 1977 823 exhibitus»,
2009 756 2275 827 aegrum
2312 763 2476 806 non·
2500 745 2783 842 :zfiffiffg‘

269 868 613 931 ·nunquam
657 869 694 912 e
737 847 949 913 medio
977 848 1252 927 tolleret,
1284 849 1456 931 quod
1496 855 1563 913 et
1604 849 1727 912 civi
1769 849 2028 913 cuidam
2056 845 2474 923 Londinensi,
2504 859 2698 921 quasin

269 948 614 1034 eidemque
638 951 936 1016 Senator-i
966 951 1257 1031 Urbano,
1283 951 1697 1017 Underwood
1725 951 2009 1030 nomine,
2034 957 2102 1015 et
2126 950 2478 1033 Capitaneo
2504 923 2735 1035 ἐξξξξξω

275 1053 542 1117 nomine
581 1054 824 1131 Potter,
863 1055 936 1117 in
974 1055 1112 1118 vico
1150 1055 1344 1136 vulgo
1385 1055 1558 1118 dicto
1596 1056 1793 1118 Black
1818 1056 2059 1136 Mars
2091 1053 2478 1117 Pharmaco-
2502 1051 2697 1100 abierat.

267 1156 478 1239 polae,
509 1155 777 1220 memini
809 1156 1149 1235 accidisse3
1194 1140 1511 1222 funestior
1539 1157 1647 1222 hic
1688 1157 1966 1241 pulveris
1997 1157 2223 1234 exitus,
2256 1178 2478 1239 quam-

274 1258 370 1321 vis
393 1259 624 1342 oppido
645 1281 850 1338 rarus,
875 1259 1167 1325 Medicos
1189 1266 1410 1324 tamen
1438 1261 1633 1344 paulo
1662 1260 2049 1324 cordatiores
2079 1259 2161 1324 ab
2187 1259 2325 1343 ejus
2352 1281 2482 1322 usu

269 1361 508 1426 merito
551 1362 857 1441 retraxit3
904 1362 1206 1441 secundo,
1252 1363 1406 1446 quia
1447 1382 1653 1445 aeger,
1686 1381 1805 1446 ope
1848 1361 2126 1446 pulveris
2171 1382 2210 1425 a
2254 1383 2479 1445 parox-

275 1483 460 1549 ysmo
503 1464 659 1530 alias
701 1464 1004 1528 invasuro
1054 1465 1384 1544 liberatus,
1437 1465 1634 1548 (quod
1674 1464 2053 1549 plerumque
2096 1463 2474 1546 eveniebat,)

267 1573 498 1630 tamen
524 1567 702 1631 intra
739 1566 874 1630 dies
905 1567 1392 1651 quatuordecim
1429 1567 1773 1632 recidivam
1808 1575 1885 1631 ut
1915 1567 2265 1651 plurimum
2300 1574 2497 1650 pate-¹

265 1675 475 1747 retur,
497 1669 570 1732 in
591 1669 816 1734 morbo
840 1669 1079 1734 scilicet
1103 1668 1365 1749 recenti,
1388 1670 1667 1734 necdum
1693 1671 1995 1753 temporis
2016 1690 2209 1734 cursu
2238 1689 2481 1752 suoque

275 1770 496 1834 Marte
525 1771 986 1855 commitigatO.
1063 1773 1360 1836 Maxima
1385 1795 1535 1856 pars
1566 1773 1907 1836 hominum
1929 1773 2031 1836 his
2059 1779 2353 1856 permota
2380 1793 2480 1835 ra-

271 1873 562 1937 tionibus
593 1894 772 1956 spem
795 1873 876 1937 de
903 1874 1026 1938 hoc
1055 1875 1314 1964 pulvere
1337 1876 1475 1959 jam
1502 1875 1753 1959 pridem
1782 1882 2156 1959 conceptam
2184 1874 2480 1958 protinus

276 1975 656 2059 abjiciebat3
719 1997 932 2060 neque
979 1976 1155 2041 enim
1200 1978 1372 2042 tanti
1418 1978 1847 2043 aestimabant
1896 1998 2351 2062 paroxysmum
2398 1976 2483 2040 ad

271 2099 513 2162 paucos
558 2079 694 2146 dies
738 2079 1088 2163 protelare,
1130 2087 1206 2144 ut
1251 2101 1319 2144 se
1370 2101 1448 2144 eo
1489 2081 1757 2144 nomine
1806 2081 1878 2145 in
1921 2082 2090 2144 vitae
2138 2080 2483 2143 discrimen

278 2203 320 2244 a
359 2181 627 2265 ⁴pulvere
677 2182 1080 2247 intentatum
1122 2183 1345 2247 induci
1394 2190 1791 2272 paterentur.
1908 2181 2076 2270 [18.]
2139 2184 2281 2266 Ego
2331 2203 2481 2247 vero

271 2285 412 2368 jam
440 2285 522 2348 ab
559 2284 802 2368 aliquot
830 2292 1006 2350 retro
1036 2286 1224 2349 annis
1259 2284 1437 2350 haud
1463 2286 1796 2369 vulgarem
1824 2286 2018 2370 hujus
2051 2285 2323 2350 Corticis
2350 2285 2481 2348 vim
2505 2301 2745 2351 Hercule-

273 2386 446 2450 serio
483 2386 905 2470 perpendens»,
938 2388 1281 2471 animoque
1318 2389 1667 2468 revolvens,
1698 2411 1833 2453 non
1872 2389 1997 2453 alio
2035 2389 2241 2471 magis
2281 2409 2479 2473 quam
2502 2375 2717 2479 ζζξᾶξζζ,

277 2489 402 2555 hoc
445 2489 769 2556 Herculeo
805 2490 1278 2557 medicamento
1323 2490 1533 2557 febres
1575 2491 2084 2557 intermittentes
2129 2490 2477 2556 debellatas
2503 2503 2745 2573 raenmm,

276 2592 360 2666 iri
397 2592 820 2672 confidebam,
852 2594 927 2672 si,
959 2616 1086 2677 qua
1114 2616 1230 2676 par
1269 2600 1428 2673 erat,
1460 2614 1617 2659 cura
1646 2594 1975 2661 accederet
2014 2601 2081 2659 et
2121 2594 2476 2677 diligentia.
2504 2574 2791 2680 3833„

273 2695 418 2759 Diu
461 2696 682 2779 itaque
726 2696 1138 2781 multumque
1187 2697 1358 2782 apud
1396 2718 1504 2761 me
1548 2697 1839 2780 agebam,
1880 2705 1958 2761 ut
2002 2704 2069 2762 et
2113 2697 2397 2781 periculo
2442 2717 2482 2760 a
2503 2690 2731 2752 propina-

276 2797 556 2881 pulveris
599 2820 723 2861 usu
763 2798 1184 2882 impendenti,
1218 2807 1283 2864 et
1319 2799 1634 2864 recidivae
1671 2799 1847 2863 intra
1874 2820 2111 2882 paucos
2156 2799 2291 2862 dies
2330 2798 2481 2881 sub·
2506 2760 2600 2805 ‘'m''

279 2908 636 2980 secuturae,
675 2902 864 2984 (quae
907 2902 1037 2966 duo
1089 2910 1275 2967 erant
1324 2902 1687 2966 amolienda
1728 2900 2181 2984 incommoda‚)
2229 2922 2483 2984 possem
2559 2938 2569 2945 -

279 3023 630 3083 occurrere,
686 3010 880 3087 atque
933 3024 1200 3088 aegrum
1249 3004 1446 3089 hujus
1504 3025 1626 3089 ope
1684 3004 1765 3068 ad
1816 3004 2137 3087 perfectae
2189 3002 2487 3068 sanitatis

280 3106 554 3191 gradum
583 3130 972 3192 promovere.

275 3256 288 3285 2
379 3210 544 3294 [19.]
600 3212 837 3289 Primo,
885 3212 1242 3295 periculum
1301 3210 1499 3295 quod.
1530 3211 1991 3291 minitabatur,
2027 3232 2165 3276 non
2213 3216 2352 3276 tam
2404 3231 2484 3273 ex
2512 3223 2709 3276 Quibus

281 3312 422 3395 ipso
453 3312 709 3378 Cortice
741 3320 974 3377 natum
1017 3314 1398 3393 arbitrabar,
1435 3335 1631 3398 quam
1671 3336 1748 3379 ex
1789 3335 1865 3378 eo
1905 3314 2078 3398 quod
2112 3313 2333 3377 'minus
2372 3334 2481 3395 op·
2507 3291 2772 3402 ζξξὲζῗξ,

278 3424 558 3500 portune
603 3436 796 3498 aegro
839 3416 1278 3499 ingereretur:
1347 3438 1496 3481 curn
1545 3419 1721 3482 enim
1760 3418 1854 3481 vis
1892 3418 2123 3500 ingens
2174 3415 2482 3481 materiae
2509 3418 2686 3466 duetus
2720 3424 2795 3466 est

272 3517 522 3582 febrilis
563 3508 789 3581 diebus
819 3540 858 3582 a
885 3540 1264 3603 paroxysmo
1302 3519 1518 3582 vacuis
1556 3519 1629 3583 in
1664 3541 1925 3603 corpore
1962 3520 2159 3583 fuerit
2196 3526 2480 3602 aggesta,
2509 3483 2792 3596 ἓὲιξὲζὲ

273 3621 484 3703 pulvis
512 3620 895 3707 praedictus,
917 3622 972 3684 si
998 3621 1372 3685 immediate
1405 3629 1557 3685 ante
1585 3644 2039 3707 paroxysmum
2064 3622 2479 3705 deglutiatur,
2508 3612 2795 3724 m⁶t¹¹qffj¹²

273 3722 435 3787 facit
494 3744 622 3806 quo
680 3723 898 3787 minus
947 3724 1219 3788 materia
1269 3724 1603 3789 morbifica
1652 3726 1793 3808 ipsa
1841 3726 2135 3790 Naturae
2177 3726 2482 3789 methodo
2508 3692 2677 3791 ξζτῗοε,

279 3826 671 3910 (paroxysmi
716 3826 954 3890 scilicet
996 3827 1290 3910 impetu,)
1338 3827 1540 3911 possit
1586 3828 1943 3906 eliminari3
2006 3849 2169 3913 quae
2210 3827 2485 3911 proinde

277 3935 532 4012 praeter
559 3929 657 3991 fas
684 3926 937 3991 inclusa
967 3949 1234 4012 aegrum
1262 3929 1334 3993 in
1362 3930 1534 3993 vitae
1574 3929 1920 3994 discrimen
1951 3929 2116 3994 solet
2146 3929 2481 4011 conjicere.

285 4031 432 4094 Hoc
462 4051 582 4113 ego
609 4050 718 4093 me
745 4030 991 4095 malum
1029 4032 1402 4114 propulsare
1430 4053 1614 4115 posse
1650 4033 2116 4110 existimabam,
2148 4032 2484 4095 materiae-

278 4153 410 4215 que
437 4132 681 4216 pariter
708 4132 922 4197 febrili
952 4132 1032 4196 de
1063 4156 1228 4199 novo
1259 4133 1667 4217 generandae
1698 4135 1947 4199 obicem
1974 4154 2233 4217 ponere,
2266 4133 2339 4210 si,
2369 4132 2485 4195 ubi

279 4236 565 4318 primum
593 4257 1120 4320 paroxysmorum
1148 4259 1320 4301 unus
1351 4237 1633 4320 affligere
1662 4238 1941 4316 desierit,
1974 4236 2310 4299 confestim
2340 4236 2482 4317 pu]-

281 4359 497 4402 verem
536 4338 902 4403 exhiberem
943 4358 1072 4425 quo
1106 4340 1516 4405 insecuturus
1555 4340 2117 4416 sufflaminaretur,
2150 4346 2215 4402 et
2256 4338 2483 4401 diebus

279 4440 794 4521 intermissionis,
827 4442 1012 4506 statis
1055 4443 1328 4507 subinde
1357 4444 1626 4523 vicibus,
1657 4442 1935 4507 eundem
1970 4449 2343 4526 repeterem,
2375 4462 2481 4503 us-
