<?xml version="1.0" encoding="UTF-8"?>
<!DOCTYPE html PUBLIC "-//W3C//DTD XHTML 1.0 Transitional//EN"
    "http://www.w3.org/TR/xhtml1/DTD/xhtml1-transitional.dtd">
<html xmlns="http://www.w3.org/1999/xhtml" xml:lang="en" lang="en">
 <head>
  <title>
</title>
<meta http-equiv="Content-Type" content="text/html;charset=utf-8" />
  <meta name='ocr-system' content='tesseract 3.04.00' />
  <meta name='ocr-capabilities' content='ocr_page ocr_carea ocr_par ocr_line ocrx_word'/>
</head>
<body>
  <div class='ocr_page' id='page_1' title='image "./operaomnia00khgoog_0266.png"; bbox 0 0 3138 5006; ppageno 0'>
   <div class='ocr_carea' id='block_1_1' title="bbox 618 262 2534 335">
    <p class='ocr_par' dir='ltr' id='par_1_1' title="bbox 618 262 2534 335">
     <span class='ocr_line' id='line_1_1' title="bbox 618 262 2534 335; baseline 0.004 -8"><span class='ocrx_word' id='word_1_1' title='bbox 618 262 1411 332; x_wconf 87' lang='lat' dir='ltr'><strong>OBSERVATIONUM</strong></span> <span class='ocrx_word' id='word_1_2' title='bbox 1454 269 2028 334; x_wconf 88' lang='lat' dir='ltr'><strong>MEDICARUM</strong></span> <span class='ocrx_word' id='word_1_3' title='bbox 2071 276 2136 328; x_wconf 91' lang='lat' dir='ltr'><strong>V.</strong></span> <span class='ocrx_word' id='word_1_4' title='bbox 2171 282 2221 331; x_wconf 85' lang='lat'><strong>5.</strong></span> <span class='ocrx_word' id='word_1_5' title='bbox 2401 271 2534 335; x_wconf 80' lang='lat'><strong>229</strong></span> 
     </span>
    </p>
   </div>
   <div class='ocr_carea' id='block_1_2' title="bbox 316 419 2835 1742">
    <p class='ocr_par' dir='ltr' id='par_1_2' title="bbox 321 419 2835 696">
     <span class='ocr_line' id='line_1_2' title="bbox 321 419 2802 514; baseline 0.001 -22"><span class='ocrx_word' id='word_1_6' title='bbox 321 419 705 509; x_wconf 82' lang='lat' dir='ltr'><strong>pulmonum</strong></span> <span class='ocrx_word' id='word_1_7' title='bbox 758 430 941 512; x_wconf 87' lang='lat' dir='ltr'><strong>quasi</strong></span> <span class='ocrx_word' id='word_1_8' title='bbox 1000 429 1369 494; x_wconf 79' lang='lat' dir='ltr'><strong>constrictio</strong></span> <span class='ocrx_word' id='word_1_9' title='bbox 1420 431 1915 514; x_wconf 88' lang='lat' dir='ltr'><strong>coarctatioque,</strong></span> <span class='ocrx_word' id='word_1_10' title='bbox 1959 430 2142 495; x_wconf 91' lang='lat' dir='ltr'><strong>unde</strong></span> <span class='ocrx_word' id='word_1_11' title='bbox 2191 431 2532 496; x_wconf 84' lang='lat' dir='ltr'><strong>difficulter</strong></span> <span class='ocrx_word' id='word_1_12' title='bbox 2601 455 2802 504; x_wconf 66' lang='lat' dir='ltr'><strong>Tonans</strong></span> 
     </span>
     <span class='ocr_line' id='line_1_3' title="bbox 323 518 2835 635; baseline 0.002 -43"><span class='ocrx_word' id='word_1_13' title='bbox 323 530 607 613; x_wconf 80' lang='lat' dir='ltr'><strong>spirabat</strong></span> <span class='ocrx_word' id='word_1_14' title='bbox 650 554 859 614; x_wconf 88' lang='lat' dir='ltr'><strong>aeger,</strong></span> <span class='ocrx_word' id='word_1_15' title='bbox 912 531 1328 596; x_wconf 83' lang='lat' dir='ltr'><strong>inhibebatur</strong></span> <span class='ocrx_word' id='word_1_16' title='bbox 1370 533 1610 610; x_wconf 82' lang='lat' dir='ltr'><strong>Tussis,</strong></span> <span class='ocrx_word' id='word_1_17' title='bbox 1660 532 2059 596; x_wconf 80' lang='lat' dir='ltr'><strong>excitabatur</strong></span> <span class='ocrx_word' id='word_1_18' title='bbox 2099 532 2297 596; x_wconf 89' lang='lat' dir='ltr'><strong>febris</strong></span> <span class='ocrx_word' id='word_1_19' title='bbox 2338 533 2530 596; x_wconf 84' lang='lat' dir='ltr'><strong>vehe-</strong></span> <span class='ocrx_word' id='word_1_20' title='bbox 2553 518 2835 635; x_wconf 46' lang='grc' dir='ltr'><strong>Αξζξῗξῗὲ.</strong></span> 
     </span>
     <span class='ocr_line' id='line_1_4' title="bbox 324 632 622 696; baseline 0.003 -1"><span class='ocrx_word' id='word_1_21' title='bbox 324 632 622 696; x_wconf 89' lang='lat' dir='ltr'><strong>mentior.</strong></span> 
     </span>
    </p>

    <p class='ocr_par' dir='ltr' id='par_1_3' title="bbox 316 733 2530 1742">
     <span class='ocr_line' id='line_1_5' title="bbox 413 733 2530 823; baseline 0.001 -23"><span class='ocrx_word' id='word_1_22' title='bbox 413 733 539 822; x_wconf 84' lang='lat'><strong>[7.]</strong></span> <span class='ocrx_word' id='word_1_23' title='bbox 590 736 781 800; x_wconf 87' lang='lat' dir='ltr'><strong>Febri</strong></span> <span class='ocrx_word' id='word_1_24' title='bbox 810 745 877 801; x_wconf 93' lang='lat' dir='ltr'><strong>et</strong></span> <span class='ocrx_word' id='word_1_25' title='bbox 911 737 1202 821; x_wconf 82' lang='lat' dir='ltr'><strong>pessimis</strong></span> <span class='ocrx_word' id='word_1_26' title='bbox 1244 739 1382 822; x_wconf 87' lang='lat' dir='ltr'><strong>ejus</strong></span> <span class='ocrx_word' id='word_1_27' title='bbox 1422 739 1870 823; x_wconf 85' lang='lat' dir='ltr'><strong>symptomatis</strong></span> <span class='ocrx_word' id='word_1_28' title='bbox 1911 739 2265 803; x_wconf 79' lang='lat' dir='ltr'><strong>rectissime</strong></span> <span class='ocrx_word' id='word_1_29' title='bbox 2301 739 2530 822; x_wconf 88' lang='lat' dir='ltr'><strong>(quan-</strong></span> 
     </span>
     <span class='ocr_line' id='line_1_6' title="bbox 318 839 2530 924; baseline 0.002 -24"><span class='ocrx_word' id='word_1_30' title='bbox 318 843 465 901; x_wconf 90' lang='lat' dir='ltr'><strong>tum</strong></span> <span class='ocrx_word' id='word_1_31' title='bbox 495 848 789 902; x_wconf 86' lang='lat' dir='ltr'><strong>accurate</strong></span> <span class='ocrx_word' id='word_1_32' title='bbox 818 840 991 904; x_wconf 87' lang='lat' dir='ltr'><strong>facta</strong></span> <span class='ocrx_word' id='word_1_33' title='bbox 1018 839 1461 904; x_wconf 85' lang='lat' dir='ltr'><strong>observatione</strong></span> <span class='ocrx_word' id='word_1_34' title='bbox 1492 841 1656 904; x_wconf 85' lang='lat' dir='ltr'><strong>mihi</strong></span> <span class='ocrx_word' id='word_1_35' title='bbox 1695 841 2033 924; x_wconf 88' lang='lat' dir='ltr'><strong>constitit,)</strong></span> <span class='ocrx_word' id='word_1_36' title='bbox 2070 842 2530 905; x_wconf 88' lang='lat' dir='ltr'><strong>occurrebatur</strong></span> 
     </span>
     <span class='ocr_line' id='line_1_7' title="bbox 318 940 2522 1027; baseline 0.001 -24"><span class='ocrx_word' id='word_1_37' title='bbox 318 942 831 1006; x_wconf 82' lang='lat' dir='ltr'><strong>venae-sectione</strong></span> <span class='ocrx_word' id='word_1_38' title='bbox 874 943 947 1005; x_wconf 93' lang='lat' dir='ltr'><strong>in</strong></span> <span class='ocrx_word' id='word_1_39' title='bbox 993 940 1275 1020; x_wconf 86' lang='lat' dir='ltr'><strong>brachio,</strong></span> <span class='ocrx_word' id='word_1_40' title='bbox 1328 952 1395 1006; x_wconf 91' lang='lat' dir='ltr'><strong>et</strong></span> <span class='ocrx_word' id='word_1_41' title='bbox 1446 944 1828 1026; x_wconf 87' lang='lat' dir='ltr'><strong>epispastico</strong></span> <span class='ocrx_word' id='word_1_42' title='bbox 1873 944 2127 1008; x_wconf 88' lang='lat' dir='ltr'><strong>nuchae</strong></span> <span class='ocrx_word' id='word_1_43' title='bbox 2181 945 2522 1027; x_wconf 83' lang='lat' dir='ltr'><strong>applicato,</strong></span> 
     </span>
     <span class='ocr_line' id='line_1_8' title="bbox 319 1043 2522 1129; baseline 0.001 -23"><span class='ocrx_word' id='word_1_44' title='bbox 319 1043 589 1126; x_wconf 84' lang='lat' dir='ltr'><strong>clystere</strong></span> <span class='ocrx_word' id='word_1_45' title='bbox 618 1044 775 1108; x_wconf 90' lang='lat' dir='ltr'><strong>item</strong></span> <span class='ocrx_word' id='word_1_46' title='bbox 806 1044 1093 1127; x_wconf 87' lang='lat' dir='ltr'><strong>quotidie</strong></span> <span class='ocrx_word' id='word_1_47' title='bbox 1120 1044 1484 1129; x_wconf 88' lang='lat' dir='ltr'><strong>injiciendo.</strong></span> <span class='ocrx_word' id='word_1_48' title='bbox 1558 1046 1852 1128; x_wconf 88' lang='lat' dir='ltr'><strong>Aegrum</strong></span> <span class='ocrx_word' id='word_1_49' title='bbox 1884 1045 2147 1109; x_wconf 84' lang='lat' dir='ltr'><strong>interim</strong></span> <span class='ocrx_word' id='word_1_50' title='bbox 2175 1045 2522 1108; x_wconf 89' lang='lat' dir='ltr'><strong>monebam</strong></span> 
     </span>
     <span class='ocr_line' id='line_1_9' title="bbox 318 1145 2522 1229; baseline 0.002 -22"><span class='ocrx_word' id='word_1_51' title='bbox 318 1151 395 1207; x_wconf 83' lang='lat' dir='ltr'><strong>ut</strong></span> <span class='ocrx_word' id='word_1_52' title='bbox 425 1145 695 1228; x_wconf 86' lang='lat' dir='ltr'><strong>singulis</strong></span> <span class='ocrx_word' id='word_1_53' title='bbox 725 1145 951 1210; x_wconf 90' lang='lat' dir='ltr'><strong>diebus</strong></span> <span class='ocrx_word' id='word_1_54' title='bbox 982 1146 1065 1209; x_wconf 84' lang='lat' dir='ltr'><strong>ad</strong></span> <span class='ocrx_word' id='word_1_55' title='bbox 1094 1146 1281 1210; x_wconf 89' lang='lat' dir='ltr'><strong>horas</strong></span> <span class='ocrx_word' id='word_1_56' title='bbox 1312 1146 1557 1229; x_wconf 83' lang='lat' dir='ltr'><strong>aliquot</strong></span> <span class='ocrx_word' id='word_1_57' title='bbox 1585 1148 1756 1210; x_wconf 91' lang='lat' dir='ltr'><strong>lecto</strong></span> <span class='ocrx_word' id='word_1_58' title='bbox 1785 1146 2143 1225; x_wconf 88' lang='lat' dir='ltr'><strong>absisteret,</strong></span> <span class='ocrx_word' id='word_1_59' title='bbox 2166 1146 2522 1211; x_wconf 82' lang='lat' dir='ltr'><strong>abstineret</strong></span> 
     </span>
     <span class='ocr_line' id='line_1_10' title="bbox 320 1248 2521 1334; baseline 0.002 -25"><span class='ocrx_word' id='word_1_60' title='bbox 320 1269 360 1310; x_wconf 89' lang='lat' dir='ltr'><strong>a</strong></span> <span class='ocrx_word' id='word_1_61' title='bbox 410 1248 730 1327; x_wconf 87' lang='lat' dir='ltr'><strong>carnibus,</strong></span> <span class='ocrx_word' id='word_1_62' title='bbox 778 1270 957 1312; x_wconf 91' lang='lat' dir='ltr'><strong>nunc</strong></span> <span class='ocrx_word' id='word_1_63' title='bbox 1007 1249 1376 1314; x_wconf 86' lang='lat' dir='ltr'><strong>cerevisiam</strong></span> <span class='ocrx_word' id='word_1_64' title='bbox 1432 1257 1720 1328; x_wconf 88' lang='lat' dir='ltr'><strong>tenuem,</strong></span> <span class='ocrx_word' id='word_1_65' title='bbox 1768 1271 1944 1314; x_wconf 90' lang='lat' dir='ltr'><strong>nunc</strong></span> <span class='ocrx_word' id='word_1_66' title='bbox 1985 1250 2086 1314; x_wconf 91' lang='lat' dir='ltr'><strong>lac</strong></span> <span class='ocrx_word' id='word_1_67' title='bbox 2137 1271 2338 1333; x_wconf 87' lang='lat' dir='ltr'><strong>aquae</strong></span> <span class='ocrx_word' id='word_1_68' title='bbox 2380 1271 2521 1334; x_wconf 89' lang='lat' dir='ltr'><strong>per-</strong></span> 
     </span>
     <span class='ocr_line' id='line_1_11' title="bbox 318 1351 2518 1436; baseline 0.001 -23"><span class='ocrx_word' id='word_1_69' title='bbox 318 1351 605 1430; x_wconf 88' lang='lat' dir='ltr'><strong>mistum,</strong></span> <span class='ocrx_word' id='word_1_70' title='bbox 636 1373 815 1415; x_wconf 89' lang='lat' dir='ltr'><strong>nunc</strong></span> <span class='ocrx_word' id='word_1_71' title='bbox 842 1353 1167 1436; x_wconf 81' lang='lat' dir='ltr'><strong>ptisanam</strong></span> <span class='ocrx_word' id='word_1_72' title='bbox 1202 1352 1484 1434; x_wconf 85' lang='lat' dir='ltr'><strong>aliquam</strong></span> <span class='ocrx_word' id='word_1_73' title='bbox 1510 1353 2004 1435; x_wconf 85' lang='lat' dir='ltr'><strong>refrigerantem</strong></span> <span class='ocrx_word' id='word_1_74' title='bbox 2039 1375 2112 1417; x_wconf 88' lang='lat' dir='ltr'><strong>ac</strong></span> <span class='ocrx_word' id='word_1_75' title='bbox 2142 1353 2518 1431; x_wconf 87' lang='lat' dir='ltr'><strong>lenientem,</strong></span> 
     </span>
     <span class='ocr_line' id='line_1_12' title="bbox 317 1452 2519 1537; baseline 0 -21"><span class='ocrx_word' id='word_1_76' title='bbox 317 1452 621 1517; x_wconf 86' lang='lat' dir='ltr'><strong>sorberet.</strong></span> <span class='ocrx_word' id='word_1_77' title='bbox 710 1455 947 1537; x_wconf 88' lang='lat' dir='ltr'><strong>Elapso</strong></span> <span class='ocrx_word' id='word_1_78' title='bbox 960 1455 1099 1537; x_wconf 86' lang='lat' dir='ltr'><strong>jam</strong></span> <span class='ocrx_word' id='word_1_79' title='bbox 1128 1453 1326 1517; x_wconf 88' lang='lat' dir='ltr'><strong>biduo</strong></span> <span class='ocrx_word' id='word_1_80' title='bbox 1355 1455 1668 1533; x_wconf 85' lang='lat' dir='ltr'><strong>triduove,</strong></span> <span class='ocrx_word' id='word_1_81' title='bbox 1701 1455 1756 1517; x_wconf 90' lang='lat' dir='ltr'><strong>si</strong></span> <span class='ocrx_word' id='word_1_82' title='bbox 1794 1455 2086 1519; x_wconf 88' lang='lat' dir='ltr'><strong>nondum</strong></span> <span class='ocrx_word' id='word_1_83' title='bbox 2116 1455 2519 1519; x_wconf 87' lang='lat' dir='ltr'><strong>minueretur</strong></span> 
     </span>
     <span class='ocr_line' id='line_1_13' title="bbox 317 1555 2514 1641; baseline 0.001 -23"><span class='ocrx_word' id='word_1_84' title='bbox 317 1555 497 1641; x_wconf 78' lang='lat' dir='ltr'><strong>dolor</strong></span> <span class='ocrx_word' id='word_1_85' title='bbox 537 1557 774 1634; x_wconf 86' lang='lat' dir='ltr'><strong>lateris,</strong></span> <span class='ocrx_word' id='word_1_86' title='bbox 806 1556 919 1620; x_wconf 88' lang='lat' dir='ltr'><strong>sed</strong></span> <span class='ocrx_word' id='word_1_87' title='bbox 963 1557 1173 1621; x_wconf 89' lang='lat' dir='ltr'><strong>adhuc</strong></span> <span class='ocrx_word' id='word_1_88' title='bbox 1217 1558 1631 1620; x_wconf 80' lang='lat' dir='ltr'><strong>vehementer</strong></span> <span class='ocrx_word' id='word_1_89' title='bbox 1672 1565 1950 1639; x_wconf 88' lang='lat' dir='ltr'><strong>urgeret,</strong></span> <span class='ocrx_word' id='word_1_90' title='bbox 1990 1557 2373 1640; x_wconf 83' lang='lat' dir='ltr'><strong>sanguinem</strong></span> <span class='ocrx_word' id='word_1_91' title='bbox 2417 1579 2514 1620; x_wconf 88' lang='lat' dir='ltr'><strong>se-</strong></span> 
     </span>
     <span class='ocr_line' id='line_1_14' title="bbox 316 1658 2509 1742; baseline 0 -20"><span class='ocrx_word' id='word_1_92' title='bbox 316 1658 530 1722; x_wconf 78' lang='lat' dir='ltr'><strong>eundo</strong></span> <span class='ocrx_word' id='word_1_93' title='bbox 560 1659 827 1736; x_wconf 80' lang='lat' dir='ltr'><strong>detraxi,</strong></span> <span class='ocrx_word' id='word_1_94' title='bbox 848 1665 915 1722; x_wconf 93' lang='lat' dir='ltr'><strong>et</strong></span> <span class='ocrx_word' id='word_1_95' title='bbox 942 1659 1111 1722; x_wconf 87' lang='lat' dir='ltr'><strong>utin</strong></span> <span class='ocrx_word' id='word_1_96' title='bbox 1138 1680 1266 1722; x_wconf 87' lang='lat' dir='ltr'><strong>usu</strong></span> <span class='ocrx_word' id='word_1_97' title='bbox 1296 1667 1669 1722; x_wconf 87' lang='lat' dir='ltr'><strong>enematum</strong></span> <span class='ocrx_word' id='word_1_98' title='bbox 1685 1661 2054 1742; x_wconf 85' lang='lat' dir='ltr'><strong>persisteret</strong></span> <span class='ocrx_word' id='word_1_99' title='bbox 2083 1659 2298 1722; x_wconf 86' lang='lat' dir='ltr'><strong>adhuc</strong></span> <span class='ocrx_word' id='word_1_100' title='bbox 2319 1659 2509 1723; x_wconf 87' lang='lat' dir='ltr'><strong>suasi.</strong></span> 
     </span>
    </p>
   </div>
   <div class='ocr_carea' id='block_1_3' title="bbox 2553 655 2834 667">
    <p class='ocr_par' dir='ltr' id='par_1_4' title="bbox 2553 655 2834 667">
     <span class='ocr_line' id='line_1_15' title="bbox 2553 655 2834 667; baseline 0 0"><span class='ocrx_word' id='word_1_101' title='bbox 2553 655 2834 667; x_wconf 95' lang='lat' dir='ltr'><strong> </strong></span> 
     </span>
    </p>
   </div>
   <div class='ocr_carea' id='block_1_4' title="bbox 188 1761 2794 1845">
    <p class='ocr_par' dir='ltr' id='par_1_5' title="bbox 188 1761 2794 1845">
     <span class='ocr_line' id='line_1_16' title="bbox 188 1761 2794 1845; baseline 0.005 -21"><span class='ocrx_word' id='word_1_102' title='bbox 188 1837 194 1842; x_wconf 22' lang='lat'>¹</span> <span class='ocrx_word' id='word_1_103' title='bbox 314 1761 634 1825; x_wconf 85' lang='lat' dir='ltr'><strong>Enemata</strong></span> <span class='ocrx_word' id='word_1_104' title='bbox 679 1769 897 1825; x_wconf 89' lang='lat' dir='ltr'><strong>autem</strong></span> <span class='ocrx_word' id='word_1_105' title='bbox 951 1762 1122 1845; x_wconf 92' lang='lat' dir='ltr'><strong>quod</strong></span> <span class='ocrx_word' id='word_1_106' title='bbox 1174 1761 1429 1840; x_wconf 85' lang='lat' dir='ltr'><strong>attinet,</strong></span> <span class='ocrx_word' id='word_1_107' title='bbox 1483 1761 1829 1844; x_wconf 87' lang='lat' dir='ltr'><strong>diligenter</strong></span> <span class='ocrx_word' id='word_1_108' title='bbox 1875 1763 2341 1826; x_wconf 86' lang='lat' dir='ltr'><strong>advertendum</strong></span> <span class='ocrx_word' id='word_1_109' title='bbox 2391 1769 2509 1841; x_wconf 89' lang='lat' dir='ltr'><strong>est,</strong></span> <span class='ocrx_word' id='word_1_110' title='bbox 2537 1782 2794 1844; x_wconf 60' lang='lat' dir='ltr'><strong>Eanum,</strong></span> 
     </span>
    </p>
   </div>
   <div class='ocr_carea' id='block_1_5' title="bbox 320 1848 2826 1974">
    <p class='ocr_par' dir='ltr' id='par_1_6' title="bbox 320 1848 2826 1974">
     <span class='ocr_line' id='line_1_17' title="bbox 320 1848 2826 1974; baseline 0 -47"><span class='ocrx_word' id='word_1_111' title='bbox 320 1865 479 1943; x_wconf 84' lang='lat' dir='ltr'><strong>(tam</strong></span> <span class='ocrx_word' id='word_1_112' title='bbox 506 1864 576 1927; x_wconf 90' lang='lat' dir='ltr'><strong>in</strong></span> <span class='ocrx_word' id='word_1_113' title='bbox 622 1864 743 1928; x_wconf 90' lang='lat' dir='ltr'><strong>hac</strong></span> <span class='ocrx_word' id='word_1_114' title='bbox 774 1885 967 1947; x_wconf 87' lang='lat' dir='ltr'><strong>quam</strong></span> <span class='ocrx_word' id='word_1_115' title='bbox 1012 1863 1152 1927; x_wconf 88' lang='lat' dir='ltr'><strong>aliis</strong></span> <span class='ocrx_word' id='word_1_116' title='bbox 1195 1863 1525 1946; x_wconf 79' lang='lat' dir='ltr'><strong>febribuS‚)</strong></span> <span class='ocrx_word' id='word_1_117' title='bbox 1561 1886 1657 1943; x_wconf 88' lang='lat' dir='ltr'><strong>ea,</strong></span> <span class='ocrx_word' id='word_1_118' title='bbox 1680 1865 1819 1948; x_wconf 89' lang='lat' dir='ltr'><strong>jam</strong></span> <span class='ocrx_word' id='word_1_119' title='bbox 1861 1865 2080 1928; x_wconf 87' lang='lat' dir='ltr'><strong>fractis</strong></span> <span class='ocrx_word' id='word_1_120' title='bbox 2124 1864 2334 1928; x_wconf 90' lang='lat' dir='ltr'><strong>morbi</strong></span> <span class='ocrx_word' id='word_1_121' title='bbox 2362 1865 2508 1928; x_wconf 87' lang='lat' dir='ltr'><strong>viri·</strong></span> <span class='ocrx_word' id='word_1_122' title='bbox 2535 1848 2826 1974; x_wconf 51' lang='lat' dir='ltr'><strong>{ffffiffiff</strong></span> 
     </span>
    </p>
   </div>
   <div class='ocr_carea' id='block_1_6' title="bbox 312 1961 2819 2156">
    <p class='ocr_par' dir='ltr' id='par_1_7' title="bbox 312 1961 2819 2156">
     <span class='ocr_line' id='line_1_18' title="bbox 312 1961 2788 2056; baseline 0 -27"><span class='ocrx_word' id='word_1_123' title='bbox 312 1965 436 2029; x_wconf 93' lang='lat' dir='ltr'><strong>bus</strong></span> <span class='ocrx_word' id='word_1_124' title='bbox 466 1973 533 2030; x_wconf 89' lang='lat' dir='ltr'><strong>et</strong></span> <span class='ocrx_word' id='word_1_125' title='bbox 561 1961 781 2046; x_wconf 82' lang='lat' dir='ltr'><strong>retusa</strong></span> <span class='ocrx_word' id='word_1_126' title='bbox 802 1967 956 2045; x_wconf 81' lang='lat' dir='ltr'><strong>acie,</strong></span> <span class='ocrx_word' id='word_1_127' title='bbox 978 1988 1115 2030; x_wconf 89' lang='lat' dir='ltr'><strong>non</strong></span> <span class='ocrx_word' id='word_1_128' title='bbox 1138 1966 1252 2029; x_wconf 90' lang='lat' dir='ltr'><strong>diu</strong></span> <span class='ocrx_word' id='word_1_129' title='bbox 1269 1974 1333 2029; x_wconf 89' lang='lat' dir='ltr'><strong>et</strong></span> <span class='ocrx_word' id='word_1_130' title='bbox 1351 1967 1660 2031; x_wconf 89' lang='lat' dir='ltr'><strong>continuo</strong></span> <span class='ocrx_word' id='word_1_131' title='bbox 1682 1967 2034 2051; x_wconf 88' lang='lat' dir='ltr'><strong>repetenda</strong></span> <span class='ocrx_word' id='word_1_132' title='bbox 2055 1988 2212 2046; x_wconf 90' lang='lat' dir='ltr'><strong>esse,</strong></span> <span class='ocrx_word' id='word_1_133' title='bbox 2231 1968 2510 2032; x_wconf 82' lang='lat' dir='ltr'><strong>maxime</strong></span> <span class='ocrx_word' id='word_1_134' title='bbox 2534 1975 2788 2056; x_wconf 54' lang='lat' dir='ltr'><strong>febribus.)</strong></span> 
     </span>
     <span class='ocr_line' id='line_1_19' title="bbox 312 2041 2819 2156; baseline 0 -24"><span class='ocrx_word' id='word_1_135' title='bbox 312 2068 383 2131; x_wconf 90' lang='lat' dir='ltr'><strong>in</strong></span> <span class='ocrx_word' id='word_1_136' title='bbox 411 2070 709 2132; x_wconf 87' lang='lat' dir='ltr'><strong>foeminis</strong></span> <span class='ocrx_word' id='word_1_137' title='bbox 746 2069 1027 2153; x_wconf 87' lang='lat' dir='ltr'><strong>passioni</strong></span> <span class='ocrx_word' id='word_1_138' title='bbox 1057 2069 1413 2153; x_wconf 85' lang='lat' dir='ltr'><strong>hystericae</strong></span> <span class='ocrx_word' id='word_1_139' title='bbox 1456 2069 1768 2146; x_wconf 82' lang='lat' dir='ltr'><strong>obnoxiis,</strong></span> <span class='ocrx_word' id='word_1_140' title='bbox 1801 2076 1917 2133; x_wconf 90' lang='lat' dir='ltr'><strong>aut</strong></span> <span class='ocrx_word' id='word_1_141' title='bbox 1945 2070 2096 2132; x_wconf 86' lang='lat' dir='ltr'><strong>viris</strong></span> <span class='ocrx_word' id='word_1_142' title='bbox 2138 2070 2508 2153; x_wconf 86' lang='lat' dir='ltr'><strong>hypochon-</strong></span> <span class='ocrx_word' id='word_1_143' title='bbox 2533 2041 2699 2154; x_wconf 47' lang='grc' dir='ltr'><strong>ἓξὲξ</strong></span> <span class='ocrx_word' id='word_1_144' title='bbox 2710 2059 2819 2156; x_wconf 54' lang='grc' dir='ltr'><strong>ζῗζξῖ</strong></span> 
     </span>
    </p>
   </div>
   <div class='ocr_carea' id='block_1_7' title="bbox 312 2168 2808 2298">
    <p class='ocr_par' dir='ltr' id='par_1_8' title="bbox 312 2168 2808 2298">
     <span class='ocr_line' id='line_1_20' title="bbox 312 2168 2808 2298; baseline 0 -65"><span class='ocrx_word' id='word_1_145' title='bbox 312 2169 580 2249; x_wconf 78' lang='lat' dir='ltr'><strong>driacis3</strong></span> <span class='ocrx_word' id='word_1_146' title='bbox 642 2193 790 2235; x_wconf 90' lang='lat' dir='ltr'><strong>cum</strong></span> <span class='ocrx_word' id='word_1_147' title='bbox 840 2171 1072 2234; x_wconf 90' lang='lat' dir='ltr'><strong>talium</strong></span> <span class='ocrx_word' id='word_1_148' title='bbox 1120 2171 1383 2254; x_wconf 83' lang='lat' dir='ltr'><strong>sanguis</strong></span> <span class='ocrx_word' id='word_1_149' title='bbox 1434 2179 1627 2253; x_wconf 87' lang='lat' dir='ltr'><strong>atque</strong></span> <span class='ocrx_word' id='word_1_150' title='bbox 1683 2171 1988 2235; x_wconf 89' lang='lat' dir='ltr'><strong>humores</strong></span> <span class='ocrx_word' id='word_1_151' title='bbox 2046 2170 2512 2251; x_wconf 78' lang='grc' dir='ltr'>εὐμετάβλητοι</span> <span class='ocrx_word' id='word_1_152' title='bbox 2534 2168 2648 2282; x_wconf 53' lang='grc' dir='ltr'><strong>ξὲῑέἱ</strong></span> <span class='ocrx_word' id='word_1_153' title='bbox 2665 2187 2808 2298; x_wconf 47' lang='grc' dir='ltr'><strong>11ξὲἒῷ</strong></span> 
     </span>
    </p>
   </div>
   <div class='ocr_carea' id='block_1_8' title="bbox 312 2273 2710 2358">
    <p class='ocr_par' dir='ltr' id='par_1_9' title="bbox 312 2273 2710 2358">
     <span class='ocr_line' id='line_1_21' title="bbox 312 2273 2710 2358; baseline 0.004 -22"><span class='ocrx_word' id='word_1_154' title='bbox 312 2274 464 2352; x_wconf 88' lang='lat' dir='ltr'><strong>sint,</strong></span> <span class='ocrx_word' id='word_1_155' title='bbox 496 2295 571 2338; x_wconf 88' lang='lat' dir='ltr'><strong>ac</strong></span> <span class='ocrx_word' id='word_1_156' title='bbox 614 2273 795 2338; x_wconf 90' lang='lat' dir='ltr'><strong>nullo</strong></span> <span class='ocrx_word' id='word_1_157' title='bbox 823 2273 956 2338; x_wconf 85' lang='lat' dir='ltr'><strong>fere</strong></span> <span class='ocrx_word' id='word_1_158' title='bbox 998 2275 1261 2356; x_wconf 90' lang='lat' dir='ltr'><strong>negotio</strong></span> <span class='ocrx_word' id='word_1_159' title='bbox 1302 2274 1712 2358; x_wconf 82' lang='lat' dir='ltr'><strong>exagitentur</strong></span> <span class='ocrx_word' id='word_1_160' title='bbox 1746 2281 1940 2358; x_wconf 89' lang='lat' dir='ltr'><strong>atque</strong></span> <span class='ocrx_word' id='word_1_161' title='bbox 1986 2281 2302 2352; x_wconf 87' lang='lat' dir='ltr'><strong>aestuent,</strong></span> <span class='ocrx_word' id='word_1_162' title='bbox 2333 2276 2508 2340; x_wconf 89' lang='lat' dir='ltr'><strong>unde</strong></span> <span class='ocrx_word' id='word_1_163' title='bbox 2539 2299 2710 2356; x_wconf 74' lang='lat' dir='ltr'><strong>tenda;</strong></span> 
     </span>
    </p>
   </div>
   <div class='ocr_carea' id='block_1_9' title="bbox 307 2369 2818 2567">
    <p class='ocr_par' dir='ltr' id='par_1_10' title="bbox 307 2363 2818 2567">
     <span class='ocr_line' id='line_1_22' title="bbox 308 2369 2818 2477; baseline 0.001 -36"><span class='ocrx_word' id='word_1_164' title='bbox 308 2378 727 2462; x_wconf 85' lang='lat' dir='ltr'><strong>perturbatur</strong></span> <span class='ocrx_word' id='word_1_165' title='bbox 755 2379 1033 2462; x_wconf 88' lang='lat' dir='ltr'><strong>corporis</strong></span> <span class='ocrx_word' id='word_1_166' title='bbox 1063 2378 1451 2456; x_wconf 87' lang='lat' dir='ltr'><strong>oeconomia,</strong></span> <span class='ocrx_word' id='word_1_167' title='bbox 1482 2385 1549 2442; x_wconf 92' lang='lat' dir='ltr'><strong>et</strong></span> <span class='ocrx_word' id='word_1_168' title='bbox 1579 2385 2012 2461; x_wconf 84' lang='lat' dir='ltr'><strong>symptomata</strong></span> <span class='ocrx_word' id='word_1_169' title='bbox 2031 2378 2284 2442; x_wconf 85' lang='lat' dir='ltr'><strong>febrilia</strong></span> <span class='ocrx_word' id='word_1_170' title='bbox 2311 2380 2508 2444; x_wconf 90' lang='lat' dir='ltr'><strong>etiam</strong></span> <span class='ocrx_word' id='word_1_171' title='bbox 2533 2363 2818 2477; x_wconf 51' lang='lat' dir='ltr'><strong>ffieaffiffissiu</strong></span> 
     </span>
     <span class='ocr_line' id='line_1_23' title="bbox 307 2479 2803 2567; baseline 0.004 -23"><span class='ocrx_word' id='word_1_172' title='bbox 307 2481 481 2545; x_wconf 87' lang='lat' dir='ltr'><strong>ultra</strong></span> <span class='ocrx_word' id='word_1_173' title='bbox 512 2481 764 2545; x_wconf 86' lang='lat' dir='ltr'><strong>solitam</strong></span> <span class='ocrx_word' id='word_1_174' title='bbox 792 2481 1126 2565; x_wconf 89' lang='lat' dir='ltr'><strong>periodum</strong></span> <span class='ocrx_word' id='word_1_175' title='bbox 1158 2501 1380 2563; x_wconf 71' lang='lat' dir='ltr'><strong>aegros</strong></span> <span class='ocrx_word' id='word_1_176' title='bbox 1410 2479 1820 2545; x_wconf 85' lang='lat' dir='ltr'><strong>discruciant.</strong></span> <span class='ocrx_word' id='word_1_177' title='bbox 2533 2489 2803 2567; x_wconf 48' lang='lat' dir='ltr'><strong>hysterich,</strong></span> 
     </span>
    </p>
   </div>
   <div class='ocr_carea' id='block_1_10' title="bbox 334 2556 2806 2683">
    <p class='ocr_par' dir='ltr' id='par_1_11' title="bbox 334 2556 2806 2683">
     <span class='ocr_line' id='line_1_24' title="bbox 334 2556 2806 2683; baseline 0.002 -37"><span class='ocrx_word' id='word_1_178' title='bbox 334 2618 339 2623; x_wconf 93' lang='lat'><em>-</em></span> <span class='ocrx_word' id='word_1_179' title='bbox 399 2582 526 2670; x_wconf 88' lang='lat'><strong>[8.]</strong></span> <span class='ocrx_word' id='word_1_180' title='bbox 580 2585 709 2648; x_wconf 91' lang='lat' dir='ltr'><strong>Sed</strong></span> <span class='ocrx_word' id='word_1_181' title='bbox 752 2592 826 2648; x_wconf 90' lang='lat' dir='ltr'><strong>ut</strong></span> <span class='ocrx_word' id='word_1_182' title='bbox 872 2584 953 2648; x_wconf 87' lang='lat' dir='ltr'><strong>ad</strong></span> <span class='ocrx_word' id='word_1_183' title='bbox 990 2605 1128 2648; x_wconf 91' lang='lat' dir='ltr'><strong>rem</strong></span> <span class='ocrx_word' id='word_1_184' title='bbox 1166 2590 1594 2648; x_wconf 86' lang='lat' dir='ltr'><strong>revertamur:</strong></span> <span class='ocrx_word' id='word_1_185' title='bbox 1642 2584 1799 2647; x_wconf 88' lang='lat' dir='ltr'><strong>dum</strong></span> <span class='ocrx_word' id='word_1_186' title='bbox 1827 2585 1950 2648; x_wconf 90' lang='lat' dir='ltr'><strong>hoc</strong></span> <span class='ocrx_word' id='word_1_187' title='bbox 1988 2590 2176 2667; x_wconf 88' lang='lat' dir='ltr'><strong>pacto</strong></span> <span class='ocrx_word' id='word_1_188' title='bbox 2220 2585 2500 2668; x_wconf 87' lang='lat' dir='ltr'><strong>spatium</strong></span> <span class='ocrx_word' id='word_1_189' title='bbox 2525 2556 2806 2683; x_wconf 50' lang='grc' dir='ltr'><strong>ζῗὲζῖζξῃ,</strong></span> 
     </span>
    </p>
   </div>
   <div class='ocr_carea' id='block_1_11' title="bbox 300 2684 2764 3619">
    <p class='ocr_par' dir='ltr' id='par_1_12' title="bbox 306 2684 2716 2977">
     <span class='ocr_line' id='line_1_25' title="bbox 306 2684 2716 2770; baseline 0 -21"><span class='ocrx_word' id='word_1_190' title='bbox 306 2686 532 2751; x_wconf 90' lang='lat' dir='ltr'><strong>morbo</strong></span> <span class='ocrx_word' id='word_1_191' title='bbox 562 2687 1073 2765; x_wconf 87' lang='lat' dir='ltr'><strong>concederemus,</strong></span> <span class='ocrx_word' id='word_1_192' title='bbox 1095 2707 1221 2770; x_wconf 93' lang='lat' dir='ltr'><strong>quo</strong></span> <span class='ocrx_word' id='word_1_193' title='bbox 1245 2686 1507 2769; x_wconf 89' lang='lat' dir='ltr'><strong>sanguis</strong></span> <span class='ocrx_word' id='word_1_194' title='bbox 1529 2686 1766 2749; x_wconf 87' lang='lat' dir='ltr'><strong>calidas</strong></span> <span class='ocrx_word' id='word_1_195' title='bbox 1788 2686 1930 2750; x_wconf 91' lang='lat' dir='ltr'><strong>illas</strong></span> <span class='ocrx_word' id='word_1_196' title='bbox 1948 2686 2312 2770; x_wconf 85' lang='lat' dir='ltr'><strong>particulas,</strong></span> <span class='ocrx_word' id='word_1_197' title='bbox 2338 2708 2502 2770; x_wconf 90' lang='lat' dir='ltr'><strong>quae</strong></span> <span class='ocrx_word' id='word_1_198' title='bbox 2529 2684 2716 2735; x_wconf 67' lang='lat' dir='ltr'><strong>driacis.</strong></span> 
     </span>
     <span class='ocr_line' id='line_1_26' title="bbox 306 2790 2504 2875; baseline -0 -21"><span class='ocrx_word' id='word_1_199' title='bbox 306 2791 377 2854; x_wconf 88' lang='lat' dir='ltr'><strong>in</strong></span> <span class='ocrx_word' id='word_1_200' title='bbox 405 2792 695 2874; x_wconf 88' lang='lat' dir='ltr'><strong>pleuram</strong></span> <span class='ocrx_word' id='word_1_201' title='bbox 726 2813 801 2855; x_wconf 88' lang='lat' dir='ltr'><strong>ac</strong></span> <span class='ocrx_word' id='word_1_202' title='bbox 836 2792 1173 2874; x_wconf 89' lang='lat' dir='ltr'><strong>pulmones</strong></span> <span class='ocrx_word' id='word_1_203' title='bbox 1212 2791 1640 2873; x_wconf 86' lang='lat' dir='ltr'><strong>impegerant,</strong></span> <span class='ocrx_word' id='word_1_204' title='bbox 1673 2790 1914 2854; x_wconf 87' lang='lat' dir='ltr'><strong>sensim</strong></span> <span class='ocrx_word' id='word_1_205' title='bbox 1953 2797 2298 2869; x_wconf 82' lang='lat' dir='ltr'><strong>excuteret,</strong></span> <span class='ocrx_word' id='word_1_206' title='bbox 2335 2813 2504 2875; x_wconf 84' lang='lat' dir='ltr'><strong>sym-</strong></span> 
     </span>
     <span class='ocr_line' id='line_1_27' title="bbox 306 2892 2506 2977; baseline -0 -20"><span class='ocrx_word' id='word_1_207' title='bbox 306 2901 598 2976; x_wconf 88' lang='lat' dir='ltr'><strong>ptomata</strong></span> <span class='ocrx_word' id='word_1_208' title='bbox 622 2895 922 2957; x_wconf 85' lang='lat' dir='ltr'><strong>universa</strong></span> <span class='ocrx_word' id='word_1_209' title='bbox 951 2893 1199 2977; x_wconf 88' lang='lat' dir='ltr'><strong>placide</strong></span> <span class='ocrx_word' id='word_1_210' title='bbox 1230 2892 1523 2957; x_wconf 87' lang='lat' dir='ltr'><strong>solebant</strong></span> <span class='ocrx_word' id='word_1_211' title='bbox 1553 2913 1968 2970; x_wconf 80' lang='lat' dir='ltr'><strong>evanescere3</strong></span> <span class='ocrx_word' id='word_1_212' title='bbox 2001 2913 2150 2955; x_wconf 88' lang='lat' dir='ltr'><strong>cum</strong></span> <span class='ocrx_word' id='word_1_213' title='bbox 2181 2894 2290 2975; x_wconf 90' lang='lat' dir='ltr'><strong>qui</strong></span> <span class='ocrx_word' id='word_1_214' title='bbox 2336 2914 2506 2957; x_wconf 89' lang='lat' dir='ltr'><strong>mor·</strong></span> 
     </span>
    </p>

    <p class='ocr_par' dir='ltr' id='par_1_13' title="bbox 304 2994 2507 3385">
     <span class='ocr_line' id='line_1_28' title="bbox 306 2994 2504 3079; baseline 0 -21"><span class='ocrx_word' id='word_1_215' title='bbox 306 2995 463 3059; x_wconf 90' lang='lat' dir='ltr'><strong>bum</strong></span> <span class='ocrx_word' id='word_1_216' title='bbox 491 2996 765 3060; x_wconf 88' lang='lat' dir='ltr'><strong>ferocius</strong></span> <span class='ocrx_word' id='word_1_217' title='bbox 796 3004 989 3079; x_wconf 87' lang='lat' dir='ltr'><strong>atque</strong></span> <span class='ocrx_word' id='word_1_218' title='bbox 1028 2996 1247 3059; x_wconf 88' lang='lat' dir='ltr'><strong>hostili</strong></span> <span class='ocrx_word' id='word_1_219' title='bbox 1286 3017 1485 3058; x_wconf 88' lang='lat' dir='ltr'><strong>manu</strong></span> <span class='ocrx_word' id='word_1_220' title='bbox 1530 2995 2088 3077; x_wconf 83' lang='lat' dir='ltr'><strong>aggrediebantur,</strong></span> <span class='ocrx_word' id='word_1_221' title='bbox 2120 2994 2373 3076; x_wconf 86' lang='lat' dir='ltr'><strong>ingenti</strong></span> <span class='ocrx_word' id='word_1_222' title='bbox 2405 3015 2504 3058; x_wconf 90' lang='lat' dir='ltr'><strong>re-</strong></span> 
     </span>
     <span class='ocr_line' id='line_1_29' title="bbox 304 3095 2504 3177; baseline 0 -18"><span class='ocrx_word' id='word_1_223' title='bbox 304 3098 663 3161; x_wconf 88' lang='lat' dir='ltr'><strong>mediorum</strong></span> <span class='ocrx_word' id='word_1_224' title='bbox 702 3099 1033 3162; x_wconf 88' lang='lat' dir='ltr'><strong>molimine</strong></span> <span class='ocrx_word' id='word_1_225' title='bbox 1075 3098 1317 3162; x_wconf 90' lang='lat' dir='ltr'><strong>bellum</strong></span> <span class='ocrx_word' id='word_1_226' title='bbox 1346 3098 1716 3174; x_wconf 76' lang='lat' dir='ltr'><strong>inferenteS,</strong></span> <span class='ocrx_word' id='word_1_227' title='bbox 1746 3097 1848 3160; x_wconf 86' lang='lat' dir='ltr'><strong>vel</strong></span> <span class='ocrx_word' id='word_1_228' title='bbox 1887 3117 2032 3159; x_wconf 90' lang='lat' dir='ltr'><strong>suos</strong></span> <span class='ocrx_word' id='word_1_229' title='bbox 2065 3116 2288 3177; x_wconf 89' lang='lat' dir='ltr'><strong>aegros</strong></span> <span class='ocrx_word' id='word_1_230' title='bbox 2319 3095 2504 3159; x_wconf 85' lang='lat' dir='ltr'><strong>amit-</strong></span> 
     </span>
     <span class='ocr_line' id='line_1_30' title="bbox 305 3198 2507 3284; baseline 0 -22"><span class='ocrx_word' id='word_1_231' title='bbox 305 3206 537 3279; x_wconf 89' lang='lat' dir='ltr'><strong>terent,</strong></span> <span class='ocrx_word' id='word_1_232' title='bbox 584 3201 687 3263; x_wconf 82' lang='lat' dir='ltr'><strong>vel</strong></span> <span class='ocrx_word' id='word_1_233' title='bbox 740 3201 971 3263; x_wconf 89' lang='lat' dir='ltr'><strong>saltem</strong></span> <span class='ocrx_word' id='word_1_234' title='bbox 1028 3200 1465 3284; x_wconf 87' lang='lat' dir='ltr'><strong>phlebotomia</strong></span> <span class='ocrx_word' id='word_1_235' title='bbox 1522 3200 1774 3283; x_wconf 87' lang='lat' dir='ltr'><strong>saepius</strong></span> <span class='ocrx_word' id='word_1_236' title='bbox 1831 3198 2108 3281; x_wconf 90' lang='lat' dir='ltr'><strong>repetita</strong></span> <span class='ocrx_word' id='word_1_237' title='bbox 2154 3219 2348 3280; x_wconf 91' lang='lat' dir='ltr'><strong>quam</strong></span> <span class='ocrx_word' id='word_1_238' title='bbox 2403 3198 2507 3262; x_wconf 84' lang='lat' dir='ltr'><strong>vel</strong></span> 
     </span>
     <span class='ocr_line' id='line_1_31' title="bbox 304 3298 2503 3385; baseline -0.002 -20"><span class='ocrx_word' id='word_1_239' title='bbox 304 3302 671 3385; x_wconf 87' lang='lat' dir='ltr'><strong>postulabat</strong></span> <span class='ocrx_word' id='word_1_240' title='bbox 716 3302 925 3366; x_wconf 91' lang='lat' dir='ltr'><strong>morbi</strong></span> <span class='ocrx_word' id='word_1_241' title='bbox 978 3303 1226 3385; x_wconf 88' lang='lat' dir='ltr'><strong>genius,</strong></span> <span class='ocrx_word' id='word_1_242' title='bbox 1256 3303 1357 3366; x_wconf 87' lang='lat' dir='ltr'><strong>vel</strong></span> <span class='ocrx_word' id='word_1_243' title='bbox 1403 3302 1602 3365; x_wconf 87' lang='lat' dir='ltr'><strong>etiam</strong></span> <span class='ocrx_word' id='word_1_244' title='bbox 1651 3308 1799 3365; x_wconf 89' lang='lat' dir='ltr'><strong>tuto</strong></span> <span class='ocrx_word' id='word_1_245' title='bbox 1839 3300 2106 3377; x_wconf 88' lang='lat' dir='ltr'><strong>ferebat,</strong></span> <span class='ocrx_word' id='word_1_246' title='bbox 2153 3298 2503 3363; x_wconf 87' lang='lat' dir='ltr'><strong>eorundem</strong></span> 
     </span>
    </p>

    <p class='ocr_par' dir='ltr' id='par_1_14' title="bbox 300 3401 2764 3619">
     <span class='ocr_line' id='line_1_32' title="bbox 302 3401 2758 3487; baseline 0 -22"><span class='ocrx_word' id='word_1_247' title='bbox 302 3403 501 3467; x_wconf 82' lang='lat' dir='ltr'><strong>vitam</strong></span> <span class='ocrx_word' id='word_1_248' title='bbox 544 3405 858 3468; x_wconf 88' lang='lat' dir='ltr'><strong>redimere</strong></span> <span class='ocrx_word' id='word_1_249' title='bbox 910 3414 1313 3487; x_wconf 88' lang='lat' dir='ltr'><strong>cogerentur.</strong></span> <span class='ocrx_word' id='word_1_250' title='bbox 1405 3403 1574 3468; x_wconf 89' lang='lat' dir='ltr'><strong>Cum</strong></span> <span class='ocrx_word' id='word_1_251' title='bbox 1626 3404 1800 3467; x_wconf 91' lang='lat' dir='ltr'><strong>enim</strong></span> <span class='ocrx_word' id='word_1_252' title='bbox 1842 3403 1914 3466; x_wconf 92' lang='lat' dir='ltr'><strong>in</strong></span> <span class='ocrx_word' id='word_1_253' title='bbox 1957 3422 2107 3465; x_wconf 81' lang='lat' dir='ltr'><strong>vera</strong></span> <span class='ocrx_word' id='word_1_254' title='bbox 2148 3401 2502 3465; x_wconf 89' lang='lat' dir='ltr'><strong>Pleuritide</strong></span> <span class='ocrx_word' id='word_1_255' title='bbox 2529 3426 2758 3478; x_wconf 78' lang='lat' dir='ltr'><strong>Pleuriti-</strong></span> 
     </span>
     <span class='ocr_line' id='line_1_33' title="bbox 300 3494 2764 3619; baseline -0.001 -52"><span class='ocrx_word' id='word_1_256' title='bbox 300 3507 728 3570; x_wconf 85' lang='lat' dir='ltr'><strong>venae-sectio</strong></span> <span class='ocrx_word' id='word_1_257' title='bbox 770 3508 1044 3590; x_wconf 88' lang='lat' dir='ltr'><strong>repetita</strong></span> <span class='ocrx_word' id='word_1_258' title='bbox 1086 3528 1345 3570; x_wconf 91' lang='lat' dir='ltr'><strong>omnem</strong></span> <span class='ocrx_word' id='word_1_259' title='bbox 1386 3527 1730 3569; x_wconf 89' lang='lat' dir='ltr'><strong>numerum</strong></span> <span class='ocrx_word' id='word_1_260' title='bbox 1773 3503 2077 3578; x_wconf 89' lang='lat' dir='ltr'><strong>absolvat,</strong></span> <span class='ocrx_word' id='word_1_261' title='bbox 2119 3503 2378 3586; x_wconf 89' lang='lat' dir='ltr'><strong>solaque</strong></span> <span class='ocrx_word' id='word_1_262' title='bbox 2419 3503 2502 3566; x_wconf 87' lang='lat' dir='ltr'><strong>ad</strong></span> <span class='ocrx_word' id='word_1_263' title='bbox 2525 3494 2764 3619; x_wconf 50' lang='lat'><strong>{33:2¹⁸</strong></span> 
     </span>
    </p>
   </div>
   <div class='ocr_carea' id='block_1_12' title="bbox 302 3605 2806 3691">
    <p class='ocr_par' dir='ltr' id='par_1_15' title="bbox 302 3605 2806 3691">
     <span class='ocr_line' id='line_1_34' title="bbox 302 3605 2806 3691; baseline 0 -21"><span class='ocrx_word' id='word_1_264' title='bbox 302 3609 700 3672; x_wconf 88' lang='lat' dir='ltr'><strong>curationem</strong></span> <span class='ocrx_word' id='word_1_265' title='bbox 746 3610 1037 3687; x_wconf 89' lang='lat' dir='ltr'><strong>sufficiat,</strong></span> <span class='ocrx_word' id='word_1_266' title='bbox 1083 3610 1295 3691; x_wconf 89' lang='lat' dir='ltr'><strong>(modo</strong></span> <span class='ocrx_word' id='word_1_267' title='bbox 1342 3630 1476 3672; x_wconf 91' lang='lat' dir='ltr'><strong>non</strong></span> <span class='ocrx_word' id='word_1_268' title='bbox 1511 3608 1879 3671; x_wconf 88' lang='lat' dir='ltr'><strong>obstiterint</strong></span> <span class='ocrx_word' id='word_1_269' title='bbox 1922 3605 2390 3669; x_wconf 86' lang='lat' dir='ltr'><strong>medicamenta</strong></span> <span class='ocrx_word' id='word_1_270' title='bbox 2433 3612 2498 3669; x_wconf 90' lang='lat' dir='ltr'><strong>et</strong></span> <span class='ocrx_word' id='word_1_271' title='bbox 2524 3636 2806 3670; x_wconf 69' lang='lat' dir='ltr'><strong>venae-see-</strong></span> 
     </span>
    </p>
   </div>
   <div class='ocr_carea' id='block_1_13' title="bbox 300 3692 2812 3797">
    <p class='ocr_par' dir='ltr' id='par_1_16' title="bbox 300 3692 2812 3797">
     <span class='ocr_line' id='line_1_35' title="bbox 300 3692 2812 3797; baseline 0.001 -25"><span class='ocrx_word' id='word_1_272' title='bbox 300 3710 591 3793; x_wconf 86' lang='lat' dir='ltr'><strong>regimen</strong></span> <span class='ocrx_word' id='word_1_273' title='bbox 631 3712 951 3789; x_wconf 88' lang='lat' dir='ltr'><strong>calidiora,</strong></span> <span class='ocrx_word' id='word_1_274' title='bbox 1000 3734 1163 3796; x_wconf 89' lang='lat' dir='ltr'><strong>quae</strong></span> <span class='ocrx_word' id='word_1_275' title='bbox 1204 3718 1431 3776; x_wconf 86' lang='lat' dir='ltr'><strong>contra</strong></span> <span class='ocrx_word' id='word_1_276' title='bbox 1470 3711 1800 3791; x_wconf 89' lang='lat' dir='ltr'><strong>militant‚)</strong></span> <span class='ocrx_word' id='word_1_277' title='bbox 1843 3729 1922 3774; x_wconf 89' lang='lat' dir='ltr'><strong>ex</strong></span> <span class='ocrx_word' id='word_1_278' title='bbox 1965 3709 2226 3772; x_wconf 83' lang='lat' dir='ltr'><strong>adverso</strong></span> <span class='ocrx_word' id='word_1_279' title='bbox 2269 3708 2340 3771; x_wconf 89' lang='lat' dir='ltr'><strong>in</strong></span> <span class='ocrx_word' id='word_1_280' title='bbox 2375 3708 2498 3771; x_wconf 92' lang='lat' dir='ltr'><strong>hoc</strong></span> <span class='ocrx_word' id='word_1_281' title='bbox 2522 3692 2652 3797; x_wconf 50' lang='grc' dir='ltr'><strong>ξζξξθ</strong></span> <span class='ocrx_word' id='word_1_282' title='bbox 2673 3701 2812 3735; x_wconf 68' lang='lat'><strong>⁰⁰¹⁸*</strong></span> 
     </span>
    </p>
   </div>
   <div class='ocr_carea' id='block_1_14' title="bbox 302 3813 2707 3901">
    <p class='ocr_par' dir='ltr' id='par_1_17' title="bbox 302 3813 2707 3901">
     <span class='ocr_line' id='line_1_36' title="bbox 302 3813 2707 3901; baseline -0.001 -19"><span class='ocrx_word' id='word_1_283' title='bbox 302 3826 729 3901; x_wconf 86' lang='lat' dir='ltr'><strong>symptomate</strong></span> <span class='ocrx_word' id='word_1_284' title='bbox 777 3819 933 3881; x_wconf 87' lang='lat' dir='ltr'><strong>satis</strong></span> <span class='ocrx_word' id='word_1_285' title='bbox 979 3824 1116 3881; x_wconf 88' lang='lat' dir='ltr'><strong>erat</strong></span> <span class='ocrx_word' id='word_1_286' title='bbox 1169 3818 1384 3895; x_wconf 87' lang='lat' dir='ltr'><strong>semel,</strong></span> <span class='ocrx_word' id='word_1_287' title='bbox 1429 3817 1530 3880; x_wconf 87' lang='lat' dir='ltr'><strong>vel</strong></span> <span class='ocrx_word' id='word_1_288' title='bbox 1575 3824 1651 3878; x_wconf 87' lang='lat' dir='ltr'><strong>ut</strong></span> <span class='ocrx_word' id='word_1_289' title='bbox 1700 3815 2052 3898; x_wconf 87' lang='lat' dir='ltr'><strong>plurimum</strong></span> <span class='ocrx_word' id='word_1_290' title='bbox 2103 3813 2223 3891; x_wconf 90' lang='lat' dir='ltr'><strong>bis,</strong></span> <span class='ocrx_word' id='word_1_291' title='bbox 2268 3834 2498 3876; x_wconf 86' lang='lat' dir='ltr'><strong>venam</strong></span> <span class='ocrx_word' id='word_1_292' title='bbox 2527 3831 2586 3878; x_wconf 85' lang='lat' dir='ltr'><strong>In</strong></span> <span class='ocrx_word' id='word_1_293' title='bbox 2617 3831 2707 3879; x_wconf 80' lang='lat' dir='ltr'><strong>hae</strong></span> 
     </span>
    </p>
   </div>
   <div class='ocr_carea' id='block_1_15' title="bbox 299 3895 2791 4016">
    <p class='ocr_par' dir='ltr' id='par_1_18' title="bbox 299 3895 2791 4016">
     <span class='ocr_line' id='line_1_37' title="bbox 299 3895 2791 4016; baseline -0 -33"><span class='ocrx_word' id='word_1_294' title='bbox 299 3940 563 3999; x_wconf 86' lang='lat' dir='ltr'><strong>secasse,</strong></span> <span class='ocrx_word' id='word_1_295' title='bbox 594 3921 788 3984; x_wconf 92' lang='lat' dir='ltr'><strong>modo</strong></span> <span class='ocrx_word' id='word_1_296' title='bbox 820 3942 1010 4003; x_wconf 88' lang='lat' dir='ltr'><strong>aegro</strong></span> <span class='ocrx_word' id='word_1_297' title='bbox 1033 3920 1487 3983; x_wconf 88' lang='lat' dir='ltr'><strong>concederetur</strong></span> <span class='ocrx_word' id='word_1_298' title='bbox 1516 3925 1591 3981; x_wconf 92' lang='lat' dir='ltr'><strong>ut</strong></span> <span class='ocrx_word' id='word_1_299' title='bbox 1622 3940 1658 3981; x_wconf 89' lang='lat' dir='ltr'><strong>e</strong></span> <span class='ocrx_word' id='word_1_300' title='bbox 1677 3918 1845 3981; x_wconf 89' lang='lat' dir='ltr'><strong>lecto</strong></span> <span class='ocrx_word' id='word_1_301' title='bbox 1875 3923 2213 3998; x_wconf 86' lang='lat' dir='ltr'><strong>exurgeret</strong></span> <span class='ocrx_word' id='word_1_302' title='bbox 2243 3922 2310 3978; x_wconf 88' lang='lat' dir='ltr'><strong>et</strong></span> <span class='ocrx_word' id='word_1_303' title='bbox 2337 3923 2499 3997; x_wconf 93' lang='lat' dir='ltr'><strong>potu</strong></span> <span class='ocrx_word' id='word_1_304' title='bbox 2525 3895 2690 4016; x_wconf 45' lang='grc' dir='ltr'><strong>ἓξὲξ,</strong></span> <span class='ocrx_word' id='word_1_305' title='bbox 2715 3961 2791 4008; x_wconf 79' lang='lat' dir='ltr'><strong>vel</strong></span> 
     </span>
    </p>
   </div>
   <div class='ocr_carea' id='block_1_16' title="bbox 298 4016 2776 4145">
    <p class='ocr_par' dir='ltr' id='par_1_19' title="bbox 298 4016 2776 4145">
     <span class='ocr_line' id='line_1_38' title="bbox 298 4016 2776 4145; baseline 0.008 -60"><span class='ocrx_word' id='word_1_306' title='bbox 298 4023 704 4105; x_wconf 85' lang='lat' dir='ltr'><strong>refrigeranti</strong></span> <span class='ocrx_word' id='word_1_307' title='bbox 746 4030 1054 4086; x_wconf 87' lang='lat' dir='ltr'><strong>uteretur.</strong></span> <span class='ocrx_word' id='word_1_308' title='bbox 1166 4022 1371 4085; x_wconf 89' lang='lat' dir='ltr'><strong>Nulla</strong></span> <span class='ocrx_word' id='word_1_309' title='bbox 1428 4027 1648 4084; x_wconf 88' lang='lat' dir='ltr'><strong>autem</strong></span> <span class='ocrx_word' id='word_1_310' title='bbox 1695 4019 1965 4103; x_wconf 90' lang='lat' dir='ltr'><strong>cogebat</strong></span> <span class='ocrx_word' id='word_1_311' title='bbox 2023 4017 2370 4082; x_wconf 84' lang='lat' dir='ltr'><strong>necessitas</strong></span> <span class='ocrx_word' id='word_1_312' title='bbox 2422 4016 2498 4098; x_wconf 80' lang='lat' dir='ltr'><strong>(Si</strong></span> <span class='ocrx_word' id='word_1_313' title='bbox 2524 4024 2776 4145; x_wconf 51' lang='lat' dir='ltr'><strong>iiatuffiussii,</strong></span> 
     </span>
    </p>
   </div>
   <div class='ocr_carea' id='block_1_17' title="bbox 299 4118 2792 4207">
    <p class='ocr_par' dir='ltr' id='par_1_20' title="bbox 299 4118 2792 4207">
     <span class='ocr_line' id='line_1_39' title="bbox 299 4118 2792 4207; baseline 0.001 -19"><span class='ocrx_word' id='word_1_314' title='bbox 299 4123 465 4189; x_wconf 90' lang='lat' dir='ltr'><strong>bene</strong></span> <span class='ocrx_word' id='word_1_315' title='bbox 509 4125 1015 4206; x_wconf 88' lang='lat' dir='ltr'><strong>observaverim,)</strong></span> <span class='ocrx_word' id='word_1_316' title='bbox 1066 4125 1449 4207; x_wconf 87' lang='lat' dir='ltr'><strong>sanguinem</strong></span> <span class='ocrx_word' id='word_1_317' title='bbox 1494 4124 1746 4206; x_wconf 88' lang='lat' dir='ltr'><strong>saepius</strong></span> <span class='ocrx_word' id='word_1_318' title='bbox 1798 4123 2084 4198; x_wconf 90' lang='lat' dir='ltr'><strong>educere,</strong></span> <span class='ocrx_word' id='word_1_319' title='bbox 2131 4120 2258 4183; x_wconf 87' lang='lat' dir='ltr'><strong>nisi</strong></span> <span class='ocrx_word' id='word_1_320' title='bbox 2301 4118 2416 4182; x_wconf 90' lang='lat' dir='ltr'><strong>ubi</strong></span> <span class='ocrx_word' id='word_1_321' title='bbox 2459 4138 2500 4183; x_wconf 84' lang='lat' dir='ltr'><strong>a</strong></span> <span class='ocrx_word' id='word_1_322' title='bbox 2524 4166 2696 4199; x_wconf 76' lang='lat' dir='ltr'><strong>venam</strong></span> <span class='ocrx_word' id='word_1_323' title='bbox 2713 4168 2792 4201; x_wconf 74' lang='lat' dir='ltr'><strong>se-</strong></span> 
     </span>
    </p>
   </div>
   <div class='ocr_carea' id='block_1_18' title="bbox 298 4218 2795 4327">
    <p class='ocr_par' dir='ltr' id='par_1_21' title="bbox 298 4218 2795 4327">
     <span class='ocr_line' id='line_1_40' title="bbox 298 4218 2795 4327; baseline -0.005 -36"><span class='ocrx_word' id='word_1_324' title='bbox 298 4228 505 4291; x_wconf 90' lang='lat' dir='ltr'><strong>calore</strong></span> <span class='ocrx_word' id='word_1_325' title='bbox 548 4228 703 4291; x_wconf 87' lang='lat' dir='ltr'><strong>foris</strong></span> <span class='ocrx_word' id='word_1_326' title='bbox 748 4228 1090 4292; x_wconf 89' lang='lat' dir='ltr'><strong>accedente</strong></span> <span class='ocrx_word' id='word_1_327' title='bbox 1136 4227 1479 4291; x_wconf 89' lang='lat' dir='ltr'><strong>admodum</strong></span> <span class='ocrx_word' id='word_1_328' title='bbox 1522 4226 1969 4289; x_wconf 89' lang='lat' dir='ltr'><strong>intenderetur</strong></span> <span class='ocrx_word' id='word_1_329' title='bbox 2028 4223 2275 4286; x_wconf 89' lang='lat' dir='ltr'><strong>dictum</strong></span> <span class='ocrx_word' id='word_1_330' title='bbox 2325 4242 2496 4304; x_wconf 83' lang='lat' dir='ltr'><strong>sym-</strong></span> <span class='ocrx_word' id='word_1_331' title='bbox 2519 4230 2656 4327; x_wconf 48' lang='grc' dir='ltr'><strong>ἓξὲξ</strong></span> <span class='ocrx_word' id='word_1_332' title='bbox 2678 4218 2795 4264; x_wconf 57' lang='lat'><strong>⁸⁸5⁸</strong></span> 
     </span>
    </p>
   </div>
   <div class='ocr_carea' id='block_1_19' title="bbox 296 4321 2810 4517">
    <p class='ocr_par' dir='ltr' id='par_1_22' title="bbox 296 4321 2810 4517">
     <span class='ocr_line' id='line_1_41' title="bbox 296 4321 2494 4413; baseline -0.004 -19"><span class='ocrx_word' id='word_1_333' title='bbox 296 4338 520 4413; x_wconf 86' lang='lat' dir='ltr'><strong>ptoma</strong></span> <span class='ocrx_word' id='word_1_334' title='bbox 536 4356 555 4407; x_wconf 92' lang='lat'>;</span> <span class='ocrx_word' id='word_1_335' title='bbox 600 4351 809 4413; x_wconf 90' lang='lat' dir='ltr'><strong>neque</strong></span> <span class='ocrx_word' id='word_1_336' title='bbox 840 4330 1035 4393; x_wconf 84' lang='lat' dir='ltr'><strong>etiam</strong></span> <span class='ocrx_word' id='word_1_337' title='bbox 1064 4330 1134 4393; x_wconf 88' lang='lat' dir='ltr'><strong>in</strong></span> <span class='ocrx_word' id='word_1_338' title='bbox 1164 4330 1287 4393; x_wconf 92' lang='lat' dir='ltr'><strong>hoc</strong></span> <span class='ocrx_word' id='word_1_339' title='bbox 1321 4351 1476 4392; x_wconf 90' lang='lat' dir='ltr'><strong>casu</strong></span> <span class='ocrx_word' id='word_1_340' title='bbox 1502 4328 1787 4412; x_wconf 90' lang='lat' dir='ltr'><strong>periculo</strong></span> <span class='ocrx_word' id='word_1_341' title='bbox 1817 4326 1884 4390; x_wconf 91' lang='lat' dir='ltr'><strong>id</strong></span> <span class='ocrx_word' id='word_1_342' title='bbox 1915 4325 2180 4389; x_wconf 88' lang='lat' dir='ltr'><strong>omnino</strong></span> <span class='ocrx_word' id='word_1_343' title='bbox 2209 4321 2494 4387; x_wconf 85' lang='lat' dir='ltr'><strong>vacabat.</strong></span> 
     </span>
     <span class='ocr_line' id='line_1_42' title="bbox 388 4425 2810 4517; baseline -0.005 -21"><span class='ocrx_word' id='word_1_344' title='bbox 388 4431 512 4517; x_wconf 90' lang='lat'><strong>[9.]</strong></span> <span class='ocrx_word' id='word_1_345' title='bbox 564 4434 755 4496; x_wconf 86' lang='lat' dir='ltr'><strong>Hanc</strong></span> <span class='ocrx_word' id='word_1_346' title='bbox 793 4434 929 4515; x_wconf 85' lang='lat' dir='ltr'><strong>jam</strong></span> <span class='ocrx_word' id='word_1_347' title='bbox 974 4442 1201 4495; x_wconf 74' lang='lat' dir='ltr'><strong>nactus</strong></span> <span class='ocrx_word' id='word_1_348' title='bbox 1248 4454 1489 4509; x_wconf 83' lang='lat' dir='ltr'><strong>ansam,</strong></span> <span class='ocrx_word' id='word_1_349' title='bbox 1528 4431 1802 4515; x_wconf 87' lang='lat' dir='ltr'><strong>paucula</strong></span> <span class='ocrx_word' id='word_1_350' title='bbox 1840 4429 1919 4492; x_wconf 92' lang='lat' dir='ltr'><strong>de</strong></span> <span class='ocrx_word' id='word_1_351' title='bbox 1965 4449 2041 4492; x_wconf 91' lang='lat' dir='ltr'><strong>eo</strong></span> <span class='ocrx_word' id='word_1_352' title='bbox 2080 4426 2288 4489; x_wconf 89' lang='lat' dir='ltr'><strong>dicam</strong></span> <span class='ocrx_word' id='word_1_353' title='bbox 2326 4425 2496 4508; x_wconf 90' lang='lat' dir='ltr'><strong>quod</strong></span> <span class='ocrx_word' id='word_1_354' title='bbox 2525 4438 2601 4485; x_wconf 84' lang='lat' dir='ltr'><strong>De</strong></span> <span class='ocrx_word' id='word_1_355' title='bbox 2621 4437 2810 4486; x_wconf 84' lang='lat' dir='ltr'><strong>Pleure-</strong></span> 
     </span>
    </p>
   </div>
  </div>
 </body>
</html>
