3138 5006
699 276 831 339 342
1320 276 1710 342 THOMAE
1757 275 2276 343 SYDENHAM

396 446 482 494 Da
504 447 670 494 vnu-
698 440 949 499 nator-es
1010 436 1109 519 (ut
1160 456 1311 499 cum
1358 435 1669 502 Cicerone
1731 438 1961 522 [Acad.
2009 440 2259 513 Quaest.
2303 439 2387 502 iv.
2433 439 2572 522 20.]
2624 438 2912 521 loquar,)

394 512 673 626 οζζζξζξ“
698 538 771 601 in
820 540 1269 604 controversiis
1318 560 1479 623 pure
1528 541 1954 623 speculativis,
2009 541 2314 624 gradibus
2365 542 2467 606 vel
2521 541 2750 625 spatiis
2805 541 2916 603 in·

698 639 921 719 finitis,
990 647 1309 724 quantum
1376 642 1677 725 cuiquam
1744 643 1946 727 possit
2013 642 2437 723 innotescere,
2507 665 2547 707 a
2612 643 2912 707 veritatis

700 764 890 825 scopo
940 742 1284 820 aberrent3
1358 764 1509 807 cum
1556 744 1670 828 qui
1721 744 1804 809 ad
1855 745 1968 810 illa
2015 750 2278 809 tantum
2329 745 2712 829 applicuerit
2765 744 2912 809 ani-

697 867 881 909 mum
940 866 1105 929 quae
1158 846 1371 929 praxis
1422 852 1600 911 certo
1649 847 2080 912 determinare
2139 855 2353 932 queat,
2403 849 2460 911 si
2519 847 2677 931 quid
2735 846 2912 912 forte

697 948 894 1013 fuerit
938 949 1392 1028 hallucinatus,
1444 951 1626 1014 nullo
1675 951 1938 1035 negotio
1985 952 2066 1017 ab
2111 972 2325 1016 errore
2373 950 2805 1029 liberabitur„
2823 950 2911 1013 ad

698 1050 867 1115 hanc
919 1072 1041 1115 ceu
1091 1051 1175 1115 ad
1231 1051 1515 1135 Lydium
1564 1051 1870 1135 lapidem¹
1919 1052 2229 1137 probatis,
2277 1074 2436 1136 quas
2481 1053 2701 1117 animo
2751 1072 2908 1117 con-

700 1160 975 1236 ceperat,
1020 1174 1239 1217 rerum
1282 1154 1463 1218 ideis.
1551 1156 1730 1219 Nam
1775 1155 1846 1219 in
1879 1156 2004 1220 hoc
2041 1162 2266 1220 nostro
2312 1156 2595 1238 negoti0,
2635 1177 2725 1219 an
2767 1176 2912 1218 non

699 1256 861 1319 mihi
888 1256 1039 1320 licet
1068 1256 1403 1321 observare
1444 1279 1511 1321 a.
1531 1278 1658 1341 quo
1695 1258 1974 1323 maxime
2009 1259 2326 1341 regimine
2355 1258 2648 1322 adhibito
2675 1258 2910 1321 mitius

700 1364 815 1421 aut
861 1360 1109 1423 saevius
1155 1359 1565 1424 Variolarum
1605 1382 1810 1443 genus
1852 1361 2262 1446 producatur,
2301 1368 2499 1445 atque
2543 1360 2706 1425 adeo
2749 1380 2908 1424 con-

698 1461 971 1526 formem
1007 1462 1104 1526 rei
1144 1462 1503 1527 evidentiae
1532 1464 1924 1528 sententiam
1961 1465 2180 1528 animo
2207 1463 2563 1547 producere
2583 1464 2614 1525 ?
2707 1461 2910 1529 Quod

699 1564 756 1628 si
813 1563 923 1627 alii
978 1565 1153 1629 idem
1209 1564 1662 1644 factitaverint,
1725 1566 1878 1629 satis
1937 1565 2188 1631 habeo:
2263 1564 2746 1649 iniquissimum
2805 1574 2911 1630 est

698 1672 937 1745 autem,
968 1688 1119 1730 cum
1157 1687 1243 1731 ne
1286 1668 1484 1732 semel
1520 1668 1780 1752 quidem
1821 1690 1941 1752 per
1983 1690 2245 1733 omnem
2271 1668 2472 1731 vitam
2513 1667 2764 1731 fixerint
2793 1688 2908 1731 ex-

696 1768 865 1851 perti
908 1778 1227 1853 quantum
1270 1791 1461 1854 aegro
1494 1770 1696 1854 prosit
1737 1778 2042 1835 noceatve
2077 1772 2217 1856 jam
2255 1791 2448 1853 saepe
2475 1776 2842 1834 memorata
2869 1792 2908 1835 e

697 1872 867 1938 lecto
916 1874 1201 1939 interdiu
1244 1874 1639 1954 immunitas,
1691 1896 1797 1939 me
1847 1882 2161 1960 tanquam
2209 1874 2543 1937 falsarium
2595 1874 2906 1937 conviciis

696 1976 1122 2060 proscindere.
1212 1977 1406 2043 Quod
1448 1978 1505 2041 si
1538 1980 1675 2063 jam
1710 1978 1864 2042 olim
1891 1998 2060 2056 vera,
2089 1978 2241 2041 licet
2283 1975 2724 2059 inopinabilia,
2755 1997 2906 2040 sen-

696 2078 933 2143 tientes
976 2080 1414 2145 calmnniandi
1456 2080 1656 2145 libido
1697 2080 2104 2158 obtinuisset,
2147 2100 2342 2143 nemo
2378 2078 2726 2162 quicquam
2755 2086 2904 2142 ten-

697 2188 897 2245 tasset
926 2203 1055 2265 quo
1084 2184 1348 2247 invento
1376 2184 1671 2249 homines
1693 2184 1906 2267 juvari
1933 2183 2202 2265 possint.
2283 2182 2374 2246 Et
2403 2202 2558 2245 sane
2589 2202 2906 2263 quorsum

696 2304 819 2366 ego
845 2284 963 2349 has
990 2286 1154 2348 mihi
1180 2286 1559 2351 facesserem
1585 2287 1930 2364 molestias,
1962 2285 2089 2348 nisi
2115 2285 2392 2368 repetita
2419 2304 2608 2366 saepe
2653 2289 2722 2346 et
2763 2282 2908 2346 fere

696 2387 1073 2470 quotidiana
1122 2389 1517 2471 experientia
1575 2390 1743 2454 hanc
1788 2388 2170 2453 methodum
2227 2384 2478 2469 vulgari
2523 2386 2652 2449 ista
2700 2386 2906 2467 longe

694 2490 1002 2556 tutiorem
1049 2513 1187 2556 esse
1232 2491 1659 2558 inclamaret?
1747 2492 1904 2558 Non
1963 2513 2108 2555 sum
2169 2511 2376 2574 usque
2433 2488 2595 2555 adeo
2655 2487 2906 2554 delirus

696 2600 891 2676 atque
936 2593 1122 2678 inops
1170 2597 1428 2674 mentis,
1482 2603 1556 2660 ut
1607 2596 1848 2660 famam
1891 2595 2053 2658 mihi
2103 2613 2408 2676 quaeram
2443 2592 2526 2656 ab
2567 2592 2908 2674 exagitata

696 2702 891 2779 atque
920 2697 1175 2780 explosa
1202 2719 1427 2762 eorum
1462 2698 1782 2782 opinione,
1815 2698 1946 2781 qui,
1978 2697 2032 2759 si
2069 2695 2368 2779 plausum
2395 2715 2683 2772 venarer,
2713 2695 2905 2758 omni

692 2797 999 2884 obsequio
1042 2801 1206 2865 mihi
1254 2801 1583 2866 ambiendi
1631 2809 1854 2880 erant3
1920 2821 2134 2882 neque
2161 2797 2444 2862 malitiae
2487 2803 2626 2860 tam
2675 2796 2902 2880 deplo-

691 2908 871 2966 ratae
921 2904 1223 2988 cuiquam
1271 2905 1471 2970 videri
1520 2905 1779 2988 possim,
1827 2909 1907 2967 ut
1954 2901 2344 2978 hominibus,
2385 2899 2582 2964 etiam
2625 2898 2904 2963 saeculis

692 3005 1195 3088 aliquammultis
1251 3015 1397 3091 post
1446 3029 1595 3071 mea
1641 3005 1778 3070 fata
1833 3005 2194 3082 nascituris,
2245 3025 2327 3067 cx
2382 3023 2530 3066 mea
2593 3001 2671 3085 (si
2729 3023 2904 3084 quae

691 3107 813 3170 erit
855 3108 1010 3190 illa,)
1046 3109 1437 3173 authoritate
1479 3109 1743 3173 insidias
1787 3117 2051 3186 struam,
2089 3113 2158 3171 et
2184 3107 2288 3170 vel
2329 3111 2644 3183 mortuus,
2695 3103 2904 3186 (quod

688 3206 920 3272 horreo
974 3210 1302 3292 referens,)
1364 3211 1632 3294 perinde
1698 3231 1774 3276 ac
1829 3212 2030 3289 vivus,
2087 3209 2230 3274 illos
2297 3207 2604 3272 occidam.
2713 3206 2892 3289 [24]

692 3310 863 3374 Utut
908 3313 1011 3390 sit,
1056 3313 1178 3377 hac
1224 3334 1343 3396 ego
1386 3316 1696 3381 methodo
1745 3337 1922 3380 meos
1971 3315 2171 3398 ipsius
2216 3313 2452 3376 liberos
2461 3322 2529 3390 ¹¹¹,
2577 3310 2904 3392 sanguine

688 3420 754 3476 et
814 3415 1288 3499 propinquitate
1346 3418 1904 3502 conjunctissimos
1965 3437 2270 3501 quosque,
2325 3420 2392 3478 et
2443 3419 2764 3498 quotquot
2821 3433 2902 3476 se

380 3528 660 3604 pognqatici
686 3517 848 3580 mihi
892 3517 1093 3584 libere
1143 3520 1594 3603 permiserunt,
1642 3521 1908 3586 omnino
1959 3519 2195 3584 curavi.
2289 3517 2362 3581 Si
2401 3516 2560 3600 quid
2601 3515 2900 3598 delique-

377 3594 614 3719 ffaeffiff
686 3621 829 3700 rim,
875 3623 945 3685 in
992 3643 1067 3687 eo
1110 3647 1152 3687 a
1193 3646 1298 3688 me
1349 3632 1635 3688 erratum
1679 3632 1797 3703 est,
1845 3623 2017 3707 quod
2074 3622 2434 3687 obstinatae
2485 3626 2900 3684 contra-sen-

684 3722 991 3787 tientium
1040 3725 1446 3808 pertinaciae,
1495 3747 1581 3790 ne
1627 3726 1828 3790 durus
1881 3747 1955 3791 ac
1997 3725 2392 3809 praefractus
2437 3722 2726 3800 haberer,
2775 3721 2900 3784 ali·

687 3829 937 3913 quoties
980 3831 1177 3908 cessi3
1224 3836 1417 3914 atque
1458 3831 1582 3894 hac
1625 3831 1706 3894 de
1747 3851 1820 3894 re
1863 3851 2087 3894 eorum
2127 3828 2326 3892 fidem
2365 3826 2614 3910 appello
2655 3822 2900 3908 quibus

684 3933 962 3998 maxime
1011 3933 1431 3997 familiaribus
1489 3955 1647 3997 usus
1699 3954 1864 3996 sum.
1987 3931 2117 3996 Sed
2173 3931 2298 3996 hoc
2349 3931 2433 3994 ad
2489 3927 2900 3992 infelicitatis

683 4057 866 4100 meae
902 4035 1238 4100 cumulum
1274 4034 1557 4112 accessit,
1606 4033 1780 4116 quod
1823 4031 2180 4116 aliquoties,
2211 4030 2407 4096 etiam
2444 4028 2560 4092 ubi
2601 4035 2902 4096 astantes

684 4163 762 4206 ea
792 4164 956 4226 quae
987 4163 1311 4206 suaseram
1340 4139 1558 4204 omnia
1592 4159 1708 4224 per
1744 4138 2073 4221 integrum
2101 4136 2310 4201 morbi
2339 4156 2601 4200 cursum
2629 4135 2902 4200 fuerant

750 4353 761 4382 ¹
798 4355 997 4417 Lydium
1022 4351 1143 4414 lap]
1168 4353 1199 4401 i.
1226 4367 1263 4400 e.
1293 4354 1546 4404 coticulam,
1572 4365 1662 4411 qua
1681 4349 1742 4408 fit
1893 4353 1927 4376 ¹²
1963 4345 2040 4393 Cf.
2075 4361 2183 4408 sup.
2217 4360 2262 4407 p.
2295 4345 2402 4391 150.
2421 4357 2490 4400 n.,
2539 4341 2648 4390 152.
2671 4353 2753 4396 ας
2793 4341 2900 4388 Ob-

683 4421 789 4491 aus-z·
810 4420 882 4465 vel
893 4421 1077 4492 argenti
1090 4421 1452 4477 experimentum.
1492 4414 1568 4462 Cf.
1591 4413 1738 4461 Eras-
1829 4429 1943 4460 serv.
1973 4412 2098 4458 Med.
2123 4411 2185 4458 iv.
2211 4411 2256 4456 6.
2287 4409 2361 4456 12.

682 4497 752 4528 mi
778 4485 930 4544 Δάας.
955 4497 987 4528 1.
1016 4483 1058 4527 5.
1087 4480 1164 4530 87.
