3138 5006
725 275 1222 344 SCHEDULA
1266 276 1802 344 MONITORIA
1846 278 1905 342 Ι.
2282 279 2415 344 489

217 439 465 524 quando
502 439 839 520 recedunt,
870 439 1309 525 squammulas
1336 439 1493 505 istas
1520 440 1917 506 furfiiraceas
1947 459 2112 525 quae
2139 438 2212 505 in
2239 449 2408 506 mor·
2435 454 2522 502 Du
2525 452 2646 504 Nov
2615 469 2719 505 vu

214 545 377 610 billis
412 553 773 611 cernuntur
797 545 977 610 haud
1012 546 1428 628 relinquunt:
1472 545 1630 610 licet
1663 546 1786 612 hae
1829 550 2060 629 sponte
2099 565 2220 610 sua
2243 566 2408 610 non·
2434 583 2461 632 1
2470 519 2716 658 ἓξὲξ-3,,

213 670 543 732 nunquam
586 649 917 732 ingruant,
969 648 1219 732 saepius
1264 653 1487 712 tamen
1530 648 1686 713 lecti
1731 648 1942 713 calore
1987 653 2056 712 et
2100 647 2408 712 cardiacis

212 758 689 835 extorquentur.
779 751 1039 834 Lingua
1066 751 1263 834 aegri,
1294 772 1413 836 pro
1444 751 1698 816 ratione
1725 750 2024 835 imperati
2047 749 2408 834 regiminis,

211 855 307 918 vel
344 854 613 920 humida
655 860 757 919 est
795 855 898 918 vel
941 855 1141 919 sicca:
1193 853 1311 918 ubi
1346 855 1681 934 inaruerit,
1721 854 1889 919 fusci
1922 860 2022 918 est
2065 852 2294 919 coloris
2335 852 2410 916 ιιι

210 957 437 1035 medio,
482 978 677 1041 quam
734 964 988 1043 partem
1046 957 1335 1041 undique
1393 958 1598 1042 cingit
1655 956 1912 1022 fimbria
1965 955 2406 1033 inalbescens3

209 1059 319 1125 ubi
361 1079 511 1125 vero
556 1060 827 1124 humida
871 1067 970 1125 est
1008 1060 1255 1144 lingua,
1297 1060 1479 1125 omni
1523 1081 1606 1124 ex
1644 1066 1830 1144 parte
1871 1058 2019 1124 alba
2059 1065 2180 1137 est,
2223 1057 2405 1141 pelli-

207 1162 348 1226 cula
380 1162 540 1226 item
586 1162 812 1228 scabra
848 1169 917 1227 et
961 1162 1111 1228 alba
1150 1163 1419 1228 vestita:
1464 1184 1622 1228 nam
1665 1162 1721 1226 si
1763 1183 1954 1246 aeger
1989 1162 2070 1228 ab
2116 1159 2406 1226 adhibito

205 1265 514 1380 regimine
541 1266 687 1349 plus
711 1267 889 1350 justo
916 1266 1283 1346 incalescat,
1312 1266 1541 1350 lingua
1573 1265 1709 1330 fere
1747 1273 1846 1331 est
1881 1266 2064 1330 fusca
2091 1269 2160 1329 et
2187 1262 2404 1341 arida,

205 1365 302 1430 sin
344 1367 581 1446 minus,
610 1367 881 1432 humida
914 1375 1015 1432 est
1057 1375 1124 1434 et
1166 1368 1331 1433 alba.
1424 1368 1614 1433 Idem
1657 1368 1740 1433 de
1781 1369 2014 1432 sudore
2057 1365 2406 1431 dicendum

204 1477 321 1548 est,
350 1471 463 1554 qui
489 1491 607 1554 pro
644 1471 897 1536 ratione
937 1471 1173 1536 diversi
1208 1470 1541 1555 regiminis
1577 1471 1850 1555 praefati
1878 1470 2203 1535 dimanat.
2248 1489 2406 1532 nam

204 1572 259 1636 si
302 1572 571 1636 calidius
620 1579 939 1638 tractetur
983 1595 1192 1658 aeger,
1239 1574 1443 1638 ferme
1488 1575 1771 1639 viscosus
1822 1573 2046 1652 effluit,
2093 1593 2132 1636 e
2176 1570 2404 1656 capitis

201 1675 577 1757 praesertim
606 1675 887 1758 regione.
966 1676 1399 1742 Quantumvis
1430 1684 1652 1742 autem
1679 1676 1876 1742 sudor
1904 1675 2156 1760 copiose
2183 1667 2250 1737 et'
2279 1694 2402 1736 un-

204 1777 536 1861 dequaque
576 1785 893 1863 erumpat,
924 1800 1155 1863 parum
1193 1785 1417 1844 tamen
1456 1801 1536 1843 ex
1576 1799 1652 1843 eo
1697 1779 2030 1843 levaminis
2071 1778 2268 1842 sentit
2298 1797 2403 1840 ae-

202 1901 353 1962 ger,
398 1881 575 1946 unde
602 1881 808 1965 liquet
831 1882 1149 1967 ejusmodi
1178 1881 1443 1947 sudores
1472 1881 1994 1966 symptomaticos
2023 1886 2285 1945 tantum
2305 1899 2404 1942 es-

202 2003 288 2060 se,
313 1981 565 2048 criticos
594 2003 731 2048 non
754 2005 913 2049 esse.
959 1985 1195 2049 Primis
1222 1985 1434 2050 morbi
1454 1985 1702 2064 diebus,
1725 1984 1976 2050 sudoris
1998 2005 2078 2049 ex
2099 1991 2238 2048 arte
2257 2003 2404 2067 pro-

199 2084 447 2148 vocatio
482 2085 823 2148 materiam
862 2085 1263 2150 morbificam
1305 2086 1360 2150 si
1394 2108 1531 2151 non
1568 2087 1642 2150 in
1681 2093 1894 2170 caput,
1926 2085 2156 2150 saltem
2193 2084 2267 2147 in
2303 2104 2404 2148 ar-

198 2191 327 2264 tus,
360 2184 607 2249 solebat
636 2185 997 2270 deponere3
1044 2195 1112 2252 at
1146 2188 1263 2253 ubi
1293 2190 1433 2275 jam
1462 2197 1657 2274 caput
1693 2189 1917 2254 Febris
1953 2188 2305 2272 occupavit,
2337 2193 2406 2252 et

197 2288 529 2370 phrenesis
584 2291 787 2354 semel
842 2291 1135 2373 invaluit,
1186 2294 1371 2360 nulla
1421 2301 1674 2360 restant
1723 2293 1921 2358 febris
1969 2292 2228 2371 indicia,
2278 2291 2404 2358 nisi

200 2391 373 2473 quod
420 2392 643 2475 pulsus
688 2413 867 2458 nunc
905 2395 1159 2461 citatior
1203 2404 1323 2476 est,
1370 2418 1547 2462 nunc
1593 2397 1875 2476 tardior,
1918 2395 2188 2460 tandem
2231 2416 2401 2474 vero,

198 2514 350 2557 cum
386 2515 465 2557 ex
510 2515 581 2559 re
616 2495 785 2560 male
832 2506 1015 2581 gesta
1058 2499 1319 2583 spiritus
1360 2499 1433 2566 in
1480 2500 1922 2567 confusionem
1966 2497 2404 2565 omnimodam

198 2598 565 2681 adigantur,
588 2601 813 2685 pulsus
842 2600 1249 2666 inordinatus
1279 2624 1428 2668 cum
1457 2603 1759 2669 subsultu
1785 2602 2224 2669 membrorum
2253 2601 2402 2667 sub-

196 2700 581 2784 ingreditur,
616 2723 810 2786 quem
836 2724 973 2767 non
1000 2702 1095 2768 ita
1121 2704 1237 2768 diu
1262 2711 1410 2790 post
1436 2728 1612 2771 mors
1639 2707 1893 2789 excipit.

297 2804 419 2888 [6.]
476 2804 895 2871 curationem
936 2807 1109 2889 quod
1144 2814 1411 2891 spectat,
1441 2809 1567 2873 ista
1612 2808 2179 2893 peripneumoniae
2217 2808 2406 2890 signa

196 2931 363 2994 quae
410 2910 580 2977 hanc
630 2910 905 2975 Febrem
956 2910 1437 2977 comitabantur
1492 2912 1846 2977 Februario
1890 2912 2004 2977 illo
2051 2910 2210 2975 anni
2257 2930 2402 2994 pos-

191 3013 391 3079 tremi
420 3034 547 3097 quo
589 3013 873 3099 primum
908 3012 1299 3097 emergebat,
1328 3014 1551 3079 statim
1593 3013 1675 3079 ab
1713 3014 1964 3100 hyemis
2000 3014 2181 3079 exitu
2208 3013 2404 3081 fidem

198 3119 326 3201 (uti
370 3118 549 3202 dixi,)
594 3118 755 3183 mihi
800 3118 1030 3199 fecere,
1072 3138 1217 3183 eam
1260 3139 1521 3205 prorsus
1566 3119 1640 3183 ιιι
1677 3118 2404 3203 Peripneumonicarum

192 3222 442 3285 familia
486 3221 876 3287 censendam
923 3242 1098 3301 esse3
1172 3242 1247 3285 ac
1288 3221 1560 3305 proinde
1611 3242 1718 3286 me
1763 3222 1984 3285 statim
2026 3221 2276 3287 contuli
2319 3220 2406 3285 ad

190 3346 389 3389 usum
435 3323 726 3389 methodi
780 3323 969 3388 istius
1030 3345 1224 3408 quam
1282 3324 1436 3389 olim
1492 3324 1902 3389 laudaveram
1946 3324 2019 3388 in
2069 3324 2402 3390 curatione

192 3428 775 3514 Peripneumoniae
803 3428 1085 3507 Nothae,
1116 3435 1183 3492 et
1212 3428 1523 3493 Auctario
1552 3449 1746 3513 supra
1773 3435 2149 3493 memorat0.
2213 3428 2404 3495 Quae

191 3535 457 3619 quidem
503 3532 849 3599 methodus
896 3532 1051 3596 satis
1096 3531 1366 3597 feliciter
1411 3533 1619 3613 cessit,
1666 3540 1814 3596 tum
1858 3532 2019 3596 mihi
2063 3532 2136 3595 in
2177 3533 2398 3616 paucis

186 3638 319 3702 illis
351 3635 583 3721 quibus
612 3634 1009 3699 medicandis
1041 3655 1158 3719 per
1196 3634 1528 3699 adversam
1569 3635 2008 3701 valetudinem
2049 3656 2264 3699 meam
2290 3635 2398 3699 vix

188 3738 605 3816 sufficiebam,
635 3744 781 3802 tum
822 3736 1019 3802 etiam
1054 3738 1197 3801 aliis
1237 3739 1349 3821 qui
1383 3740 1512 3820 (me
1556 3739 1868 3821 authore,)
1905 3738 2179 3802 eandem
2207 3758 2394 3821 expe-

184 3846 309 3911 riri
354 3842 533 3909 haud
576 3843 1107 3928 aspernabantur.
1198 3842 1525 3927 Quicquid
1569 3864 1720 3908 vero
1769 3844 1840 3908 id
1889 3843 2152 3908 demum
2197 3843 2398 3907 fuerit

186 3949 368 4035 quod
405 3948 577 4012 hanc
611 3948 773 4013 mihi
804 3946 1183 4013 methodum
1222 3947 1543 4025 suaderet,
1565 3946 1705 4031 jam
1732 3946 1896 4010 mihi
1923 3945 2080 4010 satis
2109 3966 2396 4063 comper·
2420 3966 2468 4014 Ε
2471 3972 2570 4079 :tn
2537 3982 2660 4017 ιι-οιι

182 4059 338 4115 tum
372 4056 492 4129 est,
532 4050 791 4134 quando
836 4058 903 4115 et
948 4049 1161 4116 morbi
1204 4050 1670 4135 phaenomena,
1717 4054 1783 4114 et
1820 4050 2038 4114 ultimi
2082 4048 2238 4113 anni
2283 4046 2472 4131 quim
2415 4047 2532 4158 p12⁸21
2497 4047 2667 4145 nffi

182 4154 379 4219 binas
450 4152 873 4237 rigidissimas
942 4154 1207 4239 hyemes
1271 4155 1521 4239 excepit
1592 4154 1922 4239 perpendo
1991 4154 2390 4238 temperiem,
2370 4160 2616 4273 ,guinisa
2603 4162 2681 4209 in·

189 4256 473 4341 (hyemis
510 4258 910 4342 praesertim,
956 4258 1011 4321 si
1044 4256 1237 4323 modo
1273 4260 1485 4340 hyems
1522 4258 1652 4321 dici
1694 4257 1897 4341 possit
1937 4276 2102 4340 quae
2139 4256 2392 4320 nullum
2417 4225 2684 4352 ,(ἷῖἘὲ
2685 4262 2698 4285 ’

180 4360 396 4447 frigus
424 4362 711 4427 notabile
748 4382 967 4429 secum
1006 4361 1320 4446 adduxit,)
1353 4362 1515 4426 mihi
1550 4360 1886 4446 (inquam,)
1920 4366 2192 4439 constat,
2221 4358 2394 4425 hanc
2415 4352 2550 4402 indm
2551 4354 2672 4404 atio-

2414 4430 2503 4465 nse
2478 4420 2696 4468 scutati-

184 4464 468 4529 Febrem
496 4464 661 4529 nihil
691 4486 829 4531 esse
858 4464 1033 4531 aliud
1064 4486 1271 4630 quana
1288 4464 1642 4548 simplicem
1673 4462 2006 4546 sanguinis
2034 4461 2447 4529 inflamma-v
2415 4482 2646 4608 ἕξειὲξ-

1304 4588 1347 4629 ιι
