3138 5006
10 880 17 919 Ι

757 319 1245 387 SCHEDULA
1290 321 1826 388 MONITORIA
1871 323 1928 387 Ι.
2309 324 2434 384 505

224 484 531 563 interdiu,
565 491 631 549 et
661 505 811 549 cum
852 493 918 548 et
960 486 1099 548 sine
1143 484 1306 563 cibo,
1336 483 1805 569 propinandam
1841 485 2133 569 injungo.
2223 483 2435 567 Epoto
2463 495 2741 544 DnNovn.

226 587 349 651 hoc
376 587 641 671 liquore,
674 587 833 651 duas
864 587 1019 652 alias
1059 587 1257 652 libras
1298 589 1694 653 rhabarbaro
1738 587 1948 653 eidem
1989 587 2433 672 superaffundi
2461 561 2728 672 hgffsslssu

220 688 456 773 jube03
503 689 736 774 quibus
770 689 1012 773 pariter
1052 690 1401 769 exhaustis,
1440 691 1596 755 alias
1637 691 1848 755 adhuc
1885 690 2045 755 duas
2083 712 2202 775 pro
2239 691 2435 754 tertia

226 791 363 856 vice
394 792 754 870 substitu03
801 813 932 878 quo
968 791 1158 871 fact0,
1190 799 1257 856 et
1284 792 1519 856 rheum
1546 793 1713 858 vires
1754 815 1901 858 suas
1943 793 2205 871 amittit,
2237 799 2306 856 et
2331 793 2430 855 in-

226 894 368 958 fans
396 893 621 960 morbo
651 901 727 959 ut
764 895 1116 978 plurimum
1144 894 1475 959 liberatur.
1563 895 1674 960 Ne
1702 901 1924 959 tamen
1964 895 2267 960 cerevisia
2301 896 2431 979 pri-

228 1017 411 1059 mum
440 997 663 1075 affusa,
694 997 838 1060 rhei
875 997 938 1060 vi
978 997 1335 1061 cathartica
1372 997 1723 1061 saturatius
1761 997 2227 1080 impraegnata,
2252 996 2432 1079 justo

228 1097 669 1163 vehementius
706 1099 921 1162 alvum
962 1099 1148 1176 cieat,
1181 1099 1434 1162 cautius
1476 1099 1748 1181 agimus,
1781 1099 1836 1162 si
1873 1099 2041 1163 libra
2071 1120 2208 1162 una
2245 1103 2434 1182 epota

228 1199 498 1264 alteram
542 1201 764 1264 statim
810 1199 1227 1283 adjiciamus3
1290 1207 1438 1284 post
1478 1221 1651 1278 vero,
1694 1208 2022 1264 recentem
2065 1199 2432 1265 cerevisiam

226 1326 363 1369 non
414 1306 841 1384 affundemus,
886 1305 1015 1368 nisi
1061 1305 1375 1369 exhausta
1425 1325 1503 1368 ea
1549 1305 1730 1368 omni
1779 1326 1942 1389 quae
1992 1306 2172 1388 prius
2221 1303 2432 1369 fuerat

226 1409 495 1490 lagenae
523 1409 787 1473 inclusa.

328 1511 493 1594 [35.]
552 1511 682 1574 Sed
723 1517 800 1574 ut
846 1509 927 1574 ad
972 1509 1245 1575 Febrem
1276 1510 1356 1575 de
1402 1531 1529 1594 qua
1572 1532 1750 1575 nunc
1796 1512 2066 1594 agimus,
2100 1511 2430 1577 Constitu·
2461 1521 2522 1570 In
2548 1522 2715 1598 vaae

227 1611 423 1675 tionis
468 1613 709 1676 scilicet
744 1614 881 1696 jam
928 1613 1263 1691 currentis,
1304 1619 1737 1676 revertamur:
1783 1613 1905 1677 hoc
1950 1613 2172 1677 sedulo
2218 1612 2432 1676 obser·
2460 1587 2630 1634 Febns
2649 1603 2735 1635 ‘²¹¹'

2457 1652 2642 1698 ratione
2649 1666 2748 1698 non

233 1713 521 1777 vandum
550 1721 668 1794 est,
701 1714 875 1797 quod
912 1714 984 1777 in
1016 1715 1140 1778 hoc
1170 1713 1393 1778 Febris
1424 1735 1678 1797 genere,
1717 1715 2002 1798 (perinde
2031 1735 2108 1778 ac
2142 1714 2215 1777 in
2243 1714 2433 1777 rheu·
2459 1722 2533 1763 est
2553 1715 2701 1791 pert}-

228 1815 551 1894 matism0,
583 1822 649 1880 et
679 1816 819 1879 aliis
848 1815 1089 1880 morbis
1121 1837 1317 1900 quam
1345 1817 1660 1899 plurimis,
1693 1838 1968 1900 quorum
1997 1816 2244 1880 curatio
2281 1815 2432 1879 solis
2457 1783 2740 1890 35ξὲξέζῇ

228 1897 751 1981 evacuationibus
790 1917 1183 2001 absolvitur,)
1220 1917 1275 1981 si
1305 1917 1492 1982 dictis
1535 1918 2058 1983 evacuationibus
2086 1917 2430 2002 pertinaci-
2456 1907 2731 2018 ξιζζζξῗξο·

226 2025 331 2083 ter
364 2019 739 2084 insistamus
782 2041 987 2104 usque
1032 2020 1189 2084 dum
1230 2027 1666 2104 symptomata
1708 2021 1927 2086 omnia
1964 2041 2223 2104 prorsus
2260 2019 2430 2083 able·
2457 2051 2553 2097 que
2571 2035 2690 2082 dum

228 2123 607 2204 gaverimus‚
639 2123 890 2206 saepius
921 2143 1113 2205 aegro
1142 2144 1277 2186 non
1305 2123 1433 2186 nisi
1460 2129 1670 2187 morte
1698 2122 2121 2187 medebimur.
2196 2122 2431 2205 Neque
2455 2105 2714 2210 ἓξὲξ,

227 2223 405 2289 enim
449 2225 545 2288 ita
587 2225 873 2288 insolens
920 2231 1039 2302 est,
1086 2229 1165 2287 ut
1212 2230 1646 2308 symptomata
1695 2224 2012 2308 quaedam
2057 2224 2315 2302 leviora,
2365 2228 2431 2286 et
2453 2228 2538 2275 nia
2559 2242 2697 2289 pror-

229 2327 413 2410 quasi
471 2327 737 2391 effoetae
795 2325 1021 2390 Febris
1080 2326 1408 2409 reliquiae,
1472 2327 1936 2411 aliquantisper
2001 2327 2198 2390 etiam
2257 2325 2430 2409 expi-
2455 2290 2696 2418 gssessli'ie'

227 2435 415 2492 rante
452 2429 589 2513 jam
626 2427 852 2492 morbo
895 2428 1281 2512 perdurent,
1337 2450 1376 2492 a
1411 2429 1644 2513 quibus
1680 2434 1904 2492 tamen
1946 2429 2202 2492 nullum
2238 2421 2434 2511 aegro
2454 2435 2582 2470 ”²¹¹⁸-

227 2531 543 2595 recidivae
574 2532 931 2615 periculum
972 2538 1089 2610 est,
1122 2552 1411 2615 quaeque
1456 2554 1574 2595 sua
1614 2538 1861 2616 sponte,
1891 2530 2032 2615 pari
2074 2552 2268 2614 passu
2307 2552 2435 2614 quo

230 2636 473 2699 sanitas
501 2635 689 2714 redit,
716 2635 1079 2701 abscedent.
1145 2635 1320 2701 Quid
1344 2635 1516 2719 quod
1537 2637 1676 2719 jam
1704 2636 1976 2699 recitata
2004 2640 2436 2719 symptomata

229 2740 411 2803 haud
436 2760 583 2802 raro
610 2738 775 2802 nihil
812 2737 988 2802 aliud
1028 2745 1183 2803 sunt
1212 2760 1407 2822 quam
1434 2739 1888 2803 reiteratarum
1925 2728 2434 2815 evacuationum,

232 2841 466 2925 quibus
498 2839 797 2905 Medicus
841 2840 1052 2905 morbi
1094 2840 1495 2905 curationem
1538 2841 1834 2919 tentavit,
1864 2861 2015 2905 vera
2051 2840 2388 2924 progenies
2404 2841 2434 2901 ⁸?

232 2942 291 3006 si
335 2942 487 3006 huic
541 2942 770 3005 saltem
818 2941 1129 3005 addamus
1186 2941 1260 3004 in
1318 2961 1551 3004 causae
1609 2947 1881 3023 partem,
1932 2940 2437 3004 exinanitionem

230 3044 409 3108 illam
469 3066 665 3127 quam
738 3044 915 3127 aegri
982 3065 1021 3107 a
1077 3043 1401 3108 consuetis
1469 3043 1632 3107 cibis
1699 3050 1986 3126 potuque
2045 3036 2438 3107 abstinentia

232 3144 719 3231 superinduxit:
766 3168 929 3229 quae
966 3146 1186 3210 omnia
1213 3167 1362 3210 cum
1404 3146 1477 3211 in
1516 3166 1783 3228 corpora
1818 3147 1956 3229 jam
1987 3167 2026 3209 a
2067 3143 2310 3209 morbis
2337 3146 2437 3208 in-

234 3250 492 3314 firmata
522 3257 589 3313 et
617 3270 823 3333 paene
853 3248 1147 3313 confecta
1173 3248 1307 3311 vim
1334 3248 1626 3326 fecerint,
1656 3268 1917 3329 vapores
1951 3248 2133 3330 (quos
2163 3247 2434 3329 dicunt,)

232 3350 407 3415 haud
441 3352 626 3415 aliter
654 3351 989 3415 elevantur
1017 3370 1213 3433 quam
1252 3350 1321 3413 in
1360 3348 1681 3428 foeminis,
1715 3356 1910 3432 atque
1945 3346 2220 3413 eandem
2247 3349 2439 3431 plane

234 3455 317 3519 ob
347 3455 684 3534 rationem,
717 3454 799 3519 ob
830 3453 1243 3519 debilitatum
1288 3452 1542 3517 scilicet·
1575 3458 1642 3516 et
1678 3452 1860 3535 quasi
1905 3452 2247 3537 disJectum
2275 3452 2437 3517 frac-

232 3562 503 3641 tumque
564 3556 907 3639 spirituum
972 3555 1348 3620 animalium
1408 3562 1707 3639 systema.
1829 3554 2238 3638 Quapropter
2293 3562 2439 3638 post

234 3659 456 3737 factas,
503 3680 665 3742 quae
714 3658 1001 3723 tollendo
1043 3657 1270 3721 morbo
1321 3656 1608 3721 sufficere
1662 3662 1920 3739 queant,
1974 3657 2436 3735 evacuationes,

236 3759 571 3844 prudentis
622 3760 865 3825 Medici
916 3766 1013 3827 est
1072 3759 1153 3824 ab
1204 3761 1578 3843 importuna
1635 3758 1983 3823 earundem
2036 3759 2437 3823 ordinatione

237 3862 360 3926 sibi
397 3871 773 3945 temperare,
806 3868 871 3925 et
904 3862 1227 3945 paulisper
1264 3860 1600 3925 attendere
1631 3860 1784 3943 quid
1813 3861 2092 3943 Tempus
2128 3858 2438 3942 (Medico-

235 3986 385 4028 rum
425 3984 611 4048 saepe
655 3963 1053 4027 felicissimus
1096 3963 1547 4045 optimusque,)
1585 3962 1668 4025 ad
1707 3960 2122 4025 leviculorum
2167 3960 2438 4025 istorum

237 4072 743 4150 symptomatum
802 4064 1239 4148 depulsionem
1298 4064 1587 4129 conferre
1645 4062 1845 4146 possit
1865 4088 1886 4139 3
1963 4082 2125 4144 quae
2177 4061 2438 4144 quidem

238 4188 699 4253 saepenumero
732 4168 947 4250 (prout
974 4166 1304 4230 multoties
1332 4166 1610 4249 repetita
1637 4163 2078 4229 observatione
2107 4162 2431 4245 comperi,)

238 4292 279 4337 a
314 4270 685 4353 paregorico
716 4268 967 4333 duabus
982 4280 1015 4325 P
1042 4268 1143 4332 vel
1178 4267 1386 4332 tribus
1424 4266 1724 4331 noctibus
1755 4271 2101 4348 assumptO,
2133 4263 2270 4327 sine
2315 4265 2439 4329 alio

240 4374 459 4456 quovis
490 4381 818 4457 apparatu,
852 4372 970 4437 sub
1001 4370 1211 4437 morbi
1238 4370 1610 4454 hujusmodi
1639 4369 1814 4433 exitu
1842 4367 2289 4433 devincuntur.

900 4508 921 4538 Ρ
954 4497 1431 4561 duabus—noctibus]
1456 4513 1552 4546 om.
1579 4497 1655 4545 ed.
1678 4498 1774 4545 ⁹86.

1288 4581 1329 4642 3
1364 4598 1400 4640 r
