3138 5006
456 302 574 357 650

458 468 612 515 aeque
643 470 701 503 ao
739 455 793 505 in
825 456 987 513 discr„
1025 454 1181 503 morbi
1223 455 1440 519 quolibet
1473 462 1619 515 statu,

457 520 756 577 communia,
780 521 1035 579 126,128,
1087 535 1214 583 quae
1241 520 1294 567 in
1326 520 1466 569 confi.
1503 522 1622 569 11²⁰

458 583 551 641 die,
573 591 623 631 et
643 584 694 631 in
715 585 858 633 discr.
881 588 968 633 8νο
988 585 1082 642 die,
1095 592 1370 644 occurrunt,
1387 592 1621 648 tanquam

457 650 627 711 magni
647 650 884 697 momenti
919 649 1250 712 expendenda,
1278 652 1390 708 126,
1414 651 1533 707 127,
1567 651 1620 697 in

456 712 652 761 variolis
677 715 884 777 regular.
907 714 1048 763 discr.
1073 728 1134 762 ex
1167 714 1296 761 mala
1320 715 1623 775 tractatione,

461 778 569 836 126,
599 777 703 836 127,
732 780 841 837 131,
866 781 974 836 143,
1001 781 1121 834 1443
1156 778 1376 839 legitima
1405 779 1459 826 in
1492 779 1619 826 vari·

457 842 549 890 olis
581 842 786 905 regular.
827 844 968 891 confl.
1005 843 1143 891 initio
1179 844 1348 891 eadem
1387 851 1534 905 atque
1567 844 1621 891 in

456 906 690 965 discretis,
713 907 796 955 sed
829 908 1077 965 atrociora,
1113 910 1225 966 122,
1252 910 1372 963 123,
1407 908 1623 971 genuina

457 971 749 1019 variolarum
771 973 982 1034 regular.
1005 979 1104 1019 tam
1125 972 1269 1020 confl.
1289 988 1436 1035 quam
1461 972 1620 1030 discr„

462 1037 733 1095 120-126,
755 1038 1044 1093 562-565,
1102 1038 1153 1084 in
1187 1037 1384 1085 variolis
1405 1044 1623 1100 tempore

455 1099 738 1159 invasionis,
759 1103 885 1157 336,
917 1101 1212 1149 variolarum
1236 1101 1444 1165 regular.
1460 1102 1615 1164 pessi-

457 1180 540 1212 ma
559 1173 608 1213 et
626 1165 843 1225 lethalia,
864 1173 1082 1228 tempore
1110 1166 1395 1229 eruptionis,
1413 1182 1619 1229 quomo-

457 1229 520 1277 do
555 1238 936 1293 praevertantur,
974 1232 1094 1287 139,
1151 1230 1444 1279 variolamm
1477 1231 1621 1279 confi.

455 1294 570 1349 duo,
606 1310 708 1342 non
745 1295 882 1359 parvi
913 1295 1167 1353 momenti,
1202 1296 1254 1343 in
1288 1295 1470 1343 adultis
1503 1296 1619 1343 sali-

455 1360 606 1417 vatio,
637 1359 690 1407 in
723 1360 990 1408 infantibus
1012 1360 1276 1416 diarrhoea,
1305 1362 1424 1416 125;
1459 1360 1619 1407 letha-

458 1422 540 1481 lia,
561 1424 664 1483 ubi,
685 1424 972 1472 salivatione
998 1424 1100 1485 jam
1135 1432 1369 1482 cessante,
1398 1426 1514 1473 11³⁰
1542 1425 1621 1472 die

457 1488 761 1551 extinguitur
792 1504 948 1551 aeger,
989 1490 1107 1545 127,
1150 1489 1281 1551 quod
1311 1489 1438 1537 lecto
1469 1489 1621 1536 nimis

457 1552 554 1600 cito
592 1553 867 1616 affigantur,
907 1552 1027 1610 137,
1083 1553 1136 1600 in
1175 1553 1370 1601 variolis
1407 1553 1619 1616 regular.

458 1616 603 1664 discr.
624 1619 796 1665 mortis
829 1617 1134 1681 praenuntia,
1163 1619 1243 1676 93,
1269 1620 1348 1675 94,
1377 1619 1484 1675 126,
1511 1619 1622 1677 127,

457 1683 582 1738 563,
625 1682 918 1730 variolarum
961 1682 1100 1731 discr.
1139 1681 1466 1745 malignarum
1505 1697 1618 1732 ann.

457 1747 706 1804 'sl—²64,
727 1749 806 1807 93,
830 1749 920 1803 94;
956 1747 1008 1794 in
1029 1746 1225 1795 variolis
1246 1763 1275 1795 a
1295 1747 1522 1796 materiae
1542 1764 1621 1795 re-

455 1812 768 1872 percussione
802 1827 862 1859 ex
895 1811 1072 1875 frigore
1099 1810 1266 1869 nimio,
1303 1811 1380 1859 vel
1415 1826 1620 1859 evacua-

457 1874 670 1923 tionibus
705 1874 1056 1939 inopportunis,
1097 1878 1219 1932 147,
1274 1876 1327 1924 in
1359 1877 1556 1924 variolis
1594 1892 1623 1924 a

457 1940 616 1987 calido
652 1940 906 2003 regimine,
945 1943 1070 1998 221,
1127 1956 1158 1989 a
1194 1940 1434 2003 regimine
1471 1941 1622 1989 nimis

457 2004 649 2066 frigido,
667 2008 779 2053 221.

525 2070 748 2132 Syrupus
801 2068 1022 2133 chalybis
1069 2070 1312 2131 quomodo
1362 2069 1466 2128 fiat,
1509 2072 1621 2118 380.

464 2132 570 2196 Syr.
611 2134 670 2181 de
712 2135 934 2182 meconio
981 2134 1442 2196 praestantissimus,
1489 2136 1622 2191 520,

458 2198 691 2247 Auctoris
723 2199 935 2247 laudano
961 2199 1318 2261 praeferendus,
1343 2200 1470 2255 349,
1525 2212 1625 2261 qua

457 2263 563 2310 (1οεί
601 2278 662 2311 ex
697 2264 957 2321 bibendus,
994 2266 1116 2320 349;
1173 2264 1321 2312 uncia
1357 2278 1458 2310 una
1489 2262 1623 2312 idem

457 2328 592 2375 valet
632 2343 688 2375 ac
723 2328 923 2376 laudani
961 2327 1138 2391 liquidi
1181 2336 1308 2391 gutt.
1340 2328 1459 2389 xvj„
1495 2330 1619 2385 352,

459 2408 614 2454 quum
631 2392 744 2439 ferri
763 2400 988 2455 nequeat,
1001 2392 1212 2441 laudano
1229 2393 1485 2449 utendum,
1501 2394 1619 2449 386,

457 2455 510 2503 in
540 2456 735 2506 variolis
757 2457 817 2505 ad
841 2456 1202 2520 sesquiunciam
1233 2472 1334 2507 una
1353 2457 1458 2506 vice
1481 2458 1620 2506 exhi·-

456 2522 558 2570 beri
599 2522 860 2584 aliquando
887 2523 1044 2579 debet,
1079 2525 1202 2579 352,
1259 2522 1322 2570 ad
1363 2523 1622 2585 sesquiun-

458 2587 586 2634 ciam
619 2601 718 2634 una
753 2587 858 2634 vice
892 2587 944 2634 in
979 2601 1130 2649 puero
1163 2587 1386 2634 exhibuit
1417 2589 1620 2645 Auctor,

457 2651 630 2699 iterata
667 2651 790 2710 vice,
827 2653 942 2710 349,
979 2653 1102 2708 350;
1153 2651 1204 2698 in
1239 2651 1438 2699 variolis
1479 2652 1621 2701 confl.

451 2715 622 2779 juveni
655 2716 718 2763 ad
749 2715 948 2764 unciam
989 2715 1289 2779 propinatur,
1329 2717 1441 2766 357.
1509 2717 1618 2780 Syr.

459 2781 520 2830 de
561 2781 702 2844 spina
749 2781 960 2839 cervina,
1004 2783 1129 2839 459,
1188 2780 1468 2844 exemplum
1511 2783 1621 2844 ejus

457 2861 579 2895 usus
601 2845 929 2903 memorabile,
953 2848 1068 2894 ibid.

523 2911 748 2958 Tabacus
779 2911 830 2958 in
875 2911 971 2959 ileo
1011 2911 1150 2958 fumo
1199 2909 1414 2967 inflatus,
1461 2911 1621 2973 specie

457 2983 708 3152 ἓῑῗξῖἓῗὲ
732 2978 1070 3088 δὸὶέὲοωντιο
1125 3051 1190 3087 s‘r
1241 3039 1411 3097 cvm,
1457 3039 1621 3088 608—

524 3169 682 3216 Tabes
731 3167 980 3232 deplorata
1029 3167 1326 3230 equitatione
1385 3173 1619 3230 tanquam

457 3234 683 3296 specifico
716 3241 930 3292 curatur,
962 3235 1086 3288 391,
1141 3247 1202 3280 ex
1242 3232 1548 3294 haemoptoii,
1592 3248 1623 3280 a

457 3298 660 3360 repetito
695 3297 971 3355 cathartico,
1007 3299 1130 3353 269,
1188 3312 1218 3344 a
1253 3295 1622 3345 medicamentis

457 3362 918 3475 gqtgtoagbuaffii‘i
933 3377 1042 3473 zng
1077 3361 1337 3472 pleuriritide
1359 3361 1621 3475 zzentiali,

561 3461 574 3483 ,
707 3446 718 3483 ,
837 3443 889 3473 es
916 3442 944 3474 a
1011 3441 1144 3474 omm
1213 3441 1301 3473 um
1461 3443 1547 3474 um
1568 3442 1621 3474 m

458 3490 744 3546 infantibus,
768 3491 878 3538 381.
1333 3441 1366 3488 p

523 3554 712 3616 Tegula
751 3553 1015 3616 hybernica
1055 3553 1108 3600 in
1152 3552 1371 3602 contusis
1411 3569 1510 3602 non
1547 3561 1625 3604 est

459 3620 758 3683 specificum,
779 3620 890 3668 449.

524 3685 809 3747 Tempestas
829 3682 1010 3730 morbis
1032 3681 1418 3730 inflammatoriis
1439 3683 1621 3746 produ·

459 3750 626 3799 cendis
658 3764 782 3812 quae
819 3749 884 3796 sit
913 3748 1128 3795 maxime
1147 3747 1339 3805 idonea,
1362 3749 1424 3796 98
1447 3767 1459 3804 ,
1495 3755 1620 3796 tem-

459 3823 668 3880 pestates
717 3813 834 3862 anni
880 3814 1076 3862 morbos
1117 3812 1354 3876 quosdam
1401 3813 1623 3876 proprios

457 3881 638 3928 habent
681 3881 756 3928 12.

527 3914 786 4007 Tem’pora,
805 3943 859 3990 in
887 3957 987 3990 uno
1008 3940 1216 3989 febrium
1233 3941 1484 3989 intermitt.
1509 3957 1619 4004 par-

461 4025 679 4074 oxysmo,
703 4009 794 4056 tria
816 4007 1078 4070 spectanda
1101 4012 1229 4064 sunt,
1253 4007 1333 4062 68,
1354 4006 1432 4054 69.

527 4076 794 4122 Tnnmms
849 4071 982 4134 (Dn)
1031 4071 1344 4128 Purser-uas,
1397 4071 1508 4119 601.
1557 4071 1619 4121 cf.

462 4144 491 4190 2
525 4206 798 4252 Tenesmus
832 4200 950 4264 quid
983 4199 1062 4256 sit,
1102 4199 1207 4256 177,
1245 4199 1366 4254 576,
1414 4198 1466 4247 in
1505 4199 1620 4264 dys-

461 4270 646 4318 enteria
675 4267 824 4324 unde,
859 4267 970 4322 168,
999 4265 1120 4320 177,
1177 4264 1358 4312 adultis
1395 4265 1623 4323 exitialis,

461 4334 729 4382 infantibus
749 4330 1005 4393 benignus,
1035 4331 1156 4386 169,
1191 4329 1376 4377 curatio
1399 4329 1619 4378 corrobo-

461 4398 680 4448 rantibus
712 4395 841 4454 solis,
870 4395 976 4447 177.

525 4461 875 4511 Terebinthina
909 4459 1093 4526 Cypria
1129 4459 1182 4508 iu
1217 4457 1514 4521 gonorrboea
1544 4461 1618 4508 vi-

459 4527 570 4583 rul„
595 4528 708 4573 315.

1348 302 1609 358 INDEX
1653 301 1965 359 RERUM.

1772 456 1951 504 Terrae
1970 456 2169 504 effluvia
2184 457 2379 504 morbos
2400 455 2699 520 epidemicos
2721 455 2895 503 varios

1708 522 2731 648 fflssssssmfflffssfflzffifffifflss
2782 583 2883 640 ⁷0.

1707 655 1816 698 tert.
1839 650 1994 698 febres
2030 656 2249 699 autumn.
2272 650 2477 714 epidem.
2501 652 2715 699 duorum
2734 664 2883 697 men·

1706 713 1837 761 sium
1860 715 2015 778 spatio
2040 726 2239 763 cursum
2269 716 2569 778 persolvunt,
2595 718 2688 771 32,
2730 728 2881 777 prae—

1706 786 1896 827 mature
1916 778 2138 841 ingressi,
2163 794 2259 828 non
2281 780 2550 842 genuinum
2572 786 2751 843 typum
2776 788 2879 826 sta·

1708 842 1799 891 tim
1820 844 2046 900 induunt,
2072 846 2161 901 33,
2198 860 2309 893 ann.
2328 844 2559 893 ’sl—’64
2578 844 2881 905 quibusnam

1707 909 2115 971 symptomatibus
2144 910 2205 957 ab
2238 908 2347 957 aliis
2378 909 2629 957 intermitt.
2652 908 2881 956 tertianis

1708 973 2173 1031 discriminarentur,
2218 974 2279 1024 37
2299 994 2312 1029 ,
2370 974 2683 1037 quandonam
2730 973 2877 1020 inva-

1707 1037 1871 1094 serint,
1895 1044 1945 1085 et
1975 1038 2217 1085 extinctae
2246 1038 2357 1095 sint,
2382 1039 2473 1095 37,
2518 1038 2753 1086 tertianae
2784 1052 2875 1085 an-

1707 1102 1941 1149 tumnalis
1974 1102 2174 1160 curatio,
2210 1104 2289 1159 81,
2327 1104 2453 1159 285,
2508 1101 2561 1150 in
2600 1102 2879 1149 infantibus

1706 1172 1757 1213 et
1794 1174 1949 1215 aetate
1998 1166 2275 1229 vigentibus
2318 1166 2553 1215 Naturae*
2584 1168 2873 1231 pennitten-

1708 1230 1815 1289 dae,
1850 1234 1940 1288 83;
1996 1232 2225 1279 tertianae
2264 1231 2421 1279 febres
2457 1246 2585 1279 anno
2616 1232 2691 1281 ’71
2730 1246 2873 1294 gras-

1706 1302 1875 1343 santur
1892 1310 2041 1343 verno
2076 1302 2308 1359 tempore,
2336 1296 2457 1354 161,
2488 1294 2710 1344 vernales
2742 1296 2877 1343 circa

1706 1359 1968 1407 solstitium
1989 1360 2227 1409 aestivum
2250 1376 2301 1408 se
2322 1361 2613 1418 subducunt,
2636 1363 2715 1417 32,
2742 1361 2875 1419 162,

1706 1434 2053 1487 quartanarum
2088 1432 2227 1489 typos
2262 1440 2517 1488 nunquam
2556 1426 2781 1483 induunt,
2816 1432 2877 1473 ut

1705 1488 1893 1537 faciunt
1912 1490 2236 1548 autumnaleS,
2252 1489 2343 1546 76,
2380 1505 2509 1539 anno
2530 1488 2609 1539 ’78
2633 1490 2873 1537 curaban-

1706 1558 1786 1600 tur
1821 1555 2226 1613 venae-sectione,
2270 1554 2490 1612 emetico,
2530 1562 2579 1602 et
2619 1554 2869 1602 antifebri-

1705 1616 1835 1665 libus
1857 1619 2048 1675 amaris,
2072 1622 2196 1675 292,
2230 1620 2464 1667 tertianae
2483 1618 2697 1667 vernalis
2724 1634 2869 1667 cura-

1706 1682 1773 1729 tio
1804 1684 1909 1731 sine
1933 1683 2142 1741 Cortice,
2166 1684 2291 1741 292;
2329 1684 2513 1732 curatio
2534 1699 2621 1746 pro
2642 1684 2871 1748 pauperi-

1704 1747 1814 1804 bus,
1838 1749 1961 1804 292,
2018 1748 2253 1797 tertianae
2298 1748 2509 1812 duplicis
2550 1749 2752 1804 curatio,
2788 1750 2871 1805 81,

1706 1814 1785 1869 82,
1810 1814 1922 1869 285,
1939 1814 2065 1869 286,
2102 1813 2345 1875 quomodo
2360 1813 2572 1861 recidiva
2586 1814 2869 1876 praevenia-

1706 1882 1801 1935 tur,
1828 1878 1949 1933 285,
1983 1878 2189 1925 vomitio
2210 1878 2261 1925 in
2282 1878 2361 1925 his
2390 1878 2606 1925 febribus
2628 1878 2875 1939 quomodo

1706 1942 2549 2063 {ziffssfflm‘sstffiffiflffiz‘zss
2564 1942 2875 2063 333⁰&

1706 2071 2589 2197 ”nfflstuem‘ifliffieffi‘ssiumm’
2534 2074 2643 2198 ³⁸3*
2654 2134 2875 2201 hydrope

1706 2199 1950 2259 quomodo
1972 2200 2264 2258 afficiantur,
2286 2202 2399 2247 456.

1770 2262 2129 2311 Testiculorum
2162 2265 2335 2312 rotatio
2357 2262 2599 2326 quaedam
2618 2264 2671 2312 in
2694 2278 2867 2328 gonor-

1704 2326 1879 2376 rhoeae
1900 2328 2043 2376 virul.
2066 2329 2225 2387 initio,
2248 2331 2358 2377 310.

1770 2392 2041 2455 Theologia
2059 2394 2297 2441 naturalis
2318 2393 2439 2456 quid
2462 2393 2543 2451 sit,
2565 2394 2677 2441 282.

1770 2456 2040 2522 Therapeia
2058 2458 2189 2507 mala
2208 2462 2544 2522 malignitatem
2572 2458 2625 2506 in
2658 2456 2877 2507 febribus

1704 2522 1885 2571 dictam
1910 2523 2172 2586 aliquando
2192 2523 2355 2586 potius
2376 2523 2617 2586 producit,
2632 2539 2785 2586 quam
2801 2539 2883 2572 ve·

1704 2601 1889 2636 nenosa
1905 2589 2145 2650 quaedam
2166 2589 2321 2636 morbi
2338 2587 2544 2644 indoles,
2567 2589 2649 2636 96.

1770 2651 2009 2700 Theriaca
2042 2653 2375 2700 Andromachi
2406 2653 2683 2700 maximum
2714 2659 2793 2700 est
2822 2653 2877 2701 in

1705 2716 2083 2779 quamplurimis
2116 2717 2299 2766 morbis
2332 2718 2617 2775 remedium,
2644 2719 2769 2774 388,
2822 2718 2877 2766 in

1704 2781 1836 2829 febre
1858 2782 2119 2844 pestilent,
2148 2784 2269 2839 113,
2302 2781 2357 2828 in
2378 2781 2607 2844 podagra,
2626 2783 2744 2832 427.

1770 2845 2103 2894 Tonsillarum
2124 2847 2263 2894 dolor
2282 2852 2333 2894 et
2364 2845 2685 2894 inflammatio
2718 2847 2873 2895 inter-

1705 2910 1956 2958 mittentes
1978 2919 2197 2958 autumn.
2220 2910 2549 2958 diuturniores
2580 2911 2876 2973 insequitur,

1708 2975 1797 3030 73,
1830 2983 2033 3022 mortem
2056 2991 2171 3038 prae
2192 2975 2375 3022 foribus
2396 2975 2667 3030 denuntiat,
2690 2978 2775 3032 80,
2796 2977 2877 3024 90.

1770 3039 2055 3102 Tophaceae
2088 3039 2415 3088 concretiones
2448 3040 2511 3088 ad
2544 3040 2779 3088 articulos
2800 3041 2877 3089 di-

1705 3102 1919 3166 gitorum
1942 3104 1995 3152 in
2018 3106 2231 3168 podagra
2250 3104 2466 3166 irregul„
2492 3106 2608 3162 413,
2630 3107 2741 3153 440.

1772 3167 1956 3231 Topica
1992 3169 2257 3218 infantium
2300 3183 2501 3232 corpora
2541 3169 2685 3218 facile
2720 3185 2875 3233 pene-

1705 3238 1854 3291 trant,
1876 3235 1985 3281 381.

1771 3296 2003 3344 Tormina
2034 3298 2216 3346 ventris
2247 3297 2353 3346 sine
2390 3296 2660 3360 dejectione
2690 3297 2873 3360 dysen-

1705 3361 1877 3408 teriam
1910 3361 2015 3424 pari
2034 3377 2185 3425 passu
2216 3363 2586 3420 comitabantur,
2612 3363 2721 3418 160,
2752 3363 2873 3418 167,

1706 3426 1884 3488 hyeme
1924 3426 2250 3489 disparebant,
2294 3429 2403 3484 160,
2448 3427 2541 3476 167
2560 3446 2572 3483 ,
2628 3427 2877 3488 quomodo

1708 3497 2010 3548 curarentur,
2044 3491 2157 3551 167,
2186 3495 2298 3550 500,
2320 3494 2446 3549 501,
2492 3491 2546 3539 in
2579 3491 2712 3540 febre
2746 3507 2878 3540 nova

1708 3555 1931 3618 epidem.,
1955 3557 2065 3605 499.

1774 3618 1967 3667 Tubera
2020 3620 2224 3678 ossium,
2257 3635 2345 3668 seu
2384 3627 2641 3677 exostoses,
2682 3619 2737 3667 in
2790 3619 2879 3668 lue

1709 3698 1925 3742 venerea,
1950 3686 2041 3732 311
2063 3703 2075 3742 ,
2112 3685 2353 3747 quomodo
2374 3685 2603 3742 curanda,
2625 3687 2737 3732 324.

1774 3748 1961 3796 Tumor
2002 3749 2273 3797 abdominis
2315 3750 2367 3797 in
2406 3749 2633 3797 foeminis
2673 3748 2875 3811 duplex,

1708 3811 1834 3868 457,
1860 3813 1913 3860 in
1932 3813 2216 3872 infantibus,
2238 3817 2322 3873 90,
2339 3815 2427 3862 381
2452 3835 2464 3870 ,
2490 3821 2654 3862 tumor
2672 3829 2879 3862 crurum

1708 3877 1761 3925 in
1787 3878 2001 3925 febribus
2030 3878 2285 3929 intermitt.
2307 3885 2546 3936 autumn„
2566 3881 2659 3932 90,
2694 3879 2749 3925 in
2783 3894 2875 3926 cu-

1708 3942 1839 3999 bitis,
1880 3957 1941 3989 ex
1977 3943 2191 4006 podagra
2225 3943 2442 4006 irregul.,
2472 3944 2597 3998 413,
2640 3943 2783 3990 faciei
2822 3943 2879 3992 in

1708 4007 1921 4064 variolis,
1942 4009 2190 4055 evacuatio
2222 4007 2444 4071 insignis,
2469 4008 2579 4065 127,
2608 4009 2719 4064 129,
2746 4009 2837 4055 141
2862 4028 2878 4064 ,

1710 4071 1751 4118 si
1774 4071 1965 4129 absens,
1986 4072 2105 4120 mali
2126 4073 2318 4131 ominis,
2340 4074 2465 4128 353,
2498 4071 2659 4134 primo
2674 4071 2727 4119 in
2752 4073 2881 4120 facie

1709 4136 1962 4193 excitatur,
1986 4136 2098 4184 dein
2120 4151 2358 4184 manuum
2382 4145 2431 4184 et
2450 4137 2719 4198 digitorum
2742 4135 2879 4186 inse-

1709 4201 1890 4262 quitur,
1910 4201 2019 4258 121,
2048 4202 2155 4259 125,
2180 4202 2275 4249 562
2290 4221 2303 4258 ,
2337 4201 2399 4249 ab
2434 4205 2509 4250 8¹⁰
2530 4201 2609 4248 die
2630 4215 2791 4263 usque
2814 4203 2883 4250 ad

1714 4265 1866 4312 11¹mun
1899 4265 2097 4328 reperiri
2132 4265 2266 4322 solet,
2300 4273 2503 4328 tumque
2540 4265 2793 4313 subsidere
2828 4271 2885 4315 et

1708 4329 1761 4376 in
1799 4329 1921 4377 facie
1963 4329 2121 4378 minui
2158 4329 2398 4393 paullum,
2444 4329 2553 4388 127,
2588 4331 2705 4386 353,
2746 4333 2883 4388 354,

1708 4402 1818 4456 post
1852 4394 1982 4440 diem
2014 4409 2171 4442 unum
2193 4401 2278 4441 aut
2294 4395 2501 4443 alterum
2533 4409 2605 4441 ret
2614 4395 2761 4442 edere
2794 4396 2883 4443 de-

1706 4459 1803 4516 bet,
1844 4458 1964 4514 127,
2000 4459 2061 4505 ab
2100 4461 2216 4506 11¹¹»
2244 4459 2321 4506 die
2353 4475 2507 4522 usque
2541 4459 2603 4506 ad
2644 4460 2879 4522 pustula-

1705 4539 1817 4572 rum
1856 4523 1909 4572 in
1940 4522 2001 4572 iis
2034 4524 2407 4574 maturationem
2432 4531 2631 4588 perstat,
2656 4525 2785 4582 353,
2830 4533 2883 4574 et
