3138 5006
822 239 1310 311 SCHEDULA
1358 243 1892 311 MONITORIA
1938 246 1994 310 Ι.
2376 247 2508 312 48⁷

302 428 499 493 quam
532 406 793 492 quidem
822 427 943 492 ego
976 427 1212 473 novam
1240 405 1463 474 Febris
1500 407 1774 493 speciem
1810 429 1950 474 esse
1984 407 2280 488 arbitror,
2312 414 2508 493 atque
2535 423 2812 475 DnNovnz

300 512 495 578 Febri
533 534 697 596 quae
729 533 845 596 per
879 512 1254 577 octennium
1292 509 1524 575 ultimo
1556 529 2005 596 praegressum
2037 509 2330 589 invaluit,
2369 531 2508 575 esse
2535 489 2806 605 Ῑξξζὲζξυ

300 638 563 701 prorsus
594 615 988 680 dissimilem.

392 717 517 806 [3.]
572 720 685 783 An
712 719 981 804 hujusce
1004 715 1505 784 constitutionis
1528 715 1807 782 mutatio
1835 715 2186 781 mutationi
2202 717 2504 782 manifes-
2534 727 2680 776 Unde
2689 728 2814 806 μειερ

299 830 517 888 tarum
546 823 710 888 aeris
741 823 1148 907 qualitatum,
1179 842 1345 906 quae
1371 841 1489 906 per
1513 820 1702 886 binas
1731 821 1848 886 has
1883 821 2148 906 hyemes
2179 821 2503 903 successit,
2530 793 2820 906 ffffissffn'

296 926 649 992 tribuenda
669 927 770 1006 sit,
796 947 915 1010 ego
935 947 1072 991 non
1095 924 1249 990 satis
1278 925 1445 1003 sci03
1494 945 1696 1008 quum
1719 945 1836 1009 pro
1857 932 2188 1010 comperto
2206 924 2502 1005 habeam,
2529 924 2649 1036 ἓξὲξ
2670 939 2790 988 90¹¹·-

301 1030 713 1094 alterationes
766 1028 977 1113 quoad
1020 1028 1351 1094 sensibiles
1399 1049 1719 1092 annorum
1768 1027 2130 1112 qualitates,
2174 1036 2508 1114 uteunque
2647 1022 2660 1035 ’

302 1132 605 1216 dispares,
650 1131 1024 1196 morborum
1082 1131 1583 1216 epidemicorum
1635 1130 1876 1215 species
1932 1151 2069 1196 non
2125 1131 2504 1216 protulisse;

300 1242 367 1300 et
420 1242 665 1300 certam
716 1255 1035 1300 annorum
1094 1235 1341 1315 seriem,
1389 1233 1866 1318 quantumlibet
1925 1255 2136 1298 annus
2193 1257 2366 1300 unus
2425 1235 2507 1299 ab

301 1341 427 1405 alio
456 1347 723 1404 externa
754 1339 915 1403 facie
950 1345 1015 1403 et
1042 1345 1555 1423 temperamento
1591 1338 2058 1422 discrepaverit,
2087 1339 2507 1404 nihilominus

302 1463 526 1508 omnes
564 1443 636 1506 in
676 1441 899 1507 eadem
929 1441 1234 1506 Febrium
1266 1441 1808 1506 Stationariarum
1849 1442 2056 1524 specie
2093 1441 2510 1525 producenda

302 1546 694 1611 convenisse.
787 1544 983 1611 Quod
1026 1565 1176 1610 cum
1220 1545 1385 1609 serio
1430 1543 2012 1623 animadverterim,
2053 1545 2304 1629 opinari
2345 1545 2509 1609 mihi

302 1649 519 1728 subiit,
559 1650 774 1732 (prout
798 1669 837 1712 a
856 1670 961 1712 me
985 1649 1141 1713 alias
1175 1648 1417 1732 [Tract.
1438 1648 1484 1711 I
1479 1657 1520 1712 ,Ε
1548 1650 1583 1734 ᾖ
1608 1646 1750 1734 35.]
1779 1646 2025 1712 dictum
2047 1647 2220 1731 fuit‚)
2249 1648 2506 1712 Consti-

299 1753 575 1817 tutionis
619 1751 1051 1816 mutationem
1095 1774 1136 1816 a
1182 1759 1427 1816 secreta
1471 1751 1684 1835 aliqua
1735 1750 2084 1835 abditaque
2127 1751 2508 1817 alteratione

300 1857 373 1920 in
422 1864 633 1920 terrae
681 1855 1027 1920 visceribus
1080 1856 1593 1941 atmosphaeram
1645 1875 1906 1920 omnem
1956 1855 2362 1939 pervadente,
2407 1856 2510 1922 vel

302 1981 345 2024 a
373 1979 710 2044 corporum
741 1959 1114 2026 coelestium
1148 1960 1401 2024 influxu
1430 1959 1664 2043 aliquo,
1688 1958 1966 2023 maxime
1995 1959 2296 2042 pendere.
2386 1959 2506 2023 'Pa-

300 2064 495 2128 metsi
535 2063 641 2127 hic
676 2070 773 2128 est
801 2062 1185 2142 notandum,
1225 2063 1415 2147 quod,
1446 2061 1843 2128 valedicente
1882 2061 2070 2128 nobis
2109 2063 2264 2128 olim
2301 2062 2510 2128 Febre

301 2165 754 2250 Depuratoria,
788 2167 1207 2230 siccissimum
1238 2187 1313 2230 ac
1340 2166 1686 2230 vehemens
1726 2167 1878 2249 gelu
1917 2164 1998 2229 ab
2041 2166 2230 2231 initio
2259 2166 2508 2252 hyemis

305 2269 481 2332 1664
536 2269 756 2333 omnia
812 2267 1315 2334 constrinxeratr
1324 2294 1345 2348 3
1396 2289 1519 2333 nec
1568 2269 1916 2354 quicquam
1972 2267 2239 2349 remisit,
2301 2271 2508 2334 donec

298 2373 543 2435 mensis
602 2372 883 2436 Martius
943 2371 1366 2452 adolesceret,
1431 2393 1559 2456 quo
1618 2372 1879 2457 quidem
1938 2379 2246 2457 tempore,
2310 2394 2507 2457 quam

299 2475 586 2560 primum
630 2474 970 2541 fatiscente
1015 2475 1165 2559 gelu
1208 2481 1385 2540 terra
1428 2476 1798 2556 solveretur,
1835 2497 1986 2542 mox
2031 2476 2253 2542 Febris
2298 2477 2504 2543 Pesti-

300 2579 601 2657 lentialis‚
640 2578 1053 2662 postmodum
1096 2580 1239 2664 ipsa
1279 2580 1510 2658 Pestis,
1554 2580 1828 2663 grassari
1871 2587 2242 2664 coeperunt.
2333 2581 2507 2644 Utut

300 2699 455 2743 vero
488 2679 611 2745 hoc
646 2699 715 2744 se
748 2680 1005 2761 habeat,
1038 2680 1261 2746 Febris
1302 2701 1495 2765 quam
1528 2702 1708 2745 nunc
1753 2687 2128 2761 tractamus,
2158 2682 2298 2766 jam
2335 2681 2508 2746 dicto
2535 2698 2702 2748 Febris
2715 2699 2820 2747 No-

299 2792 594 2867 tempore
614 2784 896 2868 primum
930 2805 999 2849 se
1027 2784 1328 2864 ostendit,
1348 2804 1582 2869 nempe
1604 2783 1958 2849 Februario
1985 2804 2208 2849 mense
2241 2786 2505 2865 1684-5,
2532 2780 2596 2876 {g
2607 2765 2835 2877 (ξῗζζὲζῖ

300 2893 393 2965 et,
422 2893 559 2950 tam
588 2888 1011 2971 praecedente
1041 2908 1213 2952 anno
1238 2908 1433 2971 quam
1463 2908 1539 2951 eo
1572 2887 1682 2970 qui
1702 2888 1844 2971 jam
1873 2886 2108 2970 agitur,
2141 2908 2256 2972 per
2285 2906 2508 2951 omnes
2534 2893 2812 2942 Febr-men-

298 2990 583 3073 Angliae
625 2991 921 3074 regiones
959 2984 1155 3054 latius
1192 2996 1423 3074 vagata
1458 2997 1577 3069 est,
1631 2990 1826 3073 longe
1862 2990 2069 3073 magis
2115 2997 2184 3054 et
2221 2988 2508 3073 ἐπιδημι-
2534 2974 2586 3007 ³⁹
2607 2960 2766 3009 '⁸4⁸⁵'

232 3168 237 3171 ,
300 3092 589 3181 ,νεωτέρως
618 3094 756 3159 aliis
783 3094 856 3159 in
884 3095 1040 3159 locis
1071 3114 1264 3179 quam
1292 3094 1398 3159 hic
1428 3092 1712 3159 Londini
1742 3094 2129 3158 desaeviens.

405 3198 525 3281 [4.]
582 3198 715 3261 Ubi
745 3199 1025 3281 primum
1066 3198 1149 3262 ad
1186 3198 1355 3262 hanc
1384 3196 1658 3263 Febrem
1685 3216 1964 3277 vocarer,
1997 3196 2262 3262 omnino
2293 3197 2508 3261 existi-

298 3298 563 3364 mabam
614 3301 793 3365 illam
839 3322 974 3366 non
1030 3322 1109 3367 ex
1168 3321 1245 3367 eo
1294 3323 1529 3386 genere
1583 3300 1888 3366 Febrimn
1933 3302 2130 3367 fuisse
2179 3322 2338 3386 quas
2389 3324 2509 3387 ego

303 3402 733 3467 Stationarias
776 3406 1045 3489 appe110‚
1088 3407 1200 3470 sed
1241 3407 1457 3491 potius
1502 3426 1581 3469 ex
1617 3406 2203 3471 Intercurrentium
2247 3408 2508 3487 familia,

302 3528 473 3592 quae
520 3509 791 3592 singulis
830 3510 963 3574 fere
1012 3510 1197 3574 annis
1239 3509 1601 3595 promiscue
1641 3510 2042 3574 adoriuntur.
2130 3512 2289 3576 Non
2333 3512 2511 3576 aliud

301 3610 549 3675 scilicet
577 3611 788 3676 morbi
818 3632 1021 3695 genus
1058 3632 1197 3677 esse
1234 3613 1424 3677 rebar
1455 3634 1650 3696 quam
1685 3613 2294 3699 Peripneumoniam
2331 3616 2510 3679 illam

300 3715 621 3795 Notham,
655 3736 847 3799 quam
878 3715 1077 3781 Libro
1106 3717 1213 3780 De
1241 3716 1489 3779 Morbis
1520 3717 1742 3780 Acuti-s
1780 3717 1888 3801 [vi.
1909 3718 2003 3803 4.]
2046 3718 2200 3783 olim
2229 3718 2509 3783 delinea-

302 3839 559 3883 veram:
606 3840 739 3882 una
777 3820 899 3883 hac
935 3819 1379 3884 intercedente
1418 3819 1806 3884 discriminis
1850 3828 2024 3900 nota,
2069 3822 2241 3905 quod
2278 3823 2350 3884 in
2392 3821 2511 3885 hac

304 3917 515 3985 Febre
562 3919 837 3984 subinde
880 3942 1015 3983 non
1062 3920 1519 4004 comparebant
1567 3930 2001 4007 symptomata
2044 3925 2118 3987 in
2161 3924 2508 4007 Peripneu-

301 4024 527 4087 monia
572 4024 778 4105 magis
814 4022 1421 4108 pathognomonica,
1471 4026 1686 4109 qualia
1731 4032 1886 4090 sunt
1930 4025 2126 4090 tussis
2169 4027 2510 4090 vehemen-

300 4127 454 4205 tior,
486 4127 883 4211 cephalalgia
921 4127 1095 4193 inter
1136 4128 1545 4193 tussiendum
1586 4130 1952 4194 saevissima
1991 4138 2057 4195 et
2098 4130 2279 4213 quasi
2317 4137 2511 4212 caput

303 4230 706 4315 diffringens,
765 4231 1012 4315 vertigo
1070 4254 1111 4296 a
1165 4239 1350 4297 motu
1409 4232 1716 4316 quolibet,
1769 4240 1835 4297 et
1884 4232 2210 4317 dyspnoea
2257 4234 2509 4317 ingens,

306 4353 475 4415 quae
532 4334 751 4398 omnia
800 4330 1410 4417 Peripneumoniam
1470 4336 1762 4401 Notham
1819 4335 1954 4400 fere
2013 4336 2508 4400 comitabantur.

377 4484 396 4505 ²
433 4478 511 4527 Cf.
540 4482 723 4529 observ.
746 4482 872 4529 Med.
896 4481 924 4531 i.
952 4484 996 4530 2.
1027 4483 1080 4537 5;
1118 4496 1161 4529 v.
1188 4486 1232 4529 4.
1264 4483 1336 4530 16.
1741 4479 1756 4510 t
1788 4482 1866 4529 Cf.
1889 4484 2071 4531 observ.
2099 4484 2221 4532 Med.
2250 4482 2299 4530 ii.
2327 4482 2373 4531 l.
2399 4484 2442 4530 1.
