3138 5006
677 302 809 366 564
1312 300 1704 366 ΤΗΟΜΑΕ
1751 298 2271 369 SYDENHAM

470 468 556 517 D·
676 463 854 543 Non,
898 462 1165 547 perinde
1209 482 1284 527 ac
1329 462 1402 526 in
1446 462 1780 544 Discretis,
1827 484 1981 529 mox
2025 464 2108 529 ab
2153 466 2496 551 eruptione
2541 467 2908 532 remittunt

370 534 651 581 viamus.
677 572 1128 651 symptomata,
1160 565 1275 629 sed
1316 573 1385 630 et
1413 565 1613 629 febris
1651 572 1720 630 et
1764 566 1892 631 alia
1927 567 2012 631 ad
2049 569 2291 633 multos
2335 570 2537 634 etiam
2577 570 2716 635 dies
2745 578 2906 654 post

676 668 1080 753 eruptionem
1122 668 1531 751 pustularum
1585 690 1854 753 aegrum
1898 670 2327 737 discruciant:
2379 694 2560 737 nunc
2603 674 2902 758 erysipe-

672 772 821 835 latis
850 770 1001 850 ritu,
1024 791 1203 835 nunc
1230 771 1695 852 morbillorum,
1727 783 2114 857 erumpunt3
2161 776 2517 859 eruptionis
2545 776 2698 840 licet
2720 782 2900 839 tem-

672 896 829 961 pore
866 875 1059 959 plane
1094 874 1600 958 distinguantur,
1693 876 2038 943 Crescente
2079 878 2328 958 morbo,
2361 901 2498 944 non
2539 882 2611 943 in
2647 880 2902 945 molem

676 977 960 1060 aliquam
1010 975 1427 1060 spectabilem
1474 978 1900 1058 attolluntur-3
1954 981 2069 1045 sed
2113 980 2185 1045 in
2233 982 2398 1047 facie
2443 982 2567 1047 sibi
2609 984 2900 1048 invicem

674 1084 1042 1168 implicitae,
1060 1090 1375 1167 tanquam
1396 1086 1673 1151 vesicula
1699 1086 1916 1167 rubra,
1942 1088 2194 1153 vultum
2223 1108 2481 1155 omnem
2505 1096 2899 1173 contegunt,

675 1212 869 1274 quem
916 1191 1235 1255 maturius
1294 1191 1548 1255 elevant
1610 1214 1806 1275 quam
1865 1193 2236 1273 Discretae3
2308 1195 2744 1279 postmodum,
2804 1196 2900 1260 ad

674 1295 883 1358 instar
924 1293 1261 1377 pelliculae
1304 1293 1488 1359 albae
1518 1295 1733 1359 vultui
1775 1295 2240 1379 agglutinatae,
2273 1298 2441 1362 cutis
2485 1299 2902 1381 superficiem

676 1420 810 1463 non
840 1400 1189 1463 admodum
1222 1409 1549 1484 superant.
1649 1400 1772 1485 [7.]
1829 1402 2274 1488 Praeterlapso
2305 1404 2410 1469 die
2439 1412 2679 1483 octavo,
2703 1406 2898 1489 pelli-

677 1502 823 1566 cula
866 1502 1013 1566 alba
1042 1497 1327 1585 quotidie
1355 1503 1669 1587 paulatim
1709 1506 1917 1588 magis
1961 1514 2396 1591 exasperatur,
2427 1508 2638 1573 colore
2665 1508 2857 1573 fusco
2873 1536 2898 1587 3

674 1605 971 1669 intensus
999 1606 1207 1689 magis
1238 1614 1337 1671 est
1369 1606 1551 1670 dolor
1579 1608 1766 1698 cutis,
1799 1608 2005 1673 donec
2033 1609 2301 1674 tandem
2330 1611 2404 1675 in
2435 1612 2902 1676 truculentiori

676 1706 903 1771 morbo
940 1729 1077 1771 non
1118 1707 1246 1772 nisi
1277 1716 1425 1793 post
1464 1708 1638 1773 diem
1673 1710 2050 1775 vicesimum
2093 1712 2430 1777 latioribus
2473 1714 2733 1778 laminis
2777 1713 2896 1779 de-

678 1818 1141 1894 squammatur.
1236 1812 1381 1877 Hoc
1409 1812 1674 1877 interim
1703 1814 2046 1879 observatu
2089 1816 2384 1900 dignum,
2418 1816 2610 1900 quod,
2643 1826 2901 1901 quanto

675 1912 969 1997 pustulae
1012 1919 1517 1979 maturescentes
1561 1917 1826 2001 propius
1874 1918 1956 1981 ad
2001 1918 2281 1983 colorem
2326 1918 2707 1983 subfuscum
2751 1940 2900 1983 ver-

678 2024 866 2100 gunt,
926 2038 1003 2081 eo
1062 2018 1409 2083 deteriores
1466 2020 1709 2084 lentius
1769 2020 2165 2101 abscedunt3
2212 2044 2341 2107 quo
2399 2024 2606 2107 magis
2667 2032 2900 2088 autem

677 2122 1049 2201 flavescunt,
1102 2144 1181 2187 eo
1231 2123 1445 2186 minus
1496 2114 1948 2204 confluxerint,
2005 2134 2071 2190 et
2122 2147 2320 2210 ocyus
2373 2148 2443 2191 se
2500 2127 2897 2211 proripiunt.

690 2224 811 2309 [8.]
868 2224 1003 2289 Ubi
1047 2224 1332 2309 primum
1376 2224 1688 2289 deciderit
1739 2227 2059 2310 pellicula,
2104 2228 2288 2291 nulla
2333 2228 2632 2292 scabritie
2668 2230 2901 2293 vultus

678 2328 987 2406 afficitur,
1034 2334 1101 2391 at
1121 2350 1270 2393 vero
1292 2349 1441 2392 mox
1458 2328 1637 2392 illam
1656 2329 1986 2413 excipiunt
2009 2330 2450 2413 squammulae
2471 2330 2899 2411 fiuffiraeeae,

676 2429 911 2495 indolis
967 2452 1281 2516 perquam
1334 2431 1708 2511 corrosivae,
1763 2452 1928 2516 quae
1974 2431 2187 2495 foveas
2234 2431 2612 2516 relinquunt
2659 2442 2900 2517 paten-

676 2537 893 2615 tiores,
939 2542 1009 2601 et
1058 2559 1246 2621 saepe
1298 2537 1650 2601 cicatrices.
1742 2537 2148 2621 Quandoque
2196 2537 2454 2600 humeri
2505 2545 2572 2601 et
2623 2537 2898 2603 dorsum

373 2653 537 2702 Morbi
559 2670 643 2718 pe-
679 2638 964 2702 cuticula
1016 2639 1450 2702 denudantur.
1542 2638 1764 2702 Morbi
1813 2639 2172 2721 periculum
2224 2661 2264 2702 a
2304 2638 2718 2724 pustularum
2763 2638 2898 2702 fie-

370 2719 605 2832 fflffl.
680 2743 947 2826 quentia
996 2750 1062 2807 et
1112 2763 1387 2808 numero
1442 2743 1516 2807 in
1573 2744 1736 2808 facie
1795 2744 1932 2808 sola
1989 2743 2483 2808 aestimandum.
2573 2744 2900 2808 Pustulae

372 2848 577 2896 stiman-
679 2867 995 2910 manuum
1046 2854 1113 2910 et
1164 2845 1404 2930 pedum
1454 2846 1751 2929 majores,
1799 2853 1865 2910 et
1916 2867 2045 2930 quo
2097 2846 2290 2910 altius
2343 2845 2424 2910 ab
2477 2845 2899 2909 extremitate

373 2913 510 2960 dum.
680 2955 943 3013 artuum
974 2949 1356 3026 ascenderis,
1378 2968 1455 3012 eo
1484 2948 1727 3012 sensim
1754 2947 2036 3011 minores
2067 2953 2132 3011 et
2151 2947 2607 3011 contractiores
2637 2953 2893 3010 extant.

372 3069 433 3117 In
456 3069 636 3120 adultis
689 3049 811 3134 [9.]
868 3049 953 3113 In
997 3049 1234 3112 adultis
1278 3049 1588 3129 salivatio,
1627 3050 1700 3113 in
1740 3049 2099 3114 infantibus
2143 3048 2497 3126 diarrhoea,
2535 3048 2710 3130 (licet
2753 3069 2896 3111 non

369 3133 637 3250 ξζξζῖξξὲ.
678 3152 773 3216 ita
800 3153 1021 3236 cert0,)
1058 3151 1543 3216 confluentium
1574 3173 1806 3216 comes.
1883 3151 2277 3236 Ptyalismus
2305 3171 2484 3214 nunc
2513 3171 2663 3213 cum
2693 3170 2891 3234 erup-

372 3263 463 3311 bus
486 3265 613 3314 ‹liar-
677 3254 857 3318 tione
904 3275 973 3317 se
1028 3254 1264 3338 prodit,
1313 3276 1490 3319 nunc
1540 3254 1742 3319 biduo
1797 3253 2092 3318 triduove
2141 3253 2489 3336 praeterito
2546 3254 2898 3317 materiam

370 3329 634 3442 ἷξόῗζζωη,
678 3356 889 3440 primo
910 3362 1195 3436 tenuem,
1228 3357 1333 3421 die
1376 3356 1722 3422 undecimo
1763 3356 2164 3421 viscidiorem
2209 3355 2562 3439 aegerrime
2606 3363 2892 3420 excreat.

370 3459 497 3524 tium
520 3474 599 3507 ⁰⁰-
682 3457 1063 3522 siticulosus
1108 3466 1207 3522 est
1246 3479 1455 3542 aeger,
1486 3480 1640 3524 voce
1682 3480 1895 3537 rauca,
1928 3458 2360 3523 somnolentia
2387 3465 2454 3522 et
2493 3465 2759 3542 stupore
2786 3459 2892 3522 in-

371 3539 489 3572 mes.
678 3559 983 3643 gentibus
1020 3561 1383 3645 corripitur,
1412 3562 1590 3626 inter
1625 3561 1983 3627 bibendum
2025 3560 2300 3626 subinde
2344 3561 2558 3640 tussit,
2587 3567 2658 3625 et
2691 3569 2894 3644 potus

676 3683 794 3746 per
822 3683 1013 3727 nares
1034 3665 1399 3728 revertitur.
1490 3667 1675 3729 Tunc
1704 3673 1910 3729 cessat
1939 3671 2015 3728 ut
2054 3665 2408 3748 plurimum
2439 3663 2751 3742 salivatio,
2783 3665 2896 3728 cui

674 3765 805 3830 nisi
831 3765 1017 3830 faciei
1058 3767 1561 3832 intumescentia
1595 3769 1802 3852 (quae,
1845 3767 1996 3830 licet
2037 3767 2162 3830 hoc
2201 3767 2340 3850 ipso
2383 3765 2490 3830 die
2531 3786 2648 3849 pro
2676 3765 2893 3830 morbi

678 3869 869 3951 genio
900 3869 1364 3954 aliquantisper
1390 3871 1638 3934 remitti
1669 3869 1920 3948 debeat,
1953 3891 2085 3933 non
2127 3875 2351 3932 tamen
2379 3867 2507 3932 nisi
2535 3876 2682 3952 post
2713 3867 2892 3931 diem

676 3993 886 4037 unum
916 3973 1268 4036 alterumve
1285 3974 1555 4036 omnino
1583 3972 1923 4056 recedere,)
1948 3979 2014 4035 et
2045 3992 2358 4035 manuum
2380 3972 2520 4056 jam
2541 3971 2896 4054 insigniter

678 4074 991 4158 incipiens
1037 4083 1102 4139 et
1148 4074 1391 4139 diutius
1434 4075 1792 4160 perdurans
1833 4075 2158 4159 suppetias
2195 4075 2486 4153 tulerint,
2518 4095 2716 4157 aegro
2745 4096 2894 4158 pro-

676 4177 857 4240 tinus
902 4177 1311 4242 moriendum
1359 4186 1476 4243 est.
1567 4177 1927 4242 Diarrhoea
1972 4199 2110 4241 non
2160 4177 2256 4241 ita
2303 4183 2559 4240 mature
2601 4176 2894 4241 infantes

679 4287 969 4363 occupat,
995 4302 1069 4344 ac
1096 4282 1477 4365 ptyalismus
1510 4280 1784 4345 adultOS.
1859 4279 2024 4365 [lo.]
2066 4279 2151 4343 In
2179 4287 2454 4363 utraque
2476 4278 2894 4343 Variolarum

680 4383 888 4464 specie
925 4383 1122 4448 febris
1168 4384 1248 4449 ab
1277 4385 1529 4449 insultu
1565 4385 1647 4450 ad
1690 4385 2095 4468 eruptionem
2129 4383 2534 4459 dominatur3
2585 4380 2744 4445 inde
2775 4380 2892 4446 dat

678 4483 972 4548 inducias
1014 4486 1094 4550 ad
1124 4489 1532 4571 pustularum
1561 4488 2102 4565 maturationem,
2149 4507 2276 4570 qua
2303 4489 2582 4570 peracta,
2623 4483 2887 4548 desinit.
