3138 5006
20 490 60 1121 ··''·······⁸stu'‘!

1220 328 1478 389 INDEX
1520 326 1835 390 RERUM.
2274 316 2286 327 ⁸
2616 334 2735 395 641

317 476 372 527 in
417 479 706 545 dysenterls,
756 480 878 540 1713
925 482 1194 533 infirmibus
1235 498 1336 547 qus
1377 482 1482 533 desi

318 544 610 607 exbibenda,
634 548 760 605 1743
803 546 890 597 diu
910 548 992 597 hic
1019 554 1253 612 usurpata
1275 564 1374 597 non
1391 560 1484 597 no—

319 616 434 657 eent
466 612 586 659 sdeo
619 628 676 661 so
709 612 760 661 in
883 613 948 661 rti
977 612 1195 671 eredunt,
1222 612 1345 671 1733
1379 614 1482 663 die-

317 672 412 723 bus
432 691 463 723 a
493 676 782 740 purgatione
813 677 978 726 liberis
1009 692 1162 741 quere
1189 678 1486 737 exhibenda,

321 737 442 794 1723
489 756 640 803 quare
672 748 783 804 post
813 742 1082 791 esthsrties
1114 742 1327 805 singula,
1356 742 1480 800 1723

317 802 372 850 in
410 803 684 866 dysenteria
717 806 1071 869 praefi-aetiore,
1109 808 1318 871 quoties,
1356 806 1480 866 1733

318 866 534 982 ἱῖεῗοέἱ.
549 870 834 998 ῗιξῖἒὲῗέἓῗ
849 872 1484 999 εὲιῗὲἒῗὲἰῶἳζέῗωῖδῖῗ

315 996 608 1047 torminibus
621 1001 804 1048 ventris
817 1006 936 1057 ortu,
950 1002 1070 1057 5003
1093 1000 1146 1047 in
1158 1000 1288 1048 febre
1301 1002 1482 1049 contin.

317 1070 428 1123 post
456 1064 785 1123 vomitorium,
806 1068 898 1121 453
931 1065 984 1113 in
1014 1065 1148 1113 febre
1175 1066 1363 1127 dysent.
1393 1080 1482 1113 no·-

317 1132 445 1184 eent,
464 1128 579 1185 1813
615 1142 673 1177 ea
687 1136 874 1187 eurota,
890 1144 1040 1192 quare
1057 1130 1343 1186 conducunt,
1363 1132 1481 1185 1823

319 1190 509 1253 quoties
549 1206 664 1241 vero
703 1200 754 1241 et
789 1193 984 1256 quando
1024 1193 1314 1251 exhibenda,
1357 1196 1482 1249 1823

317 1253 372 1301 in
403 1254 538 1304 febre
565 1257 774 1320 epidem.
807 1273 918 1306 ann.
950 1258 1180 1309 ’73-’75
1211 1272 1311 1307 non
1338 1258 1484 1307 facile

317 1318 372 1366 in
415 1335 564 1369 usum
598 1328 739 1369 ersnt
771 1322 1056 1380 revocanda,
1090 1323 1216 1379 2163
1259 1323 1312 1370 in
1349 1322 1484 1371 febre

319 1382 530 1446 epidem.
552 1400 696 1444 nova,
722 1387 836 1443 499,
864 1389 988 1444 5003
1023 1386 1065 1434 si
1093 1387 1354 1450 purgantis
1382 1402 1482 1435 non

319 1456 590 1512 assumpta,
609 1450 730 1498 hors
759 1450 916 1498 somni
939 1466 1036 1499 non
1069 1450 1246 1509 dsnds,
1267 1452 1360 1501 491
1382 1470 1396 1505 3
1429 1451 1481 1499 in

318 1510 471 1574 bujns
521 1514 672 1571 exitu,
717 1514 778 1561 sd
828 1515 1114 1593 expellenda
1153 1522 1482 1580 symptomata

319 1575 517 1634 leviore,
534 1579 595 1626 sb
611 1578 1008 1629 evacuatiombus
1025 1580 1241 1645 repetitis
1254 1579 1482 1640 excitata,

319 1642 445 1698 5053
479 1642 532 1690 in
555 1643 768 1692 febribus
789 1644 1040 1694 intermitt.
1069 1652 1179 1709 post
1197 1646 1479 1704 cathartica,

319 1706 383 1756 87
403 1724 416 1761 3
451 1706 504 1754 in
523 1706 658 1756 febre
677 1708 938 1757 seat-latina
964 1709 1246 1767 infantium,
1266 1710 1394 1765 2443
1427 1710 1481 1757 in

316 1770 534 1819 febribus
562 1778 673 1836 post
691 1774 965 1836 purgantis,
989 1776 1113 1830 5053
1147 1780 1258 1837 post
1274 1774 1482 1823 emetiea

316 1832 372 1881 in
414 1834 630 1884 febribus
672 1838 966 1897 vernalibus,
1015 1838 1111 1895 753
1161 1838 1213 1886 in
1253 1838 1478 1887 haemor-

315 1898 490 1962 rhagis
529 1901 742 1961 narium,
783 1904 912 1959 2683
960 1903 1016 1950 in
1055 1902 1338 1965 hydropica,
1383 1918 1482 1965 qus

315 1964 506 2012 ratione
536 1965 766 2023 exhibita,
789 1968 914 2023 4683
957 1967 1011 2015 in
1044 1966 1287 2030 hyster-ica
1307 1967 1482 2027 effect„

319 2028 432 2086 384,
474 2031 606 2086 3853
663 2031 928 2079 curationis
967 2031 1120 2095 hujus
1161 2031 1318 2088 initio,
1365 2030 1480 2091 378,

320 2092 448 2149 3793
491 2094 579 2142 ubi
621 2094 760 2143 dolor
799 2096 878 2144 vel
918 2096 1147 2173 vomitus,
1187 2110 1482 2173 paroxysmo

315 2164 542 2280 33⁸3&
561 2173 912 2281 3333&
933 2167 1478 2288 ffiffissfflzzz

315 2288 462 2335 modo
490 2288 778 2347 exhibenda,
813 2292 924 2347 393,
960 2292 1090 2344 3943
1133 2290 1184 2338 in
1219 2289 1331 2347 ileo,
1366 2296 1482 2338 ante

349 2352 595 2415 urgentis,
629 2355 758 2410 5033
799 2354 1116 2418 purgantium
1148 2355 1477 2417 operationem

315 2364 544 2465 genuum
564 2418 780 2481 adjuvat,
805 2421 930 2475 5033
975 2418 1027 2467 in
1053 2418 1324 2467 lochionun
1356 2434 1478 2483 sup-

315 2480 562 2544 pressione
583 2496 644 2531 ex
663 2482 908 2546 hysterioa
927 2482 1101 2542 effect„
1120 2485 1243 2541 3983
1273 2483 1326 2532 in
1343 2499 1478 2533 men·

317 2543 450 2594 sium
481 2546 620 2595 fluxu
652 2547 928 2607 immodico,
963 2551 1054 2596 401
1077 2567 1090 2605 3
1131 2549 1184 2597 in
1217 2549 1477 2609 moi-billis,

321 2611 452 2666 1863
495 2611 546 2660 in
589 2612 860 2674 nephritieo
897 2627 1204 2676 paroxysrno,
1250 2612 1378 2671 5273
1423 2613 1476 2662 in

315 2673 592 2738 nephi-iride
611 2691 670 2724 ex
691 2676 936 2739 hysteriea
956 2677 1130 2734 affeet..
1157 2679 1280 2734 3953
1311 2679 1364 2726 in
1388 2693 1478 2726 ne·-

315 2738 530 2802 phritide
562 2755 622 2788 ex
898 2741 1216 2800 diuturniore,
1250 2744 1376 2797 4483
1421 2743 1474 2790 in

316 2803 606 2865 phrenitide,
623 2805 839 2862 56-583
872 2805 926 2854 in
938 2806 1212 2868 phrenitide
1223 2822 1254 2854 s
1263 2805 1480 2865 variolis,

317 2869 444 2923 5663
477 2868 528 2915 in
683 2884 770 2932 gre
799 2869 1078 2928 inveterate,
1109 2873 1236 2927 4483
1269 2870 1322 2918 in
1353 2871 1478 2982 pod-

316 2931 492 2994 sgrieis
513 2947 572 2980 ea
589 2933 702 2981 culo
723 2933 1070 2992 laborantibus,
1094 2937 1220 2992 5243
1254 2935 1308 2982 in
1329 2949 1354 2982 r
1389 2949 1476 2982 eu-

317 2996 560 3054 matismo,
579 2999 691 3057 258,
709 3000 830 3056 3023
873 2999 926 3047 in
949 3000 1042 3047 hoo
1062 3000 1230 3046 morbo
1249 2999 1478 3060 &equen-

315 3059 454 3108 tioris
495 3063 900 3111 venne-sectionis
936 3077 1085 3111 eausa
1117 3079 1224 3111 esse
1257 3071 1479 3126 possunt,

313 3127 444 3182 2583
485 3141 646 3190 neque
681 3127 734 3175 in
771 3128 938 3190 vigore
979 3127 1138 3175 morbi
1175 3125 1484 3189 ἆναλῃσίυ

313 3197 576 3254 praestant,
601 3193 726 3248 2583
759 3197 924 3240 tamen
945 3192 1173 3240 morbum
1187 3207 1288 3240 non
1301 3193 1477 3254 figunt,

315 3254 360 3302 si
381 3255 645 3304 cathartica
666 3257 858 3320 saepius
879 3257 1116 3306 iterentur
1143 3263 1256 3321 post
1283 3257 1478 3305 tertiam

311 3321 776 3380 venae-sectionem,
799 3323 921 3378 3023
953 3321 1008 3369 in
1028 3321 1153 3370 tussi
1174 3320 1478 3386 epidem.'75

313 3384 599 3448 periculosa,
624 3388 746 3446 2283
778 3385 832 3434 in
856 3385 1069 3444 veriolis,
1095 3386 1204 3444 139,
1231 3387 1342 3444 142,
1368 3387 1476 3444 144,

315 3451 436 3506 5653
497 3450 660 3498 nando
671 3450 931 3513 praecipue
943 3451 1042 3499 sint
1055 3451 1345 3509 exhibenda,
1357 3453 1476 3508 3493

313 3512 490 3562 infanti
560 3531 585 3561 s
601 3515 688 3563 vix
709 3515 996 3574 exhibenda,
1025 3518 1136 3574 142,
1154 3517 1280 3574 2233
1313 3514 1476 3564 iussn-

314 3577 446 3626 tibus
467 3593 566 3627 non
589 3578 659 3626 its
677 3580 976 3639 conducunt,
993 3581 1106 3639 349,
1127 3582 1248 3636 3533
1283 3581 1480 3644 qusndo

315 3655 432 3704 ergo
473 3643 757 3702 exhibenda,
801 3646 926 3701 3533
981 3645 1034 3693 in
1075 3645 1272 3693 variolis
1314 3659 1478 3694 auom.

314 3705 486 3768 nigris,
512 3709 622 3765 191,
647 3709 756 3766 193,
778 3711 896 3765 2233
931 3709 984 3756 in
1005 3709 1198 3760 variolis
1215 3709 1355 3759 confi.
1377 3710 1480 3758 fere

315 3770 559 3832 specifica,
582 3774 677 3820 348
699 3788 804 3836 sq.3
837 3773 1036 3836 spiritus
1060 3776 1353 3838 consopiunt
1383 3771 1476 3821 sli-

317 3835 527 3896 quando,
571 3841 623 3884 et
663 3836 758 3885 hoe
802 3851 949 3885 sensu
985 3845 1202 3901 prosunt,
1247 3840 1372 3894 3483
1416 3837 1479 3886 sd

316 3899 516 3962 spiritus
563 3901 938 3964 compescendos
987 3915 1088 3950 non
1135 3903 1330 3965 juvant,
1381 3901 1478 3950 nisi

316 3977 462 4026 teger
481 3979 509 4012 e
530 3963 713 4012 lectulo
733 3965 992 4022 eximatur,
1016 3967 1138 4021 3513
1173 3967 1478 4029 eruptionem

315 4028 590 4092 perficiunt,
613 4029 732 4084 1373
768 4045 998 4078 somnum
1017 4031 1322 4079 conciliando
1334 4030 1481 4094 phre-

315 4093 456 4140 nesin
475 4100 718 4150 avertunt,
741 4095 986 4152 142,1443
1021 4093 1356 4144 salivationem
1371 4109 1480 4157 pro-

315 4165 528 4214 movent,
552 4160 662 4215 141,
685 4159 810 4214 1423
847 4166 896 4208 et
927 4159 969 4207 si
991 4159 1112 4207 hseo
1139 4159 1202 4207 ed
1221 4160 1365 4208 borss
1387 4159 1476 4207 sli-

315 4231 436 4284 quot
451 4222 512 4270 iis
529 4222 668 4285 qussi
693 4223 894 4282 sistitur,
913 4239 1032 4272 mox
1044 4223 1236 4272 felicius
1253 4224 1480 4286 resurgit,

319 4287 430 4344 142,
454 4288 576 4344 3533
620 4294 734 4351 poet
765 4289 1208 4337 venne-sectionem
1239 4290 1293 4337 in
1324 4289 1480 4336 mictu

314 4349 396 4398 vel
435 4359 580 4414 sputo
613 4352 868 4415 ssnguinis
904 4354 958 4401 in
999 4353 1092 4401 boo
1131 4355 1314 4409 morbo,
1353 4355 1476 4409 5193

314 4415 468 4464 misse
505 4417 792 4466 necessitate
836 4417 932 4465 slio
983 4423 1202 4482 tempore
1245 4417 1478 4466 exbiben—

313 4481 383 4537 di,
417 4481 498 4528 6²⁸
533 4489 680 4530 noete
718 4481 780 4530 ab
817 4481 1070 4530 invasione
1111 4483 1286 4540 dsnds,
1321 4489 1372 4530 et
1408 4481 1480 4530 sie

315 4545 450 4594 omni
471 4561 670 4611 vespere
689 4545 750 4596 sd
779 4545 962 4600 17¹¹²¹¹¹¹¹
981 4547 1126 4606 diem,
1143 4548 1258 4608 351,
1279 4548 1341 4597 cf.
1359 4547 1476 4602 5653

1563 480 1687 531 hors
1702 496 1821 531 vero
1842 479 1922 532 6‘·
1949 480 2033 533 vel
2052 480 2161 535 7¹²⁸
2178 483 2457 546 vespertina
2478 486 2737 547 sumentis,

1569 548 1693 603 1423
1732 549 1852 595 11³⁰
1872 546 1953 597 die
1972 548 2241 625 temporius
2262 550 2583 614 propinanda,
2606 554 2735 608 3513

1564 610 1829 673 aliquando
1846 612 1923 661 bis
1950 613 2185 676 quotidie,
2208 614 2473 677 aliquando
2500 622 2575 665 ter
2594 617 2735 665 exbi-

1563 675 1741 734 bends,
1752 678 1872 733 3523
1896 677 1949 725 in
1962 677 2161 726 variolis
2172 678 2333 737 diser„
2346 680 2431 727 ubi
2444 680 2735 743 inquietudo

1563 746 1631 853 163116
1632 740 1835 851 ἔίςϋίιο
1852 742 2180 806 phrenitidem
2206 744 2458 804 minitant,
2484 746 2597 804 139,
2620 747 2733 805 142,

1630 868 1920 934 Psroxysmi
1940 869 2151 919 febrium
2179 870 2433 922 intemnitt.
2456 872 2735 937 descriptio,

1565 932 1661 989 703
1706 936 1815 997 ejus
1855 935 1949 983 tria
1992 936 2185 985 diversa
2224 943 2465 1000 tempora,
2506 939 2589 996 68,
2632 938 2725 995 703

1562 1000 2737 1065 paroxysmorumredupliestioexduplieieausa,

1563 1062 1647 1119 70,
1660 1063 1689 1114 7
1698 1065 1721 1111 1
1737 1080 1752 1120 3
1783 1078 1932 1127 quare
1944 1072 2249 1113 revertuntur
2262 1067 2402 1115 statis
2414 1068 2733 1129 temporibus,

1562 1128 1655 1182 693
1692 1128 1887 1176 corticis
1908 1128 2085 1177 Peruv.
2102 1146 2197 1193 ope
2210 1132 2435 1179 sensimo
2502 1130 2731 1191 timendi,

1563 1192 1657 1247 833
1692 1206 2015 1256 psmxysmus
2034 1194 2279 1257 podagrae
2299 1210 2391 1243 eur
2410 1212 2439 1244 s
2487 1211 2731 1245 evacuan-

1561 1255 1695 1303 tibus
1726 1256 1981 1316 excitetur,
2002 1260 2127 1313 4213
2162 1274 2227 1306 ex
2254 1259 2377 1307 serie
2409 1275 2731 1324 paroxysmis-

1561 1319 1725 1367 lorum
1768 1328 1974 1379 constat,
2016 1323 2113 1370 412
2156 1338 2249 1385 sq„
2291 1325 2407 1379 423,
2445 1327 2559 1381 443,
2603 1326 2733 1383 6113

1560 1384 1759 1432 brevior
1782 1392 1868 1433 sut
1888 1384 2167 1433 diuturnior
2186 1393 2262 1434 est
2286 1402 2375 1451 pro
2402 1394 2561 1436 setste
2582 1391 2733 1451 aegri,

1560 1449 1695 1504 4123
1728 1449 2011 1513 irregularis
2038 1452 2281 1512 quomodo
2303 1467 2334 1499 s
2351 1452 2565 1513 regulari
2592 1453 2731 1502 diffe-

1560 1519 1654 1570 rat,
1675 1514 1789 1590 412,
1811 1515 1939 1571 4133
1968 1514 2137 1563 mitior
2164 1516 2311 1563 eitius
2330 1516 2523 1577 redibit,
2545 1518 2733 1568 ssevior

1562 1586 1915 1702 auggg&
1932 1582 2271 1706 affingant?
2280 1658 2541 1693 excernere
2573 1646 2733 1710 eoepit

1561 1706 1781 1770 sanguis,
1803 1722 1891 1756 eur
1912 1725 1943 1757 s
1962 1708 2159 1757 Natura
2176 1708 2293 1757 ferri
2311 1709 2527 1774 amplius
2544 1726 2729 1773 neque-

1562 1786 1627 1819 an
1691 1773 1771 1819 42.

1628 1776 1807 1885 ‘flattu-
1829 1835 2102 1885 hboriosus
2128 1836 2183 1885 in
2212 1837 2495 1903 apoplexiae
2516 1838 2731 1902 speeiem

1561 1899 1841 1963 frequenter
1861 1902 2075 1964 conjicit,
2098 1902 2210 1951 365.

1629 1963 1799 2014 Passio
1816 1965 2073 2029 hysterics.
2100 1965 2171 2029 [v.
2198 1968 2453 2029 Hyan-ica
2471 1967 2715 2031 Αἶα-ἰὴ]

1628 2028 1874 2093 Pauper-es
1906 2047 1935 2079 s
1965 2031 2265 2093 gonorrhoea
2286 2029 2435 2081 vim).
2467 2030 2731 2094 aliquando

1561 2091 1751 2141 liberati
1774 2095 1911 2143 hiere
1932 2094 2037 2143 sols
2050 2094 2225 2157 jslspii
2244 2095 2425 2151 radice,
2446 2098 2561 2144 313.

1628 2157 1899 2207 Pectorslis
1918 2160 2275 2208 medicamenta
2302 2159 2531 2223 vulgaria
2550 2160 2729 2212 tussim

1561 2236 1715 2284 quere
1734 2238 1833 2271 non
1855 2238 2025 2272 eurare
2042 2224 2247 2287 possint,
2274 2224 2385 2281 293,
2408 2226 2519 2273 294.

1628 2286 1786 2336 Pedes
1806 2287 1859 2335 in
1880 2289 2095 2351 podagre
2122 2288 2354 2336 msterise
2380 2288 2629 2352 peeesntis
2650 2304 2731 2338 se-

1563 2350 1651 2399 des
1670 2358 1787 2400 sunt
1800 2353 2028 2415 genuina,
2044 2353 2165 2409 4133
2198 2353 2253 2400 in
2267 2353 2511 2416 podagrae
2528 2354 2727 2417 irregul.

1596 2430 1967 2481 aroxysrnorum
1994 2416 2265 2465 intervallis
2286 2417 2369 2466 rix
2392 2432 2615 2480 unquam
2642 2420 2729 2467 do·-

1610 2481 1680 2530 ris
1700 2489 1820 2531 sunt
1840 2488 2074 2547 expertes,
2106 2484 2233 2538 4143
2276 2482 2331 2531 in
2352 2482 2593 2546 podsgrse
2612 2478 2727 2547 par-L

1561 2547 2573 2662 ⁰¹}2fflx1i‘ffzffixdtnffidffl
2590 2551 2729 2663 ‘3232

1562 2674 1644 2726 ’70
1666 2675 1841 2724 faeiem
1870 2675 1993 2724 11⁰⁰
2014 2677 2093 2726 die
2111 2677 2361 2740 obtegens,
2387 2679 2497 2726 190.

1628 2739 1775 2787 Penis
1796 2747 1961 2788 tumor
1978 2741 2031 2789 in
2053 2741 2357 2804 gonorrhoes
2364 2741 2612 2802 quomodo
2628 2743 2731 2792 dis-

1562 2803 1837 2863 cutiendus,
1862 2807 1972 2853 590.
1994 2803 2065 2867 [v.
2094 2807 2369 2862 eumaem,
2392 2805 2579 2869 Dolon]

1629 2867 1965 2930 Peregrinatio
2015 2883 2185 2917 versus
2233 2877 2457 2918 ausuum
2497 2870 2631 2918 unde
2670 2869 2723 2919 in

1563 2931 1809 2981 chronicis
1855 2933 2083 2981 eur-saulis
2130 2933 2203 2982 its
2241 2933 2503 2996 insigniter
2556 2936 2727 2999 prosit,

1630 3059 2093 3112 Pennsnuuons
2130 3059 2269 3125 (Dr.)
2307 3059 2527 3121 Noa-ns,
2560 3064 2729 3112 252-

1565 3127 1678 3183 255,
1703 3127 1817 3182 555,
1840 3127 1953 3173 556.

1629 3189 2065 3254 Peripneumonise
2100 3188 2283 3238 notbae
2310 3188 2571 3252 descriptio
2612 3193 2727 3249 252,

1564 3255 1680 3312 253,
1709 3255 1825 3310 477,
1844 3255 1969 3311 5553
2014 3269 2045 3302 s
2074 3254 2209 3302 febre
2240 3253 2471 3318 hyemali,
2500 3269 2599 3302 non
2630 3256 2727 3304 nisi

1561 3319 1719 3381 gradu
1752 3317 1926 3376 differt,
1957 3318 2051 3370 477
2074 3336 2087 3374 3
2130 3333 2369 3381 quosnam
2398 3320 2726 3381 sggoedhmr,

1563 3385 1685 3439 2523
1708 3383 1839 3431 unde
1853 3382 2050 3442 oriatur,
2066 3385 2187 3440 2543
2210 3398 2325 3431 eum
2341 3383 2583 3432 ssthmste
2596 3385 2728 3433 sieeo

1561 3447 1615 3496 in
1683 3446 1873 3496 lun'bus
1912 3448 2223 3506 conveniens,
2258 3447 2313 3496 in
2354 3447 2527 3496 multis
2560 3455 2727 3498 tumen

1561 3463 1739 3571 ‹ligi-tq
1770 3515 1883 3570 254,
1918 3515 2031 3572 255,
2063 3515 2190 3570 5553
2226 3528 2343 3561 eum
2374 3513 2511 3561 febre
2540 3513 2728 3576 incipit„

1562 3579 1695 3634 2533
1735 3577 1883 3626 febris
1906 3577 2049 3640 signa
2076 3577 2223 3626 babet
2252 3578 2443 3626 minos-s
2466 3593 2617 3640 quesn
2642 3593 2729 3640 pe-

1559 3642 1801 3705 ripneum.
1824 3657 1955 3700 vera,
1978 3643 2093 3700 255,
2115 3644 2213 3691 555
2231 3661 2247 3698 3
2278 3643 2427 3690 febris
2448 3657 2537 3706 pro
2557 3643 2729 3691 morbo

1560 3706 1793 3770 primario
1824 3707 2063 3765 habenda,
2089 3713 2140 3755 et
2168 3706 2347 3768 reliqui
2379 3706 2581 3754 effeetus
2614 3713 2727 3754 tan-

1561 3787 1596 3835 q
1733 3777 2079 3882 mmm,
2100 3773 2217 3828 239,
2238 3770 2331 3821 247
2352 3790 2365 3826 3
2398 3777 2729 3845 symptomata

1563 3849 1805 3898 qusensm
1998 3841 2033 3892 t,
2070 3837 2185 3892 253,
2217 3836 2347 3892 5553
2392 3834 2559 3896 qualis
2586 3835 2731 3897 signs

1561 3899 2020 3964 psthognomouiea,
2038 3899 2329 3954 487--4903
2360 3897 2607 3960 quomodo
2638 3914 2726 3947 cu-

1562 3971 1713 4022 retur,
1739 3965 1853 4022 253,
1874 3965 1990 4020 254,
2010 3965 2124 4011 555.
2186 3961 2597 4038 ᾙεῐὶριιειιιηοιιίι
2615 3977 2732 4012 vers

1563 4026 2494 4150 „ffifflffffirxfflr
2510 4027 2728 4149 mee

1569 4159 1680 4216 185,
1727 4157 1849 4213 1863
1902 4157 2295 4204 venae-sectione
2338 4157 2570 4214 miranda,
2617 4157 2727 4214 186,

1571 4220 1677 4272 187.
1702 4219 2155 4285 Peripneumoniae,
2174 4221 2427 4268 desinente
2434 4235 2567 4278 vere,
2580 4221 2727 4279 unde,

1567 4286 1661 4341 733
1695 4299 1845 4334 verno
1870 4291 2087 4348 tempore
2118 4284 2331 4334 Londini
2365 4300 2494 4333 suno
2516 4287 2597 4333 '65
2620 4293 2730 4348 post

1565 4350 1795 4413 hyemem
1814 4349 2043 4412 frigidam
2058 4356 2107 4397 et
2126 4349 2313 4396 siecum
2330 4348 2461 4411 gelu,
2477 4351 2566 4405 953
2598 4349 2728 4412 peri-

1565 4414 1865 4477 pneumonia
1878 4421 1925 4462 et
1938 4413 2221 4490 pleuritides
2233 4413 2425 4463 eonstit-
2444 4415 2523 4465 ’75
2540 4413 2729 4462 soboles

1565 4487 1759 4528 tsntum
1775 4479 1927 4527 tussis
1942 4478 2085 4528 istius
2097 4479 2259 4533 febris,
2276 4478 2397 4535 2273
2426 4485 2476 4526 et
2488 4479 2729 4528 diversum

1565 4561 1595 4592 a
1615 4543 1875 4609 pleuritide
1894 4543 2135 4592 medelam
2157 4543 2429 4606 exigebant,
2454 4543 2567 4595 227.

1459 4625 1583 4684 4η
