3138 5006
693 262 781 326 96
1346 261 1737 327 THOMAE
1785 260 2298 326 SYDENHAM

400 435 652 484 eonem.
692 441 871 487 mero
913 423 1170 507 stipata,
1215 422 1622 488 carbunculis
1671 420 1986 501 videlicet,
2033 420 2424 501 bubonibus,
2470 429 2594 487 etc.
2709 423 2904 488 Haec

387 500 665 611 ἓξζζξζΙ
690 524 897 589 indies
955 526 1163 607 magis
1223 546 1297 588 ac
1346 525 1553 607 magis
1621 525 2037 603 invalescens,
2097 525 2350 589 circiter
2407 525 2902 609 aequinoctium

422 630 521 684 ’65,
546 629 642 675 ·66.
692 627 1067 691 autumnale
1097 624 1307 709 ἀέμήν
1326 627 1585 709 attigit3
1630 647 1758 710 quo
1781 627 1920 710 jam
1939 626 2247 706 instante,
2269 628 2464 690 unius
2493 627 2900 710 septimanae

388 738 540 787 varia
562 741 667 803 ejus
693 728 968 792 decursu
1012 734 1159 793 octo
1196 730 1342 812 plus
1386 728 1607 791 minus
1652 728 1995 792 hominum
2037 729 2242 792 millia
2285 728 2540 808 delevit,
2585 727 2898 793 tametsi*

386 808 617 867 tempora.
691 830 820 893 duo
860 830 944 895 ad
984 830 1330 894 minimum
1374 830 1611 894 civium
1647 830 1920 894 trientes
1957 830 2042 895 ob
2083 837 2334 895 metum
2375 831 2659 913 contagii
2701 852 2772 895 se
2819 832 2898 895 in

686 952 801 995 rus
832 932 1308 1012 subduxerant,
1356 953 1396 995 a
1424 953 1553 1015 quo
1581 938 1876 1016 tempore
1903 932 2194 1016 receptui
2236 954 2466 997 canere
2483 942 2509 970 ⁰
2551 933 2785 1016 coepit,
2825 940 2898 998 et

686 1040 964 1119 urgente
1020 1034 1301 1099 brumali
1356 1034 1596 1117 frigore
1657 1040 1921 1098 tantum
1991 1055 2126 1098 non
2183 1035 2465 1113 evanuit,
2525 1034 2654 1098 nisi
2713 1036 2894 1117 quod

687 1138 958 1219 sparsim
998 1158 1208 1200 unum
1252 1142 1446 1219 atque
1490 1136 1768 1199 alterum
1809 1136 1964 1200 hinc
2003 1135 2157 1201 inde
2193 1136 2415 1201 feriret
2465 1158 2582 1221 per
2621 1158 2892 1201 omnem

685 1238 1006 1321 hyemem,
1053 1244 1119 1301 et
1169 1238 1567 1321 insequentis
1610 1238 1776 1302 veris
1825 1238 2196 1317 exordium3
2244 1259 2371 1321 quo
2426 1244 2772 1322 appetente
2819 1248 2888 1303 et

684 1340 826 1423 ipsa
867 1340 1132 1404 omnino
1172 1346 1268 1403 est
1313 1339 1559 1417 deleta3
1605 1339 1845 1403 mansit
1888 1347 2112 1403 tamen
2142 1340 2385 1419 Febris,
2418 1340 2708 1424 quamvis
2749 1361 2889 1404 non

687 1442 784 1505 ita
833 1441 1205 1525 epidemica,
1252 1447 1632 1505 excurrente
1695 1440 1952 1524 integro
2005 1462 2176 1505 anno
2229 1448 2560 1525 sequente,
2608 1442 2744 1505 imo
2805 1442 2890 1505 ad

682 1562 795 1605 ver
850 1564 1055 1626 usque
1112 1548 1328 1606 ortum
1387 1542 1543 1605 anni
1604 1542 1794 1606 1667.
1883 1543 1986 1607 De
2041 1541 2144 1606 his
2202 1544 2518 1607 nonnulla.
2571 1543 2680 1607 hic
2731 1543 2887 1607 sub-

683 1650 961 1709 nectam.

1595 1849 1788 1913 CAP.
1835 1846 1964 1913 II.‘1

830 1990 1047 2058 Febris
1074 1992 1522 2057 Pestilentialis
1550 1998 1614 2057 et
1641 1992 1854 2056 Pestis
1881 2000 2214 2055 annorum‘
2247 1992 2416 2056 1665
2447 1996 2511 2056 et
2543 1992 2740 2057 1666.

380 2154 611 2203 Febrium
768 2147 853 2212 In
886 2145 1317 2230 superioribus
1352 2144 1425 2230 [i.
1451 2149 1513 2208 4.
1534 2142 1675 2231 38.]
1716 2143 1925 2209 obiter
1955 2144 2262 2209 admonui
2291 2166 2330 2209 e
2359 2144 2675 2211 Febribus
2702 2169 2874 2212 non-

376 2220 655 2345 ξξζῗᾞὲζε
679 2249 892 2312 nullas
936 2249 1011 2312 in
1058 2248 1493 2331 malignarum
1550 2247 1751 2311 classe
1807 2246 2003 2329 vulgo
2057 2247 2302 2329 reponi,
2353 2268 2504 2311 cum
2553 2249 2882 2315 indomita

375 2361 464 2457 ἓξ)
474 2346 653 2473 2¹:323·
680 2357 1185 2436 symptomatum
1222 2350 1504 2429 saevitia,
1536 2371 1702 2433 quae
1739 2349 1892 2413 huic
1934 2348 2223 2432 opinioni
2264 2350 2656 2434 patrocinari
2701 2353 2881 2417 vide-

374 2472 627 2534 habentur‚
678 2460 807 2533 tur,
838 2474 973 2518 non
1008 2476 1049 2518 a
1084 2473 1405 2518 venenosa
1445 2452 1659 2517 morbi
1701 2450 1938 2530 indole,
1969 2451 2083 2516 sed
2113 2472 2152 2516 a
2179 2452 2510 2536 therapeia
2537 2474 2880 2540 perperam

372 2546 641 2660 afftsszn
682 2555 1131 2621 administrata
1156 2555 1616 2640 proficiscatur.
1689 2555 1870 2618 Nam
1898 2575 2048 2618 cum
2072 2553 2155 2618 ad
2185 2555 2401 2619 morbi
2429 2557 2820 2622 solutionem
2841 2581 2885 2624 a

374 2680 405 2740 ξι
426 2667 582 2713 morbi
679 2659 939 2729 Natura
979 2658 1369 2723 destinatam
1411 2655 1590 2720 haud
1631 2654 1787 2720 satis
1834 2656 2212 2734 attenditur,
2253 2656 2368 2721 sed
2404 2657 2530 2723 alia
2571 2659 2882 2724 medendi

374 2729 657 2856 ζῖἓὲὶῗρζῖξ
678 2763 845 2828 rafio
872 2770 1116 2828 temere
1142 2762 1526 2840 instituitur,
1556 2761 1714 2825 hinc
1747 2760 2126 2845 perturbata
2151 2761 2354 2826 totius
2383 2765 2664 2847 eorporis
2693 2786 2878 2830 oeco-

374 2871 625 2970 {gs-¹:33¹?
677 2865 915 2945 nomia,
948 2887 1023 2930 ac
1050 2865 1354 2930 omnibus
1384 2883 1620 2947 susque
1650 2863 1857 2946 deque
1886 2863 2223 2943 conversis,
2253 2887 2390 2930 non
2418 2867 2609 2930 modo
2639 2867 2878 2932 tristis-

372 2987 656 3048 φημι-οη.
680 2967 843 3032 sima
882 2988 1100 3032 rerum
1128 2967 1321 3032 facies
1348 2967 1524 3030 ultra
1562 2972 1945 3029 consuetum
1982 2965 2193 3030 morbi
2235 2988 2482 3031 morem
2519 2967 2878 3050 inducitur,

375 3049 639 3100 ciseuntur.
677 3090 902 3134 verum
928 3069 1212 3147 morbus,
1238 3070 1373 3152 jam
1411 3089 1451 3132 a
1480 3066 1684 3150 seipso
1723 3066 1906 3146 alius,
1939 3066 2136 3130 etiam
2176 3069 2486 3133 anomalis
2526 3070 2880 3136 accidenti·

374 3158 543 3228 ii'ebris
674 3169 798 3235 bus
819 3170 995 3234 velut
1025 3169 1530 3252 alienigenarum
1554 3168 1856 3232 satellitio
1879 3167 2174 3252 stipatur.
2245 3170 2454 3254 Atqui
2483 3171 2704 3236 Febris
2723 3195 2880 3238 vere

367 3257 637 3367 ἷξὲζξᾞζζω
674 3273 963 3355 maligna
1005 3293 1139 3335 non
1182 3277 1280 3335 est
1324 3271 1617 3334 omnium
1662 3269 1914 3334 dierum
1948 3269 2254 3350 morbus3
2305 3278 2534 3356 utpote
2578 3295 2744 3358 quae
2787 3275 2876 3340 ab

372 3369 515 3444 Ppste
538 3386 647 3434 81»-
676 3374 815 3438 aliis
874 3372 1179 3438 Febrium
1230 3373 1583 3456 speciebus,
1637 3371 1720 3436 ob
1781 3377 2290 3455 symptomatum
2341 3375 2728 3440 anomaliam
2789 3399 2876 3444 ea.

369 3447 589 3553 122⁰ssae
588 3451 651 3547 ξῖ,
672 3475 1159 3540 nomenclatura
1198 3480 1531 3558 utcunque
1573 3473 1921 3556 insignitis,
1969 3478 2112 3536 tota
2153 3495 2271 3539 sua
2304 3475 2452 3541 idea
2490 3499 2564 3542 ac
2605 3478 2878 3561 ingenio

366 3561 626 3684 {2⁸21sssz
674 3577 997 3641 dissideat.
1086 3578 1333 3642 Revera
1360 3577 1535 3640 enim
1564 3596 1715 3640 cum
1743 3575 2062 3658 ipsissima
2083 3576 2274 3642 Peste
2307 3579 2519 3662 specie
2547 3581 2872 3662 convenit,

368 3689 611 3736 remissio·
671 3699 795 3742 nec
834 3678 915 3743 ab
955 3701 1033 3742 ea
1058 3679 1185 3743 nisi
1215 3678 1296 3743 ob
1329 3677 1602 3762 gradum
1629 3675 2057 3741 remissiorem
2099 3677 2598 3746 discriminatur.
2689 3681 2874 3748 Quo-

364 3753 650 3865 ξιᾝξζξξῖμ
672 3780 843 3845 circa
868 3781 1204 3864 utriusque
1234 3781 1500 3845 affectus
1531 3787 1748 3844 ortum
1778 3799 1852 3864 ae
1874 3779 2274 3845 curationem
2301 3782 2376 3845 in
2405 3783 2629 3848 eodem
2657 3785 2876 3869 capite

670 3883 1075 3966 complectar.

366 3985 591 4037 Variolae
765 3985 887 4070 [2.]
941 3985 1133 4051 Aeris
1162 4003 1409 4048 massae
1438 3984 1759 4048 occultam
1788 3982 2103 4066 ejusmodi
2127 3983 2274 4050 ,sive
2304 3986 2534 4066 crasin,
2567 3987 2696 4050 sive
2725 3993 2874 4052 tex-

364 4051 623 4166 {sstssssgssgt
667 4093 881 4152 turam
912 4087 1269 4170 obtingere,
1302 4106 1465 4170 quae
1500 4085 1890 4149 diversarum
1935 4082 2196 4148 diversis
2227 4089 2624 4173 temporibus
2659 4090 2872 4173 aegri-

732 4227 756 4258 *
790 4227 1183 4291 tana—subdus]
1209 4245 1303 4276 om.
1327 4230 1400 4276 ed.
1428 4229 1524 4280 ⁹76.
1809 4227 1883 4275 ed.
1924 4227 2003 4275 '68
2050 4229 2199 4278 See-tio
2247 4233 2433 4282 Quinta.
2471 4237 2546 4283 De
2592 4237 2730 4283 Peste
2773 4238 2874 4284 sive

733 4301 753 4324 ⁶
786 4305 953 4356 recept.
977 4293 1106 4356 can-J
1132 4292 1161 4342 i.
1188 4309 1228 4341 e.
1254 4296 1395 4353 finem
1416 4292 1581 4354 facere
1603 4313 1619 4342 .-
1659 4293 1718 4342 οἱ
1808 4294 1957 4340 Febre
1980 4293 2306 4344 Pestilentiali.

668 4359 867 4406 Erasmi
888 4361 1043 4421 Adag.
1068 4357 1136 4406 iii.
1163 4359 1207 4405 5.
1234 4358 1310 4405 88.
1873 4361 1894 4386 0
1928 4373 2143 4406 annorum
2167 4359 2274 4422 32]
2299 4375 2392 4409 om.
2419 4361 2492 4409 ed.
2516 4361 2609 4413 76.

732 4421 755 4451 ‘¹
792 4422 943 4469 Deest
964 4421 1055 4469 hoc
1080 4436 1185 4483 cap.
1222 4421 1272 4468 in
1305 4420 1377 4468 ed.
1404 4421 1515 4477 '66;
1551 4421 1644 4469 inc.
1669 4422 1719 4470 in
