3138 5006
670 270 803 333 510
1288 266 1680 332 THOMAE
1727 254 2243 330 sYDENHAM

367 447 647 497 DnNovn
671 429 850 516 quod
870 428 1361 506 observaverint,
1380 427 1610 493 Febris
1641 433 2076 511 symptomata
2095 424 2372 491 subinde
2389 424 2594 489 fuisse
2624 422 2896 487 mitiora

371 513 639 625 Ῑιῇῗεζῑξυ
673 554 865 649 quam
894 553 1059 615 quae
1086 532 1223 615 ejus
1252 536 1525 595 naturae
1552 537 1916 614 competere
1943 528 2333 606 viderentur,
2357 548 2630 611 aegrum
2659 534 2896 590 tamen

671 635 879 718 magis
925 634 1163 698 viribus
1212 634 1493 698 occisum
1541 633 1742 696 fuisse
1784 653 1977 716 quam
2019 652 2136 714 pro
2183 631 2436 694 ratione
2481 627 2810 712 temporis
2853 648 2896 691 a

670 761 800 824 quo
828 738 1037 823 coepit
1066 744 1439 820 aegmtare3
1482 735 1860 819 respondeo,
1889 733 2110 797 omnia
2141 732 2304 795 haec
2345 729 2578 795 exinde
2615 735 2892 793 tantum

670 841 1034 927 procedere,
1064 840 1239 924 quod
1266 839 1539 917 Natura,
1565 860 1607 902 a
1625 838 1835 921 primo
1860 834 2072 900 morbi
2097 834 2349 918 impetu
2371 832 2553 915 quasi
2573 850 2898 914 oppressa

675 945 1069 1026 devictaque,
1101 964 1237 1008 non
1276 942 1431 1007 satis
1468 940 1680 1005 valida
1721 946 1821 1004 est
1865 945 1944 1003 ut
1973 942 2410 1022 symptomata
2443 934 2778 1017 regularia
2821 940 2893 997 et

674 1044 1113 1129 magnitudini
1149 1044 1359 1109 morbi
1402 1064 1685 1108 consona
1721 1048 1958 1119 exerat,
1991 1039 2212 1105 omnia
2245 1059 2398 1103 vero
2425 1038 2894 1121 phaenomena

674 1172 933 1235 prorsus
978 1154 1133 1215 sunt
1192 1147 1522 1213 anomala:
1599 1146 1844 1209 etenim
1887 1141 2266 1227 perturbata
2313 1138 2694 1206 oeconomia
2741 1140 2892 1203 ani-

675 1253 832 1319 mali
866 1260 933 1319 et
976 1252 1159 1337 quasi
1196 1250 1481 1335 disjecta,
1516 1247 1742 1316 Febris
1785 1244 2018 1309 exinde
2057 1242 2458 1327 deprimitur,
2487 1262 2680 1327 quae,
2709 1239 2890 1303 obfi-

676 1362 875 1421 nente
914 1355 1197 1437 genuino
1223 1353 1518 1417 Naturae
1558 1352 1780 1428 ductu,
1809 1348 2026 1431 vigere
2061 1347 2245 1411 solet.
2332 1346 2536 1429 Cujus
2561 1344 2660 1409 rei
2687 1364 2890 1427 expe-

676 1459 1031 1523 rimentum
1049 1456 1228 1521 haud
1247 1456 1511 1537 vulgare
1536 1452 1886 1517 occurrisse
1905 1450 2066 1513 mihi
2091 1448 2361 1513 memini
2387 1448 2610 1511 multis
2639 1446 2892 1511 abhinc

678 1561 886 1640 annis,
946 1560 1019 1625 in
1072 1560 1312 1643 juvene
1368 1555 1650 1643 quodam
1707 1554 1790 1619 ad
1847 1574 2046 1639 quem
2101 1549 2508 1615 accersebat:
2583 1550 2890 1632 quamvis

678 1661 855 1725 enim
889 1660 1092 1725 ferme
1136 1659 1426 1724 animum
1468 1654 1660 1741 agere
1695 1655 2023 1720 videretur
2053 1654 2182 1734 ille,
2213 1654 2388 1717 calor
2413 1660 2642 1717 tamen
2667 1652 2747 1716 in
2777 1674 2892 1717 ex-

675 1762 879 1827 ternis
906 1762 1185 1847 corporis
1210 1761 1503 1846 partibus
1530 1761 1626 1825 ita
1647 1760 1730 1824 ad
1755 1765 2009 1825 tactum
2037 1757 2436 1823 sentiebatur
2453 1764 2890 1840 temperatus,

675 1869 753 1927 ut
780 1862 975 1927 fidem
1004 1862 1165 1928 mihi
1193 1863 1576 1946 derogarent
1612 1861 1944 1927 adstantes
1981 1862 2190 1940 amici,
2223 1860 2471 1944 quoties
2509 1860 2892 1924 asserebam

677 1984 827 2029 eum
857 1962 1063 2027 Febre
1100 1962 1410 2043 laborare,
1440 1984 1610 2049 quae
1643 1962 1728 2029 ob
1767 1964 2102 2047 sanguinis
2145 1963 2624 2047 oppressionem
2665 1965 2892 2047 (cujus

674 2066 862 2144 mole,
915 2066 1093 2131 exitu
1150 2072 1406 2149 negato,
1458 2066 1642 2149 quasi
1697 2067 2253 2150 strangularetur,)
2305 2088 2372 2131 se
2431 2066 2758 2149 explicare
2819 2076 2892 2131 et

674 2166 1013 2231 ostendere
1031 2168 1245 2250 palam
1266 2168 1613 2251 nequibat3
1659 2170 1834 2252 quod
1861 2170 1916 2233 si
1943 2190 2174 2235 venam
2195 2170 2572 2248 inciderent,
2599 2169 2890 2235 Febrem

673 2266 843 2331 illico
887 2268 1041 2331 satis
1075 2269 1421 2333 violentam
1463 2271 1686 2335 statim
1715 2272 2320 2337 animadverterent.
2409 2273 2658 2356 Aperta
2689 2294 2886 2351 vena,

672 2377 738 2435 et
768 2370 1083 2453 sauguine
1109 2372 1303 2454 paulo
1330 2372 1648 2455 copiosius
1677 2373 1929 2452 educto,
1959 2373 2226 2437 emicuit
2253 2372 2495 2451 Febris,
2528 2394 2659 2455 qua
2683 2374 2887 2438 vehe-

670 2471 1056 2538 mentiorem
1090 2472 1251 2538 mihi
1293 2475 1590 2540 nondum
1617 2476 1830 2541 videre
1873 2476 2186 2560 contigit3
2233 2498 2398 2560 quae
2425 2497 2558 2542 non
2587 2475 2719 2541 nisi
2749 2485 2887 2543 ter-

672 2574 803 2638 tiae
832 2583 1173 2660 quartaeve
1204 2576 1465 2643 demum
1494 2579 1970 2663 phlebotomiae
1999 2581 2189 2644 cessit
2197 2591 2244 2643 ⁸.

372 2693 583 2768 Experie
584 2709 641 2741 n·
772 2679 939 2763 [43.]
995 2679 1189 2745 Quod
1218 2681 1273 2745 si
1298 2681 1581 2747 rationes
1610 2703 1651 2746 a
1675 2669 1782 2745 me
1811 2682 2042 2746 allatae
2069 2681 2240 2746 tanti
2267 2702 2403 2745 non
2431 2679 2561 2744 sint
2587 2687 2666 2744 ut
2697 2689 2888 2746 certo

369 2757 453 2869 ἐξ
466 2773 612 2871 ,ξ’ζζξ
676 2803 751 2846 88
793 2783 1147 2848 necessario
1192 2784 1489 2850 evincant
1530 2806 1670 2849 rem
1713 2786 1808 2849 ita
1849 2807 1917 2848 se
1959 2785 2198 2850 habere
2247 2792 2444 2868 atque
2485 2805 2608 2867 ego
2650 2786 2886 2862 statui,

366 2901 431 2934 ne
432 2901 455 2934 ⁸
477 2885 597 2934 ⁸11⁸-
677 2891 985 2966 attamen,
1054 2886 1109 2950 si
1172 2887 1565 2971 suffragante
1623 2888 2018 2972 experientia
2082 2887 2560 2970 deprehendero
2627 2887 2888 2952 hancce

368 2955 458 3061 3¹5.
469 2957 626 3062 ,ξξὶΐ
675 2985 935 3052 Febrim
981 2989 1497 3054 emanationibus
1540 3011 1654 3074 per
1699 2989 2106 3073 diaphoresin
2154 2989 2340 3054 saetis
2377 2988 2554 3052 haud
2591 2989 2888 3054 libenter

368 3077 609 3191 ἓξὲξ
611 3095 654 3127 e
674 3091 921 3170 cedere,
959 3091 1165 3156 habeo
1210 3092 1381 3175 quod
1428 3113 1697 3175 quaero:
1749 3113 1962 3176 neque
1999 3091 2176 3156 enim
2217 3091 2560 3174 cujuslibet
2605 3090 2884 3156 demum

368 3206 607 3255 emtioni-
672 3193 1092 3274 ratiocinatio,
1138 3196 1251 3260 sed
1295 3195 1507 3278 potius
1550 3195 1960 3279 experientia,
1991 3195 2218 3259 docere
2261 3195 2518 3278 poterit,
2549 3216 2886 3278 quaenam

366 3269 619 3396 gffpffisse-
672 3295 950 3360 febrium
979 3298 1217 3382 speeies
1240 3297 1704 3382 diaphoreticis,
1728 3317 2045 3382 quaenam
2065 3318 2214 3362 vero
2237 3297 2572 3362 aliusmodi
2601 3319 2885 3362 evacua-

367 3398 609 3511 {inagna-*³
671 3397 975 3477 tionibus,
1008 3401 1220 3464 sanari
1245 3401 1493 3484 possint
1520 3421 1596 3466 ae
1623 3399 1922 3464 debeant.
1967 3399 2056 3462 Et
2083 3400 2367 3482 profecto
2393 3421 2588 3464 nemo
2617 3401 2885 3483 sapiens

366 3525 535 3576 bem,
555 3543 632 3575 ee-
674 3499 777 3562 cui
804 3507 941 3564 tam
969 3503 1309 3566 hominum
1350 3525 1546 3586 quam
1583 3523 1802 3568 rerum
1835 3508 2072 3566 natura
2109 3502 2264 3566 satis
2291 3509 2390 3566 est
2417 3509 2776 3586 perspecta,
2803 3503 2884 3566 in

367 3591 493 3640 ‘¹⁶¹⁰-
672 3602 751 3667 iis
781 3622 945 3687 quae
982 3625 1198 3670 merae
1232 3605 1695 3689 speculationes
1735 3612 1908 3682 sunt,
1937 3605 2120 3668 nullo
2160 3611 2380 3668 autem
2418 3612 2596 3668 certo
2624 3605 2882 3688 experi-

670 3713 894 3771 mento
936 3706 1349 3772 determinari
1378 3717 1646 3792 queunt,
1674 3709 1746 3772 in
1787 3708 2062 3793 cujusvis
2104 3707 2391 3773 mortalis
2418 3707 2632 3786 verba,
2663 3729 2886 3790 quan-

669 3816 1033 3894 tuscunque
1073 3811 1127 3874 is
1168 3812 1429 3876 demum
1456 3813 1672 3891 fuerit,
1701 3811 1886 3876 facile
1923 3811 2295 3894 juraverit‘:
2341 3832 2492 3874 cum
2520 3810 2694 3874 idem
2731 3811 2886 3875 ani-

668 3911 1083 3978 madvertisse
1112 3913 1361 3992 debeat,
1392 3921 1725 3979 momenta
1748 3913 2015 3977 rationis
2041 3913 2136 3976 ita
2160 3933 2420 3996 prorsus
2446 3913 2623 3977 varia
2649 3913 2886 3997 itaque

671 4013 933 4079 subtilia
970 4037 1127 4095 esse,
1158 4023 1254 4093 ut,
1284 4037 1432 4080 cum
1474 4017 1702 4099 aliquis
1729 4015 2044 4080 theoriam
2075 4015 2426 4098 quamlibet
2463 4018 2888 4099 proposuerit

670 4116 765 4182 ita
800 4119 1025 4184 validis
1060 4120 1417 4185 rationibus
1454 4121 1784 4184 suffultam
1823 4127 1898 4184 ut
1927 4120 2324 4184 adstantium
2363 4125 2682 4203 quotquot
2713 4129 2888 4186 sunt

672 4221 963 4286 omnium
1006 4244 1339 4288 assensum
1380 4230 1776 4307 extorqueat,
1805 4224 1982 4287 hunc
2024 4245 2170 4286 mox
2207 4222 2368 4286 alius
2401 4221 2886 4306 insignioribus

732 4399 749 4422 ⁸
785 4399 1275 4462 oeuc'QSeddehiss
1274 4405 1368 4450 ctist
1388 4403 1495 4478 add:
1520 4403 1712 4451 8(1.’86.

782 4417 1005 4512 ‘oeNulliu
1054 4467 1273 4514 aicusddt
1252 4467 1373 4527 sjur
1350 4481 1454 4514 raer
1475 4467 1580 4514 inv
1582 4467 1982 4529 eirbamagstri!
2011 4465 2146 4528 (Hor
2147 4467 2386 4527 tEpnst
2413 4463 2642 4526 2114)
