3138 5006
675 249 810 312 294
1255 296 1264 302 .
1315 245 1707 311 'PHOMAE
1754 245 2273 312 SYDENHAM

365 425 450 472 ΒΕ
467 421 644 472 Mona.
669 405 848 471 tricis
889 406 1213 470 facultatis
1255 406 1482 485 eludit,
1519 406 1622 470 vel
1662 407 1755 469 in.
1774 406 1999 470 eadem
2042 405 2464 482 attenuanda,
2506 407 2768 492 quoties
2809 405 2895 470 ob

387 490 618 603 ,Εῇξυξΐ
649 509 1096 581 ,νίεοίᾶίίῑειῐοω
1135 509 1390 593 aegrius
1433 509 1755 592 expuitur,
1797 509 1951 592 poni
1989 509 2301 573 videatur.
2392 509 2473 573 Id
2512 516 2690 573 certo
2736 509 2893 588 scio,

363 623 652 690 {gd-„T
669 615 994 678 inutiliter
1053 614 1120 676 in
1181 614 1280 677 his
1341 621 1602 677 tantum
1659 613 1967 697 temporis
2016 613 2345 696 impendi3
2406 633 2895 698 nonnunquam

363 707 628 819 {ltilfflssan-
673 717 870 781 etiam
893 716 1225 799 sanguinis
1266 738 1546 780 massam
1588 737 1663 780 eo
1704 737 1915 802 usque
1957 716 2277 780 debilitari
2315 738 2355 780 a
2381 715 2654 779 retentis
2686 716 2895 798 parti-

363 836 496 893 dum,
523 843 571 884 et
671 819 832 884 culis
877 819 1002 882 seri
1045 818 1339 883 Naturae
1381 819 1677 897 inimicis,
1708 819 2176 905 pulmonesque
2216 819 2481 902 insuper
2510 819 2699 882 Tussi
2748 819 2893 882 irri-

363 915 525 962 quare.
669 929 842 987 tatos
881 921 976 985 ita
1011 922 1428 1007 conquassari
1466 929 1655 985 motu
1682 921 1963 986 violento
2003 943 2077 985 ac
2110 921 2245 985 fere
2274 921 2605 999 continuo,
2635 929 2715 986 ut
2754 943 2894 986 non

671 1045 815 1088 raro
854 1024 958 1088 via
995 1031 1328 1088 sternatur
1356 1023 1438 1088 ad
1475 1024 1715 1103 tabem,
1746 1046 1787 1088 a
1820 1025 2005 1107 cujus
2044 1023 2295 1087 insidiis
2334 1023 2664 1088 celeritate
2699 1045 2894 1088 eura-

365 1144 637 1194 Sudorifiea
670 1126 864 1191 tionis
910 1147 1100 1209 aeger
1141 1126 1452 1190 vindicari
1497 1127 1831 1190 debuerat.
1918 1127 2155 1212 Neque
2198 1126 2407 1190 multo
2450 1126 2659 1190 tutius
2704 1126 2895 1189 adhi-

361 1210 646 1322 {ffdffietss
673 1230 913 1294 bentur
935 1229 1290 1306 sudorifica,
1315 1252 1355 1294 a
1375 1251 1656 1315 quorum
1674 1252 1803 1294 usu
1832 1251 2022 1313 aeger
2042 1250 2517 1316 nonnunquam
2546 1231 2617 1293 in
2636 1229 2897 1294 febrem

363 1348 472 1387 tur:
673 1332 920 1411 incidit,
944 1353 1421 1419 nonnunquam
1451 1334 1647 1397 etiam
1674 1333 2027 1414 particulae
2058 1332 2391 1414 sanguinis
2419 1332 2604 1397 facile
2632 1333 2896 1396 inflam-

364 1473 506 1520 saepe
527 1458 591 1505 iis
675 1435 940 1502 mabiles
997 1435 1094 1498 ita
1143 1436 1403 1518 pleurae
1461 1436 1916 1519 impinguntur
1970 1443 2049 1500 ut
2106 1437 2499 1500 accendatur
2552 1436 2897 1519 pleuresis,

362 1523 642 1648 {ffgggffim
675 1535 852 1622 quod
873 1557 986 1619 per
1005 1536 1348 1600 decursum
1372 1537 1583 1601 dictae
1612 1537 1833 1602 Tussis
1862 1537 2273 1620 Epidemicae
2302 1537 2559 1619 ingenti
2584 1537 2651 1600 vi
2676 1538 2897 1601 homi-

674 1659 836 1702 num
869 1659 1020 1702 cum
1049 1661 1167 1703 suo
1195 1661 1434 1722 magno
1463 1640 1747 1723 periculo
1778 1641 2073 1724 contigit.

367 1744 524 1820 Misso
537 1761 648 1792 san-
693 1783 700 1788 -
773 1741 938 1825 [46]
999 1742 1348 1825 Sanguinis
1375 1742 1597 1826 itaque
1627 1765 1662 1807 e
1691 1743 1955 1807 brachio
1978 1743 2173 1807 eduxi
2202 1743 2635 1826 quantitatem
2664 1743 2897 1806 mode-

365 1816 601 1936 {ssffifgff
675 1849 920 1920 ratam3
969 1842 1424 1926 epispasticum
1469 1843 1625 1906 satis
1656 1845 1944 1928 amplum
1974 1865 2049 1909 ac
2077 1845 2245 1909 forte
2272 1846 2614 1929 posteriori
2654 1847 2899 1910 cervici

364 1937 660 2050 ῗωῖἰῑέἓιξῑθ
678 1947 1130 2031 applicandum
1167 1949 1402 2027 curavi,
1436 1970 1562 2032 quo
1602 1951 1911 2016 materiae
1954 1951 2281 2035 peccantis
2314 1973 2463 2035 par·
2508 1953 2727 2036 aliqua
2764 1953 2897 2016 alio

368 2018 622 2114 citimi)
677 2050 949 2114 derivari
977 2050 1212 2134 possit:
1257 2051 1563 2134 posthaec
1594 2052 2019 2117 cathartimun
2042 2053 2468 2132 elamoribus,
2490 2053 2897 2118 infimionem

367 2145 615 2257 {ffitffi‘
683 2153 924 2216 scilicet
956 2174 1214 2231 sennae‚
1236 2154 1398 2233 rhei,
1422 2175 1573 2218 cum
1600 2176 1862 2235 manna,
1887 2163 1954 2220 et
1984 2177 2220 2240 syrupo
2241 2178 2533 2221 rosarum
2558 2157 2838 2221 solutivo
2846 2167 2893 2237 ⁸,

681 2253 968 2335 quotidie
1013 2254 1295 2334 exhibui,
1346 2256 1550 2321 donec
1594 2258 1696 2322 vel
1736 2279 1997 2342 prorsus
2038 2261 2507 2325 convalesceret
2546 2283 2760 2344 aeger,
2786 2263 2899 2326 vel

679 2355 1030 2420 admodum
1075 2357 1620 2424 imminuerentur
1660 2368 2133 2444 symptomata;
2182 2363 2302 2442 vel,
2344 2363 2401 2427 si
2446 2365 2624 2447 potio
2669 2364 2899 2428 minus

681 2479 872 2542 aegro
903 2460 1230 2542 arrideret,
1261 2461 1608 2546 pilularum
1637 2463 2005 2529 cochiarum
2025 2465 2344 2549 majorum
2373 2465 2703 2549 scrupulos
2728 2465 2897 2530 duos

682 2561 968 2643 quotidie
1003 2562 1398 2629 devorandos
1431 2564 1760 2648 imperavi,
1796 2566 1959 2632 hora
1996 2568 2237 2632 scilicet
2276 2569 2506 2653 quinta
2542 2570 2895 2647 matutina,

688 2663 1280 2746 superdormiendO.

378 2789 476 2835 qua
496 2772 600 2820 sola
775 2763 892 2851 [47
899 2766 966 2851 .]t
1005 2764 1152 2832 Hac
1179 2768 1378 2833 etiam
1407 2768 1730 2849 methodo,
1761 2771 2223 2854 (phlebotomia
2250 2774 2491 2839 scilicet
2520 2782 2585 2839 et
2614 2776 2897 2859 repetita

375 2903 656 2965 tussispue-
685 2870 1004 2955 catharsi,)
1041 2893 1244 2955 eaque
1273 2873 1425 2953 sola,
1447 2881 1857 2957 expugnatur
1884 2876 2079 2939 tussis
2106 2898 2455 2960 puerorum
2483 2879 2893 2958 convulsiva;

373 2983 539 3043 ²0¹⁰?ss
549 2982 658 3015 ⁰⁰¹¹·
683 2973 928 3037 malum
987 2974 1143 3039 alias
1200 2976 1785 3057 pertinacissimum
1844 2984 1912 3041 et
1974 3000 2141 3061 pene
2198 2980 2647 3064 insuperabile.
2756 2982 2897 3045 Alii

439 3111 627 3159 pugna·
684 3076 840 3157 quid
867 3078 1121 3141 valeant
1155 3077 1262 3141 hic
1304 3084 1649 3161 praestare,
1684 3080 1876 3162 plane
1910 3082 2163 3160 nesci03
2210 3103 2315 3146 me
2358 3084 2431 3145 in
2462 3083 2653 3146 variis
2694 3090 2895 3168 atque

681 3178 888 3241 omnis
939 3178 1074 3242 fere
1127 3180 1380 3261 generis
1433 3182 1732 3260 remediis
1784 3204 2044 3266 operam
2092 3206 2229 3249 non
2276 3186 2476 3249 semel
2512 3186 2892 3270 perdidisse,

679 3280 834 3342 satis
886 3280 1038 3344 scio.
1128 3281 1262 3345 Sed
1310 3282 1555 3347 leniora
1600 3291 1861 3348 tantum
1908 3287 2261 3351 cathartica
2315 3287 2423 3351 hic
2466 3289 2885 3367 conveniunt,

679 3400 880 3462 eaque
909 3382 1288 3447 cochleatim
1328 3391 1481 3449 sunt
1509 3385 1885 3469 ingerenda,
1908 3411 2033 3472 pro
2070 3389 2321 3454 ratione
2352 3391 2604 3454 aetatis.
2698 3390 2893 3455 Quae

684 3481 946 3563 quidem
997 3486 1139 3547 κατ’
1190 3483 1528 3573 ἐπίκρασιν
1578 3490 1907 3555 evacuatio
1954 3512 2031 3555 eo
2088 3492 2351 3555 nomine
2408 3492 2508 3574 (ut
2558 3491 2888 3575 arbitror,)

681 3583 890 3648 dictae
919 3587 1084 3649 tussi
1113 3588 1430 3669 medetur,
1457 3591 1631 3673 quod
1660 3592 1922 3671 scilicet,
1952 3594 2104 3658 licet
2134 3616 2269 3658 non
2286 3594 2568 3659 multum
2596 3596 2897 3660 humoris

679 3687 878 3749 serosi
905 3688 977 3751 in
1003 3690 1418 3771 pulmonibus
1444 3693 1836 3774 inveniatur,
1866 3696 2238 3761 fervidiores
2274 3704 2497 3762 tamen
2528 3705 2594 3762 et
2628 3700 2895 3781 spiritu-

679 3788 776 3852 osi
803 3788 1042 3854 halitus
1071 3812 1108 3856 e
1153 3814 1363 3857 massa
1405 3797 1740 3880 sanguinis
1778 3798 1850 3862 in
1882 3799 2223 3882 pulmones
2260 3800 2446 3864 statis
2484 3800 2898 3883 temporibus

679 3896 1040 3959 transmissi
1091 3898 1433 3962 atrociores
1482 3900 1627 3965 illos
1678 3902 1999 3965 tussiendi
2046 3923 2461 3986 paroxysmos
2511 3903 2583 3965 in
2627 3903 2897 3967 tenellis

681 3997 967 4062 excitent
990 4024 1009 4076 3
1055 3998 1289 4063 horum
1335 4008 1554 4065 autem
1583 4003 1655 4065 in
1692 4004 2031 4085 pulmones
2066 4006 2347 4088 impetus
2378 4006 2553 4069 haud
2594 4004 2722 4069 alia
2752 4026 2899 4069 me·-

679 4099 878 4164 thodo
923 4123 1124 4185 aeque
1161 4102 1302 4167 sisti
1329 4125 1516 4187 posse
1555 4105 1811 4169 videtur
1839 4114 1906 4171 et
1940 4109 2320 4191 praecaveri,
2354 4115 2548 4192 atque
2586 4110 2729 4187 hac,
2764 4130 2904 4192 qua

677 4211 892 4268 motus
936 4205 1132 4288 priori
1175 4208 1536 4271 contrarius
1588 4210 1725 4292 (per
1766 4210 2009 4275 viscera
2068 4212 2353 4295 scilicet,)
2404 4212 2615 4276 morbi
2658 4232 2903 4277 causae

679 4307 1084 4371 conciliatur.

742 4441 759 4462 ⁸
797 4434 872 4482 cf.
896 4436 1087 4487 sermm.
1111 4442 1162 4495 8,
1188 4443 1264 4496 ⁶24,
1291 4442 1378 4489 διο.
1566 4448 1583 4477 ²
1619 4442 1694 4490 Cf.
1725 4446 1905 4493 Observ.
1932 4445 2055 4491 Med.
2080 4444 2140 4492 ἰν.
2170 4446 2213 4491 5.
2239 4447 2297 4501 83
2327 4446 2527 4493 Process.
2556 4447 2646 4492 lm.
2672 4462 2713 4492 c.
2741 4447 2827 4493 44.
