3138 5006
371 455 455 504 Dz
480 453 617 502 Pon·

426 533 585 566 Aona.

662 275 795 340 428
1290 271 1682 339 'I'HOMAE
1729 270 2248 338 SYDENHAM

663 437 796 502 fere
822 435 1149 502 habentur
1177 439 1289 522 qui
1318 439 1447 504 cito
1466 439 1569 504 vel
1597 438 1950 523 perimunt,
1973 437 2076 502 vel
2103 435 2188 500 ad
2207 433 2722 500 'concoctionem
2753 451 2902 514 per·

663 539 1031 614 ducuntur3
1078 540 1173 604 ita
1206 541 1498 606 chronici
1529 542 1940 626 appellantur
1971 539 2102 619 isti,
2134 539 2244 624 qui
2279 539 2381 603 vel
2417 559 2558 600 non
2597 534 2904 612 omnino,

662 643 765 708 vel
806 643 991 708 tarde
1030 643 1381 708 admodum
1410 650 1477 708 et
1516 644 1716 728 longa
1752 643 2062 728 temporis
2091 664 2288 720 mora,
2321 639 2406 706 ad
2434 638 2726 704 eandem
2757 658 2906 702 coc-

662 749 911 813 tionem
938 747 1341 832 pertingunt.
1432 750 1656 832 Atque
1684 748 1808 812 hoc
1848 747 2110 832 quidem
2149 753 2288 810 tam
2323 744 2464 828 ipsa
2499 741 2598 805 rei
2629 747 2906 818 natura,

664 873 857 935 quam
882 850 1079 916 verba
1106 850 1344 937 quibus
1370 851 1483 916 illa
1511 851 1910 934 exprimitur,
1944 855 2163 934 aperte
2189 848 2590 932 loquuntur;
2641 851 2715 908 at
2741 864 2904 908 vero

466 973 491 1004 ³
616 985 639 996 ·
664 974 859 1018 causa
913 953 1111 1037 hujus
1169 953 1572 1018 differentiae
1634 973 1798 1037 quae
1861 953 2036 1018 inter
2102 951 2262 1016 haec
2319 950 2448 1014 duo
2506 947 2902 1012 morborum

446 1039 503 1135 2¹2¹,-
522 1039 573 1071 ‘²'
666 1077 905 1138 genera
948 1055 1473 1139 deprehenditur,
1506 1056 1700 1122 altius
1743 1057 1926 1136 latet,
1961 1055 2143 1120 haud
2182 1055 2280 1118 ita
2320 1052 2508 1117 facile
2551 1051 2860 1116 eruenda
2881 1076 2900 1114 τ

664 1159 849 1243 cujus
908 1157 1313 1242 indagationi
1363 1159 1421 1224 si
1476 1160 1939 1244 aliquantisper
1994 1158 2433 1236 immoremur,
2485 1177 2724 1240 operae
2795 1157 2900 1238 (ut

664 1262 869 1346 puto,)
904 1263 1009 1325 vix
1036 1282 1155 1326 nos
1184 1262 1580 1346 poenitebit3
1627 1284 1776 1327 cum
1814 1263 2048 1326 harum
2085 1283 2305 1326 rerum
2341 1259 2579 1325 notitia
2605 1259 2790 1322 clara
2821 1279 2898 1322 ac

666 1364 972 1429 distincta
1000 1365 1083 1428 ad
1111 1364 1530 1430 inveniendas
1559 1388 1736 1430 veras
1772 1365 2199 1430 indicationes
2235 1364 2468 1428 horum
2505 1361 2896 1426 morborum

666 1469 989 1533 curationi
1016 1469 1459 1533 accommodas
1489 1491 1804 1554 magnum
1833 1475 2234 1533 momentum
2266 1467 2518 1531 adferre
2548 1472 2770 1549 queat.

764 1570 930 1656 [35]
988 1571 1135 1636 Sive
1183 1573 1483 1635 interiora
1534 1577 1742 1636 ter-rae
1791 1569 2054 1636 viscera¹
2103 1570 2184 1654 (si
2224 1570 2322 1633 ita
2369 1568 2548 1652 loqui
2589 1567 2692 1631 fas
2736 1569 2890 1650 est)

666 1675 872 1739 varias
902 1674 1179 1738 subeant
1206 1673 1622 1754 mutationes,
1643 1673 1820 1738 unde
1850 1696 1891 1738 a
1917 1694 2224 1758 vaporum
2251 1671 2408 1736 inde
2437 1670 2892 1735 exhalantium

666 1777 1041 1842 interventu
1071 1783 1185 1842 aer
1212 1775 1612 1860 inquinetur,
1643 1777 1838 1861 (quod
1870 1775 2030 1841 mihi
2059 1776 2336 1840 maxime
2364 1773 2728 1859 probatur,)
2757 1773 2892 1849 sive

666 1879 993 1944 inficiatur
1036 1880 1481 1965 atmosphaera
1522 1880 1733 1945 omnis
1779 1880 1859 1945 ab
1901 1879 2282 1944 alteratione
2317 1899 2511 1961 quam
2541 1876 2758 1940 eidem
2789 1876 2892 1939 in—

668 1983 849 2048 ducit
876 1984 1219 2071 peculiaris
1248 1984 1463 2067 aliqua
1491 2003 1830 2068 corporum
1860 1983 2234 2047 coelestium
2265 1979 2705 2064 quorumlibet
2734 1999 2892 2043 eon-

660 2088 915 2172 junctio
937 2115 956 2167 3
1002 2111 1103 2153 res
1132 2089 1229 2154 ita
1258 2109 1325 2152 se
1353 2087 1572 2167 habet,
1601 2096 1678 2152 ut
1709 2087 1792 2152 ad
1819 2087 1944 2152 hoc
1981 2086 2219 2151 illudve
2253 2091 2509 2168 tempus
2539 2089 2658 2149 aer
2684 2084 2894 2167 parti-

667 2189 829 2254 culis
850 2191 1227 2255 referciatur
1244 2212 1407 2274 quae
1424 2189 1694 2255 humani
1711 2191 1991 2274 corporis
2009 2189 2418 2254 oeconomiae
2440 2187 2892 2266 adversentur,

667 2293 767 2357 uti
818 2291 1013 2356 etiam
1066 2293 1192 2356 alio
1242 2300 1533 2377 tempore
1584 2291 1950 2358 istiusmodi
2005 2291 2336 2377 particulis
2391 2291 2892 2375 impraegnatur

668 2417 834 2480 quae
863 2416 1009 2460 cum
1040 2396 1411 2479 corporibus
1441 2397 1676 2481 speciei
1713 2397 1983 2481 alicujus
2019 2395 2360 2460 brutorum
2394 2393 2612 2457 minus
2651 2413 2890 2463 conve,-

370 2514 471 2565 Qui
490 2514 643 2562 morbi
668 2498 883 2562 niunt.
976 2497 1099 2562 His
1128 2499 1267 2583 jam
1296 2499 1715 2585 temporibus,
1748 2499 1996 2585 quoties
2031 2521 2150 2564 nos
2187 2495 2556 2582 hujusmodi
2589 2496 2789 2561 noxia
2819 2501 2892 2561 et

366 2580 623 2641 Epidemt'ci

364 2644 585 2703 audiunt,

667 2602 963 2667 Naturae
990 2600 1253 2667 inimica
1278 2602 1620 2686 μιάσματα
1647 2604 1718 2668 in
1747 2604 2000 2667 nudum
2035 2602 2418 2686 sanguinem
2456 2600 2890 2683 inspiratione

668 2704 1075 2785 attrahimus,
1106 2712 1173 2771 et
1202 2706 1274 2770 in
1312 2706 1456 2771 illos
1486 2706 1742 2771 morbos
1773 2706 2156 2791 epidemicos
2185 2704 2532 2769 incidimus
2573 2724 2736 2786 quos
2769 2702 2892 2765 illa

666 2828 891 2893 parere
936 2816 1091 2893 apta
1146 2818 1303 2874 nata
1361 2814 1535 2887 sunt,
1589 2808 1850 2873 Natura
1906 2808 2138 2873 febrim
2197 2807 2482 2884 accersit,
2543 2806 2888 2870 solennem

668 2934 901 2997 nempe
932 2912 1055 2977 sibi
1088 2912 1451 2977 machinam
1496 2912 1579 2976 ad
1617 2912 1999 2996 sanguinem
2031 2934 2070 2975 a
2097 2911 2369 2976 materia
2407 2909 2622 2992 aliqua
2658 2908 2890 2973 hostili

668 3023 735 3080 et
788 3017 1113 3082 contraria
1161 3017 1340 3080 intus
1385 3015 1757 3081 stabulante
1803 3015 2298 3080 vindicandum:
2353 3020 2420 3077 et
2463 3013 2624 3077 tales
2669 3011 2892 3075 morbi

668 3120 1017 3203 Epidemioe'
1040 3120 1233 3203 vulgo
1256 3119 1549 3197 audiunt,
1571 3126 1638 3183 et
1659 3119 1805 3184 ideo
1821 3120 2022 3185 Acuti
2045 3126 2200 3183 sunt
2221 3125 2287 3182 et
2303 3117 2546 3196 breves,
2567 3116 2724 3200 quia
2741 3136 2888 3179 mo·

502 3258 533 3287 n
554 3258 629 3289 er·
668 3228 811 3285 tum
855 3220 1101 3285 habent
1142 3222 1238 3285 ita
1280 3223 1551 3287 celerem
1583 3228 1650 3287 et
1677 3222 2052 3287 violentum.
2142 3223 2236 3287 At
2269 3242 2418 3286 vero
2459 3226 2718 3304 praeter
2757 3218 2894 3283 hos

521 3322 600 3417 ,ξιξ
670 3323 925 3388 morbos
956 3345 996 3387 a
1024 3345 1217 3388 causa
1251 3334 1520 3390 externa
1556 3326 1885 3405 excitatos,
1919 3332 2072 3390 sunt
2113 3332 2179 3389 et
2215 3323 2322 3389 alii
2360 3324 2628 3408 perinde
2655 3322 2886 3398 Acuti,

670 3424 751 3489 ab
796 3426 918 3490 hac
946 3425 1049 3490 vel
1090 3426 1203 3491 illa
1243 3428 1551 3512 peculiari
1597 3428 1932 3513 sanguinis
1972 3428 2481 3493 inflammatione
2519 3427 2678 3504 nati,
2713 3426 2888 3509 quim

668 3548 805 3592 non
835 3549 874 3592 a
902 3550 1097 3593 causa
1136 3528 1350 3613 aliqua
1387 3532 1770 3615 generaliori
1807 3532 1888 3597 ab
1919 3538 2068 3596 aere
2097 3530 2442 3615 pendente,
2474 3528 2584 3594 sed
2613 3551 2655 3592 a
2679 3528 2894 3612 parti·

662 3631 869 3695 culari
902 3631 1385 3714 particularium
1431 3656 1768 3720 corporum
1811 3634 2129 3698 anomalia
2162 3632 2264 3697 vel
2297 3632 2696 3715 intemperie,
2731 3652 2892 3714 pro·

671 3732 1040 3798 ducuntur:
1117 3736 1290 3819 quod
1348 3738 1606 3821 quidem
1667 3737 1942 3803 febrium
2007 3724 2212 3820 genus
2271 3756 2391 3818 ego
2451 3736 2898 3798 Inter-currens

670 3844 738 3902 et
790 3836 1201 3920 Sporadicum
1248 3838 1485 3904 idcirco
1532 3841 1761 3920 vocito,
1823 3839 1994 3925 quod
2045 3838 2234 3903 annis
2291 3838 2430 3903 fere
2485 3836 2892 3922 quibuslibet

670 3949 1033 4009 occurrant.

768 4044 933 4129 [36.]
987 4044 1079 4108 At
1110 4065 1259 4109 vero
1298 4044 1506 4109 morbi
1536 4044 1843 4112 Chronici
1873 4046 2139 4130 genium
2166 4044 2414 4109 habent
2441 4044 2636 4127 longe
2665 4041 2749 4107 ab
2779 4042 2896 4108 his

672 4146 1030 4211 diversum:
1078 4146 1367 4233 quamvis
1405 4147 1582 4211 enim
1617 4155 1733 4213 aer
1771 4147 1986 4212 minus
2025 4146 2299 4212 salubris
2336 4146 2532 4231 hujus
2564 4146 2668 4210 vel
2703 4146 2896 4212 illius

672 4248 927 4331 generis
986 4248 1070 4312 ad
1125 4248 1243 4313 hos
1304 4248 1557 4313 morbos
1618 4249 2019 4331 generandos
2071 4248 2355 4313 multum
2405 4248 2712 4327 conferat,
2744 4268 2894 4313 non

738 4404 751 4436 ¹
786 4408 863 4456 cf.
898 4410 1080 4457 Observ-
1114 4410 1240 4457 Med.
1264 4408 1294 4459 i.
1321 4412 1364 4459 2.
1392 4412 1454 4466 ῦς
1492 4427 1534 4458 v.
1560 4414 1605 4458 4.
1635 4410 1722 4467 16;
1877 4416 1912 4440 ¹¹¹
1945 4410 2058 4473 qui]
2103 4410 2184 4458 Sic
2219 4410 2328 4458 edd·
2361 4417 2556 4469 recent„
2595 4428 2711 4474 quae
2753 4410 2891 4459 male

673 4473 832 4519 δῶρά.
858 4472 1023 4519 Monte.
1050 4474 1090 4520 1.
1116 4476 1139 4533 5
1166 4476 1211 4521 8.
1817 4476 1932 4540 Syd.
