3138 5006
551 263 1342 332 OBSERVATIONUM
1389 267 1960 332 MEDICARUM
2005 272 2103 326 IV.
2136 279 2190 338 5,
2226 281 2277 330 6.
2388 273 2513 338 189

307 430 817 506 symptomatum
845 428 1332 508 vehementiam,
1357 437 1498 492 tum
1528 449 1863 512 aegrorum
1892 451 2253 510 numerum,
2275 432 2511 496 sensim
2538 445 2819 498 Vnuoma

306 524 542 590 mmm·
476 527 882 593 wehma-
2539 513 2820 626 sata

409 627 536 714 [2.]
587 631 718 694 Sed
773 640 850 696 ut
900 635 1306 717 particularia
1354 656 1575 699 earum
1622 635 2070 719 phaenomena
2123 638 2471 702 referamus
2497 665 2513 703 ι
2578 642 2783 692 ’70-’72·

311 729 490 795 haud
519 755 746 816 parum
774 747 1028 821 praeter
1059 739 1424 820 opinionem
1453 739 1615 803 mihi
1647 739 1927 823 primum
1957 743 2363 825 comparebat
2392 743 2515 808 hoc

312 838 722 904 Variolarum
751 862 972 923 genus,
1005 863 1152 906 cum
1183 842 1755 907 animadverterem
1793 843 1967 908 istud
2002 865 2197 926 quam
2224 845 2516 929 plurimis

313 941 772 1023 phaenomenis
823 945 1280 1028 insignioribus
1339 945 1420 1010 ab
1473 967 1549 1010 eo
1600 945 1855 1011 differre
1908 947 2075 1031 quod
2133 949 2516 1032 produxerat

315 1045 685 1110 constitutio
725 1048 1131 1131 praecedens,
1164 1056 1230 1112 et
1267 1048 1340 1112 in
1375 1049 1605 1132 quibus
1649 1049 2057 1115 observandis
2107 1073 2213 1116 me
2257 1073 2515 1136 operam

313 1149 465 1212 satis
517 1149 806 1214 sedulam
856 1151 1008 1215 olim
1043 1152 1399 1231 ‚collocasse
1447 1153 1656 1216 rebar.
1750 1153 1931 1218 Haec
1987 1161 2245 1218 tantum
2292 1177 2513 1220 earum

311 1253 775 1336 phaenomena,
829 1256 909 1319 ab
969 1255 1232 1319 alterius
1293 1256 1544 1338 generis
1603 1257 2061 1340 Phaenomenis
2120 1257 2513 1338 dissidentia,

312 1355 904 1440 impraesentiarum
933 1359 1244 1437 tractab0,
1273 1359 1735 1441 praetermissis
1763 1359 1841 1422 iis
1872 1381 2031 1443 quae
2061 1381 2211 1424 cum
2239 1362 2515 1427 Variolis

309 1459 402 1522 ita
425 1460 672 1542 prolixe
702 1482 896 1545 supra
923 1461 1256 1545 descriptis
1284 1461 1613 1526 habebant
1642 1463 2025 1527 communia.

405 1563 530 1647 [3.]
585 1563 952 1627 Discretum
973 1564 1374 1628 Variolarum
1399 1585 1603 1647 genus
1630 1563 1731 1628 his
1754 1570 2011 1628 tantum
2040 1586 2081 1628 a
2108 1586 2343 1648 genere
2366 1565 2513 1630 Dis-
2538 1589 2765 1638 variolam

311 1673 483 1729 creto
513 1666 843 1729 communi
866 1666 1126 1730 asterius
1147 1666 1625 1731 constitutionis
1648 1665 2247 1730 disterminabam:
2282 1667 2509 1751 primo,
2538 1653 2811 1768 3323:ae

312 1769 480 1851 quod
532 1789 678 1832 cum
722 1768 792 1832 in
842 1769 938 1848 iis,
989 1770 1233 1852 quoties
1283 1776 1467 1834 erant
1512 1768 1989 1847 Interstinctae,
2038 1771 2287 1853 eruptio
2338 1769 2509 1834 diem
2536 1783 2712 1859 quibas
2726 1785 2821 1833 di·-

310 1879 610 1954 quartum
651 1878 1050 1953 praevertere
1091 1893 1226 1935 non
1269 1871 1518 1950 soleret,
1558 1869 1663 1934 hic
1704 1870 1775 1933 in
1820 1870 2087 1934 tertium
2129 1870 2508 1955 plerumque
2533 1861 2765 1960 {233⁸}

309 1962 668 2054 incidebat3
715 1975 888 2059 quod
915 1976 1399 2040 Confluentibus
1435 1976 1695 2040 solenne
1726 1975 1984 2059 quidem
2029 1983 2149 2040 est.
2235 1977 2506 2056 Deinde,
2534 1989 2706 2086 ggnere
2734 1975 2823 2025 Di·

307 2097 440 2141 non
463 2078 548 2144 ad
569 2100 713 2142 eam
733 2079 1267 2162 magnitudinem,
1290 2078 1675 2163 procedente
1695 2079 1941 2157 morbo,
1963 2078 2069 2142 hic
2090 2080 2508 2162 assurgebant
2533 2047 2719 2166 gulfrtf,
2732 2057 2807 2089 ω’

305 2181 606 2263 pustulae
643 2187 834 2264 atque
862 2182 933 2244 in
979 2182 1102 2246 alio
1147 2203 1416 2265 genere;
1460 2182 1665 2264 magis
1706 2188 1924 2246 autem
1970 2183 2511 2267 exasperabantur

307 2282 376 2344 in
417 2282 656 2346 minori
681 2284 869 2361 mole,
901 2293 968 2348 et
1013 2285 1131 2348 sub
1163 2285 1388 2348 diebus
1429 2285 1694 2363 ultimis,
1724 2285 1838 2348 ubi
1874 2286 2013 2368 jam
2042 2293 2503 2362 maturuerunt,

305 2385 530 2468 nigrae
558 2386 954 2469 frequentius
981 2386 1370 2450 visebantur.
1438 2386 1614 2450 Illud
1642 2387 1837 2451 etiam
1866 2387 2119 2466 addam,
2146 2389 2314 2472 quod
2342 2410 2505 2452 non·
2530 2405 2591 2453 ad
2616 2407 2747 2456 Con-

305 2509 643 2571 nunquam
691 2489 863 2572 (licet
911 2489 1160 2573 rarius,)
1211 2510 1476 2573 aegrum
1527 2489 1724 2554 etiam
1766 2489 2161 2573 paucissimis
2204 2497 2503 2555 notatum
2528 2469 2789 2586 ξξζζᾞῗῃω

304 2591 578 2673 pustulis
607 2592 1006 2675 ptyalismus,
1035 2591 1210 2655 haud
1249 2612 1428 2655 secus
1467 2600 1658 2675 atque
1690 2593 1761 2655 in
1792 2593 2297 2672 confluentibus,
2328 2614 2505 2657 exer·
2530 2600 2643 2647 illae
2664 2618 2777 2664 pro-

306 2702 496 2757 ceret.
588 2695 690 2757 Ex
733 2695 960 2778 quibus
1007 2695 1344 2759 conficitur
1373 2695 1729 2761 Distinctas
1770 2696 1963 2779 hujus
2011 2696 2507 2760 constitutionis
2532 2679 2813 2787 Ξὲἷζξῗξῇ,

307 2796 597 2860 Variolas
641 2798 725 2860 ad
769 2798 1250 2861 Confluentium
1292 2804 1591 2861 naturam
1640 2798 1899 2881 propius
1942 2798 2257 2876 accedere,
2312 2804 2507 2881 atque
2530 2792 2793 2871 flagnmatj-

304 2898 824 2963 inflammationis
853 2900 1057 2983 magis
1099 2901 1391 2965 intensae
1429 2922 1567 2965 esse
1610 2900 1965 2983 participes,
1998 2922 2192 2983 quam
2227 2921 2389 2982 quae
2432 2900 2503 2962 in
2527 2870 2813 2982 3ἰωῖἒέἶὼ

307 3002 631 3065 Distincto
661 3024 894 3085 genere
922 3025 1046 3066 usu
1071 3004 1290 3067 venire
1319 3003 1500 3067 solet.
2528 2983 2675 3047 cipes.

391 3105 514 3189 [4.]
571 3105 986 3169 Confluentes
1032 3127 1180 3169 vero
1238 3107 1318 3170 ab
1371 3105 1508 3169 aliis
1561 3126 1718 3189 quas
1763 3126 1878 3187 per
1927 3102 2081 3168 alios
2128 3125 2331 3167 annos
2382 3125 2502 3187 ego
2530 3114 2789 3165 Confluen-

303 3207 780 3271 observaveram
821 3208 1326 3287 Confluentibus,
1355 3208 1426 3270 in
1472 3208 1711 3287 multis,
1757 3229 1919 3290 quae
1956 3208 2093 3291 jam
2136 3182 2811 3308 recenseb0‚{,‘['{‘,{ss{'1¹,¹1²12¹

301 3308 766 3392 discrepabant.
855 3310 1055 3373 Nunc
1111 3310 1408 3388 secund0,
1453 3331 1630 3374 nunc
1678 3311 1889 3389 tertio,
1936 3310 2041 3373 die
2098 3329 2165 3373 se
2220 3309 2501 3393 primum
2527 3308 2764 3373 discrepa-

301 3411 768 3491 monstrabant,
801 3413 1004 3496 specie
1031 3413 1304 3476 tumoris
1333 3412 1631 3477 subrubri
1659 3420 1849 3496 atque
1876 3412 2229 3490 uniformis,
2249 3412 2499 3475 vultum
2524 3372 2807 3488 ἒῖἶζῗῑῖζῒ

301 3534 562 3578 omnem
607 3514 1027 3597 contegentis‚
1065 3516 1438 3599 erysipelate
1484 3514 1743 3597 quidem
1787 3514 2113 3593 densioris,
2144 3514 2325 3579 nullo
2366 3514 2501 3577 fere
2525 3502 2757 3613 {mulati-

298 3616 531 3680 visibili
587 3618 983 3699 pustularum
1043 3617 1442 3695 discrimine3
1503 3618 1823 3699 reliquum
1886 3638 2115 3699 corpus
2173 3616 2499 3699 congeries
2622 3600 2635 3613 ⁶

217 3740 220 3743 ’
299 3719 614 3803 quaedam
657 3720 796 3801 (ceu
837 3719 1038 3803 panni
1079 3720 1380 3802 latiores)
1421 3740 1502 3783 ex
1541 3718 1809 3783 infinitis
1851 3719 2311 3802 propemodum
2349 3740 2499 3802 pus-

297 3823 450 3885 tulis
477 3822 690 3885 rubris
718 3822 996 3886 efferatis
1023 3822 1094 3885 in
1121 3844 1318 3885 unam
1347 3822 1660 3886 conflatae
1680 3822 2112 3905 variegabant,
2142 3820 2313 3885 inter
2344 3844 2497 3905 quas

297 3946 570 4009 sparsae,
599 3926 670 3988 in
697 3925 1046 3989 femoribus
1079 3918 1434 4010 praecipue,
1464 3925 1776 3989 vesiculae
1814 3926 2127 4009 quaedam
2162 3925 2315 3988 satis
2344 3946 2494 3989 con-

296 4030 572 4111 spicuae,
632 4028 1079 4092 ambustorum
1144 4028 1226 4091 ad
1282 4029 1504 4107 instar,
1565 4049 1707 4092 sero
1762 4027 2118 4110 limpidiore
2176 4026 2495 4089 distentae

295 4130 708 4209 eminebant3
754 4130 925 4213 qu'od
969 4130 1226 4213 quidem
1270 4130 1556 4214 disrupta
1596 4130 1867 4195 subinde
1909 4128 2205 4212 pellicula
2245 4127 2495 4209 copiose

296 4232 614 4311 effluebat,
651 4232 936 4316 subjecta
967 4254 1159 4297 carne
1197 4233 1531 4317 nigredine
1576 4241 1641 4297 et
1685 4232 1979 4316 sphacelo
2022 4229 2203 4313 quasi
2246 4229 2491 4292 affecta.

297 4336 530 4399 Rarius
560 4342 777 4399 autem
803 4334 1173 4399 occurrebat
1202 4337 1324 4400 hoc
1345 4344 1478 4399 tam
1513 4336 1721 4399 dirum
1748 4340 2126 4418 symptoma,
2151 4330 2345 4414 idque
2366 4331 2491 4413 pri-

295 4460 403 4502 mo
431 4445 690 4502 tantum
721 4458 940 4501 mense
972 4460 1098 4521 quo
1126 4438 1285 4503 haec
1323 4440 1558 4523 species
1588 4438 1935 4520 regnabat:
2002 4434 2121 4519 [5]
2164 4456 2289 4518 quo
2325 4442 2491 4499 tem-
