3138 5006
711 273 844 338 292
1321 271 1715 338 THOMAE
1765 271 2285 337 SYDENHAM

409 447 494 496 Da
511 446 688 495 Mons.
714 433 840 498 ista
911 431 1116 515 εὐεξία
1171 431 1438 497 tandem
1511 433 2016 518 recuperabitur,
2090 435 2427 518 profligato
2498 434 2571 496 in
2644 433 2933 497 solidum

432 512 666 627 Ῑῗῖἑῠξξ·
715 535 958 600 morbo,
1087 535 1212 599 His
1286 535 1604 600 adductus
1677 535 2035 602 rationibus
2111 537 2281 601 hanc
2354 557 2475 619 ego
2538 536 2931 601 methodum

409 647 692 658 ——“
715 638 981 703 caeteris
1011 643 1369 722 antepono:
1417 637 1761 702 Peruviani
1790 637 2063 702 Corticis
2102 640 2297 702 uncia
2338 661 2473 702 una
2518 661 2671 702 cum
2700 639 2933 723 sympi

713 761 1005 805 rosarum
1061 741 1406 805 rubrarum
1473 741 1683 804 unciis
1746 741 1997 804 duabus
2062 741 2445 820 misceatur,
2522 763 2719 824 aeger
2778 763 2933 805 vero

717 843 1149 929 quantitatem
1187 843 1373 906 nucis
1415 844 1787 908 moschatae
1834 843 2115 928 majoris,
2154 865 2347 908 mane
2392 851 2460 908 et
2504 866 2665 922 sero,
2708 845 2933 929 quoti·

718 945 822 1008 die
863 945 1139 1022 devoret,
1172 943 1396 1008 diebus
1433 967 1472 1009 a
1511 947 1797 1027 genuino
1836 967 2219 1030 paroxysmo
2256 946 2493 1024 vacuis,
2524 947 2736 1010 donec
2777 968 2933 1010 con-

715 1048 1060 1112 fectionem
1111 1067 1373 1111 omnem
1433 1047 1880 1131 absumpserit.
1998 1050 2351 1133 Repetatur
2400 1069 2589 1131 porro
2650 1049 2737 1112 ad
2798 1057 2935 1112 tres

717 1151 872 1216 alias
893 1151 1079 1229 vices,
1103 1151 1455 1236 interjectis
1487 1173 1737 1235 semper
1782 1152 2005 1217 diebus
2046 1153 2602 1239 quatuordecim.”
2688 1153 2934 1237 (Morb.

716 1255 902 1317 Amat.
935 1254 1175 1318 H'wtor.
1214 1251 1381 1318 Sect.
1414 1255 1457 1318 i.
1491 1276 1630 1339 cap.
1664 1259 1725 1318 5.
1770 1255 1837 1341 [ᾧ
1871 1256 2042 1339 34.])

414 1359 476 1406 In
501 1357 662 1406 tertia·
815 1355 1014 1439 [39]r
1044 1355 1542 1421 Quantumlibet
1567 1363 1783 1421 autem
1814 1358 2049 1422 Cortex
2078 1378 2275 1440 supra
2300 1357 2601 1422 laudatus
2628 1358 2703 1420 in
2732 1357 2937 1421 febri-

408 1424 691 1544 ἷιῑῗυζῗὲξζζ
718 1457 840 1522 bus
885 1457 1060 1522 hisce
1097 1458 1431 1522 medendis
1479 1459 1781 1524 omnibus
1820 1460 1980 1537 aljis,
2030 1466 2352 1545 quotquot
2398 1460 2609 1523 adhuc
2656 1461 2939 1524 inventa

411 1559 693 1678 {3313ss
716 1561 1001 1639 fuerunt,
1045 1561 1327 1644 Palmam
1361 1561 1548 1625 facile
1590 1562 1956 1644 praeripiat,
1998 1570 2290 1625 attamen
2325 1562 2397 1625 in
2438 1562 2743 1626 tertianis
2790 1584 2939 1626 ver-

413 1687 463 1727 et
483 1679 659 1727 floren·
719 1662 993 1742 nalibus,
1039 1663 1095 1727 si
1145 1664 1336 1728 modo
1379 1685 1571 1746 aeger
1622 1664 1977 1747 sanguineo
2034 1670 2545 1747 temperamento
2592 1665 2937 1748 praeditus

413 1751 654 1870 {ffifftssfe’
721 1772 907 1844 esset,
950 1773 1146 1852 atque
1191 1766 1388 1830 etiam
1432 1772 1643 1830 aetate
1685 1767 1959 1850 floreret,
2008 1766 2293 1830 remedia
2342 1768 2683 1852 sequentia
2744 1789 2937 1831 cura-

414 1873 642 1935 gendum.
720 1867 965 1932 tionem
1002 1867 1342 1933 absolvisse
1382 1867 1725 1932 observavi.
1818 1869 2113 1952 Exempli
2158 1870 2384 1952 gratia,
2430 1869 2738 1933 mittatur
2782 1893 2937 1934 san-

722 1971 864 2053 guis
893 1991 930 2034 e
967 1969 1230 2035 brachio
1272 1971 1375 2034 die
1405 1993 1442 2035 a
1487 1991 1868 2055 paroxysmo
1896 1971 2119 2050 libere,
2152 1978 2218 2037 et
2260 1979 2407 2056 post
2450 1973 2699 2059 aliquot
2736 1974 2935 2037 horas

721 2071 950 2135 eodem
991 2071 1096 2135 die
1141 2071 1518 2137 exhibeatur
1557 2074 1901 2138 emeticum
1948 2095 2027 2137 ex
2060 2074 2384 2137 infusione
2424 2075 2595 2139 croci
2630 2075 2935 2138 metallo-

723 2195 890 2252 rum,
921 2174 1016 2238 ita
1059 2180 1312 2256 tempus
1352 2177 1785 2258 praefigendO,
1812 2185 1893 2240 -ut
1926 2177 2333 2240 vomitorium
2375 2199 2535 2260 opus
2576 2199 2773 2241 suum
2818 2179 2935 2242 ab·

721 2274 922 2339 solvat
974 2281 1126 2339 ante
1169 2276 1565 2340 invasionem
1610 2279 1971 2364 paroxysmi
2020 2279 2459 2365 insequentis;
2528 2302 2659 2365 quo
2706 2281 2931 2364 elapso

721 2375 1094 2441 immediate
1123 2377 1536 2460 aggrediatur
1564 2401 1759 2445 usum
1788 2380 2199 2468 sequentium
2220 2407 2329 2446 :—

725 2548 928 2621 [Form.
951 2548 1066 2621 ὀᾶ]
1144 2546 1207 2627 R,
1248 2550 1490 2605 Exti-acti
1515 2552 1833 2618 Gentianae,

1252 2636 1547 2707 [Exti-acti]
1576 2640 1862 2704 Absinthii‚

1255 2721 1557 2793 [Extracti]
1590 2724 1867 2778 Centaurii
1892 2724 2136 2790 Minoris,
2158 2744 2266 2781 ana
2288 2726 2571 2782 drachmas
2596 2728 2732 2783 duas
2754 2750 2767 2791 ;

1004 2806 1354 2873 Misceantur,
1377 2826 1441 2863 ac
1465 2809 1771 2864 dividantur
1798 2812 1854 2864 in
1888 2828 2079 2865 novem
2109 2812 2277 2879 doses,
2302 2830 2528 2883 quarum
2554 2832 2720 2867 unam
2744 2816 2937 2885 capiat

1001 2902 1192 2965 quarta
1225 2912 1433 2965 quaque
1467 2896 1613 2963 hora,
1649 2898 2035 2967 superbibendo
2072 2899 2293 2953 Decocti
2330 2900 2511 2955 Amari
2548 2902 2661 2954 sine
2694 2918 2937 2972 purgan-

1001 2982 1144 3035 tibus
1167 2990 1222 3035 et
1243 2980 1374 3035 Vini
1396 2982 1538 3047 Albi,
1562 3000 1669 3036 ana
1692 2984 1875 3037 uncias
1897 2992 2019 3037 tres.

413 3113 697 3239 &⁸3:²32ss
733 3108 897 3193 [40]
951 3109 1072 3171 Est
1112 3115 1179 3172 et
1219 3110 1422 3173 altera
1453 3112 1799 3176 methodus
1834 3114 2105 3177 curandi
2138 3115 2254 3178 has
2289 3116 2619 3192 tertianas,
2656 3116 2729 3179 in
2766 3138 2935 3200 pau-

411 3256 697 3304 pauperum.
721 3210 980 3293 peribus
1032 3211 1292 3290 scilicet,
1339 3233 1617 3297 quorum
1667 3215 1939 3280 facultas
1990 3216 2235 3301 prolixo
2288 3219 2622 3303 apparatui
2670 3220 2934 3284 medico

721 3311 987 3376 ferendo
1015 3334 1150 3376 non
1181 3312 1299 3378 sit:
1345 3321 1534 3395 ut,—

725 3486 928 3557 [Form.
954 3488 1070 3559 572]
1147 3486 1210 3567 Ba
1251 3490 1614 3561 serpentariae
1654 3494 2001 3566 virginianae
2044 3498 2383 3552 subtilissime
2429 3500 2735 3569 pulveratae
2781 3516 2933 3553 scru-

1318 3579 1506 3648 pulum
1533 3596 1720 3645 unum,

1249 3662 1377 3716 Vini
1401 3666 1525 3718 Albi
1549 3668 1736 3719 uncias
1758 3674 1893 3731 tres;

1005 3746 1204 3811 Misce3
1239 3758 1416 3802 sumat
1447 3751 1655 3806 duabus
1678 3751 1819 3806 horis
1841 3762 1966 3807 ante
1988 3770 2360 3827 paroxysmum
2382 3774 2395 3819 ;
2434 3763 2489 3811 et
2511 3756 2761 3827 stragulis
2786 3756 2933 3811 bene

1003 3842 1278 3904 coopertus
1315 3835 1467 3891 sudet
1501 3856 1597 3908 per
1618 3848 1721 3893 tres
1760 3842 1842 3894 vel
1879 3851 2107 3910 quatuor
2140 3843 2323 3897 horas:
2373 3843 2516 3897 idem
2542 3843 2792 3897 faciendo
2838 3862 2937 3913 per

1004 3920 1135 3975 duas
1159 3922 1290 3975 alias
1315 3924 1452 3978 vices
1474 3941 1789 3996 paroxysmo
1812 3928 2111 3997 ingruente.

455 4118 648 4165 Annus

467 4188 640 4247 1679,
822 4128 988 4212 [41]
1047 4129 1361 4216 Sequenti
1403 4152 1576 4248 aquo
1618 4133 1875 4249 (nefnpe
1918 4138 2135 4220 1679,)
2178 4137 2298 4201 sub
2344 4138 2531 4201 initio
2568 4138 2732 4202 Julii
2785 4162 2938 4204 eae.

409 4286 555 4330 Anno
577 4284 657 4333 ’79
728 4230 876 4295 dem
903 4232 1113 4297 febres
1143 4233 1224 4296 de
1241 4254 1406 4301 novo
1422 4255 1588 4299 vlres
1606 4236 2159 4321 redmtegrabant‚
2186 4249 2252 4305 et
2282 4242 2573 4327 quotidie
2606 4242 2942 4307 increbre-

413 4348 646 4459 ἶιιὲιίῃίιῗῐιυι
725 4341 994 4415 scentes,
1027 4357 1247 4400 mense
1289 4338 1590 4420 Augusto
1626 4360 1821 4425 quam
1850 4340 2311 4407 immanissime
2343 4344 2943 4427 debacchabantur,

414 4476 612 4524 eaedem
627 4476 695 4523 se-
1421 4472 1440 4497 ¹
1475 4466 1669 4516 Desunt
1693 4470 1745 4529 ᾗς
1772 4470 1849 4527 39,
1876 4472 1937 4517 40
1960 4471 2012 4518 in
2036 4472 2109 4519 ed.
2136 4474 2231 4522 ’80.
