3138 5006
525 271 1322 338 OBSERVATIONUM
1366 245 1945 336 MEDICA'RUM
1992 279 2039 332 1.
2076 247 2129 335 4.
2340 274 2431 338 59

229 432 391 496 derit
414 433 671 516 (accidit
689 439 910 498 autem·
926 432 1308 516 aliquoties,)
1321 439 1396 497 ut
1421 438 1722 516 aegrotus
1745 431 1955 496 oleum
1973 441 2232 516 prorsus
2252 453 2427 497 aver·
2496 453 2695 502 Fam

223 544 437 614 setur3
481 543 642 600 tunc
670 536 843 601 enim
873 536 1245 619 vulgaribus
1289 536 1415 598 illis
1443 535 1891 618 pectoralibus,
1920 541 1997 598 ut
2030 535 2200 613 licet,
2229 557 2421 620 opem
2459 519 2739 631 3³32&

229 639 396 706 ferre
424 659 752 705 conamur.
841 639 1114 710 Interim
1148 639 1356 703 oleum
1389 638 1550 701 illud
1574 637 2075 721 amygdalarum,
2108 638 2421 721 siquidem
2486 649 2693 696 ’fil-³64.

224 741 338 804 illo
387 761 503 824 per
547 762 810 824 aegrum
863 741 964 804 uti
1020 740 1294 819 licuerit,
1355 739 1635 804 bechicis
1696 739 1838 802 aliis
1902 739 2428 823 anteponendum

141 875 148 884 ·
226 864 474 922 censeo,
506 842 588 907 ob
619 864 760 908 eam
791 864 1048 906 causam
1092 843 1454 926 praecipue,
1485 840 1657 924 quod
1688 862 1833 904 cum
1864 863 2127 906 necesse
2158 843 2241 907 sit
2270 843 2431 908 haec

223 948 552 1012 liberalius
587 955 654 1012 et
683 948 910 1031 majori
952 948 1318 1030 quantitate
1360 947 1682 1025 exhibere,
1712 948 1904 1012 modo
1950 949 2251 1032 prodesse
2276 950 2430 1014 veli-

224 1071 388 1129 mus,
407 1052 529 1116 hoc
557 1059 747 1134 pacto
776 1050 1225 1128 ventriculum,
1243 1051 1379 1134 jam
1411 1050 1566 1116 satis
1598 1072 1914 1134 superque
1944 1052 2218 1117 debilem
2252 1060 2320 1117 et
2351 1053 2435 1118 ad

221 1175 529 1218 nauseam
577 1154 940 1237 proclivem,
988 1157 1366 1233 oneramus;
1429 1151 1901 1236 nonnunquam
1954 1155 2149 1220 etiam
2203 1155 2429 1236 eadem

221 1279 418 1341 opera
457 1257 911 1341 praepedimur
956 1278 1042 1320 ne
1083 1256 1350 1339 reliqua,
1397 1255 1623 1320 eodem
1676 1257 1814 1340 ipso
1860 1264 2148 1342 tempore
2200 1260 2438 1323 transi-

223 1359 460 1441 genda,
511 1373 944 1442 procuremus.
1046 1357 1211 1442 [42]
1265 1357 1500 1440 Neque
1538 1379 1689 1423 vero
1730 1359 1885 1423 satis
1932 1367 2048 1424 aut
2096 1361 2437 1426 intellectu

223 1483 548 1546 assequor,
589 1471 704 1526 aut
755 1461 1150 1545 experientia
1197 1461 1464 1526 edoctus
1521 1482 1687 1540 sum,
1736 1483 1854 1526 cur
1904 1464 1985 1528 ab
2033 1461 2233 1548 hujus
2284 1466 2431 1544 olei,

225 1565 400 1648 quod
439 1567 576 1650 jam
625 1565 922 1642 diximuS,
972 1586 1094 1628 usu
1140 1564 1211 1627 in
1259 1564 1575 1628 Febribus
1624 1565 2099 1646 abhorreamuS,
2140 1588 2217 1632 eo
2262 1569 2437 1651 quod

225 1669 472 1732 scilicet
529 1668 988 1732 inflammabile
1045 1668 1150 1744 sit,
1211 1667 1500 1750 adeoque
1557 1668 1983 1731 metuendum
2031 1691 2117 1734 ne
2178 1670 2436 1734 Febrim

227 1772 572 1854 adaugeat.
662 1772 791 1835 Fac
844 1771 1018 1834 enim
1065 1770 1226 1833 illud
1280 1791 1398 1833 sua
1442 1777 1683 1833 natura
1728 1770 2008 1834 calidum
2064 1793 2221 1851 esse,
2265 1779 2438 1837 certe

225 1881 453 1940 tamen
513 1875 684 1938 calor
739 1875 848 1938 ille
901 1879 1124 1938 tantus
1177 1894 1314 1937 non
1372 1879 1471 1936 est
1522 1879 1599 1934 ut
1660 1872 1921 1936 aliunde
1977 1895 2113 1938 non
2181 1875 2439 1942 abunde

225 1984 570 2062 pensetur:
617 1999 769 2060 prae
813 1977 1082 2040 caeteris
1127 1976 1300 2039 enim
1337 1975 1679 2039 manifesta
1715 1975 1778 2038 vi
1821 1977 2065 2058 pectori
2114 1979 2435 2059 conducit,

226 2081 561 2164 aperitque
589 2081 722 2144 vias
765 2093 850 2144 ac·
877 2079 1060 2158 lenit,
1107 2078 1392 2161 adeoque
1437 2078 2019 2161 expectorationem
2062 2089 2433 2163 promovet3

221 2205 359 2267 qua
391 2183 786 2267 (praesertim
827 2183 882 2246 si
926 2182 1236 2265 copiosior
1276 2181 1621 2263 acciderit,)
1667 2189 1809 2243 tum
1851 2191 2239 2247 exoneratur
2284 2206 2431 2248 san·

223 2287 371 2370 guis
419 2309 458 2350 a
500 2286 768 2350 molesto
809 2285 1080 2349 humore
1126 2283 1457 2348 commode
1501 2285 1637 2367 jam
1686 2291 1959 2363 excreto,
2007 2294 2151 2350 tum
2198 2287 2428 2352 eadem

221 2411 423 2473 opera
450 2389 748 2452 nonnihil
775 2389 1191 2471 refrigeratur
1205 2413 1226 2465 3
1274 2387 1558 2470 adeoque
1590 2409 1693 2451 me
1723 2409 1859 2451 non
1890 2388 2237 2453 a‘dmodum
2267 2390 2435 2455 male

227 2492 451 2571 habet,
500 2491 814 2576 siquando
857 2489 1124 2555 viderim
1171 2497 1536 2575 symptoma
1587 2489 1709 2555 hoc
1760 2491 2207 2574 intercurrere,
2252 2494 2437 2577 cujus

228 2596 546 2661 beneficio
591 2616 724 2659 non
775 2616 1002 2679 parum
1056 2578 1252 2657 etiam
1299 2615 1492 2675 aegro
1538 2593 1835 2659 beneficii
1882 2596 2151 2661 accedit.
2261 2595 2440 2663 Illud

229 2700 499 2762 unicum
547 2718 726 2761 nunc
776 2717 1026 2775 moneo,
1073 2718 1206 2759 una
1253 2695 1603 2778 eademque
1646 2696 1781 2761 vice
1830 2704 2051 2761 tutum
2097 2719 2235 2761 non
2280 2719 2439 2777 esse,

229 2801 392 2865 totis
433 2799 872 2865 cochlearibus
917 2800 1040 2862 hoc
1084 2797 1298 2862 oleum
1345 2798 1647 2862 exhibere
1655 2824 1676 2877 3
1723 2799 2077 2882 periculum
2120 2800 2295 2865 enim
2338 2807 2440 2864 est

231 2926 318 2969 ne
363 2910 432 2967 et
449 2903 832 2967 =ventriculo
871 2922 1176 2966 nauseam
1223 2908 1286 2965 et
1328 2902 1468 2965 alvo
1511 2902 1754 2964 fluxum
1784 2901 2204 2970 inducamus:
2249 2924 2438 2986 parce
2464 2928 2607 2975 parce
2630 2919 2681 2961 at

229 3009 456 3091 itaque
499 3006 612 3071 sed
655 3005 1026 3089 frequenter
1073 3004 1358 3068 interdiu
1402 3011 1733 3087 noctuque
1773 3005 2249 3087 propinandum
2293 3007 2435 3085 erit,
2461 2976 2739 3089 {fffflssffim

227 3132 361 3195 quo
402 3131 532 3174 non
575 3108 782 3172 solum
819 3107 1333 3189 expectoratione
1373 3106 1543 3171 facta
1582 3106 1811 3170 tussim
1848 3108 2184 3186 leniemus,
2215 3130 2435 3174 verum
2465 3105 2583 3155 dum
2607 3114 2695 3158 0⁸¹³·

227 3213 428 3276 etiam
468 3211 664 3295 (quod
691 3210 961 3293 alicujus
993 3210 1302 3289 momenti
1332 3210 1474 3293 est,)
1511 3209 1767 3274 attritas
1798 3209 1973 3293 aegri
2004 3210 2167 3275 vires
2197 3211 2438 3279 blando

231 3315 638 3381 nutrimento
666 3312 964 3376 nonnihil
995 3311 1362 3375 solabimur.

339 3416 506 3501 [48.]
557 3417 666 3489 Fit
707 3436 1178 3498 nonnunquam
1221 3422 1298 3479 ut
1345 3412 1861 3498 Haemorrhagia
1898 3416 2176 3481 Narium
2218 3438 2437 3501 super·
2465 3427 2690 3475 Nantua

233 3520 491 3594 veniat3
537 3520 668 3583 sive
699 3518 870 3601 quod
913 3518 1380 3581 medicamenta
1425 3517 1619 3581 nimis
1658 3518 1865 3582 calida
1890 3519 1963 3581 in
2006 3520 2216 3583 morbi
2247 3520 2436 3584 initio
2464 3493 2729 3607 5ξὲζῖἵῖ

233 3624 480 3687 fuerint
515 3622 820 3700 exhibita,
851 3620 981 3684 sive
1011 3620 1180 3703 quod
1225 3619 1520 3684 ebullitio
1551 3642 1688 3683 non
1718 3621 1872 3685 satis
1910 3622 2191 3686 coercita
2217 3622 2435 3701 fuerit,

237 3747 432 3809 aegro
471 3746 702 3807 nempe
731 3725 833 3788 vel
867 3725 940 3787 in
970 3723 1224 3787 florenti
1272 3730 1483 3787 aetate
1519 3722 1894 3802 constituto,
1926 3724 2023 3787 vel
2074 3725 2231 3789 anni
2274 3733 2439 3789 tem-

233 3835 488 3913 pestate
516 3828 958 3912 coadjuvante.
1050 3827 1196 3891 Hoc
1225 3827 1278 3889 si
1307 3827 1440 3905 fiat,
1472 3848 1607 3890 non
1638 3827 1983 3891 admodum
2011 3828 2335 3911 juvabunt
2364 3850 2443 3892 ea
2469 3843 2675 3892 Narium

233 3954 406 4017 quae
435 3932 518 3997 ad
547 3931 902 3995 sistendum
934 3930 1266 4013 sanguinis
1298 3936 1541 3993 motum
1562 3931 1754 4012 vulgo
1775 3930 1915 3993 fieri
1944 3940 2435 4010 consueverunt,
2464 3908 2707 4035 gaga-

239 4036 458 4119 qualia
497 4041 654 4099 sunt
682 4033 1242 4111 venae-sectiones,
1272 4032 1611 4115 ligaturae,
1658 4032 2127 4097 medicamenta
2162 4033 2439 4098 adstrin-
2465 4036 2582 4085 huic
2607 4037 2647 4085 F
2650 4038 2751 4087 ebri

239 4138 484 4223 gentia,
517 4144 712 4220 atque
751 4136 1250 4220 agglutinantia,
1281 4135 1381 4197 vel
1425 4135 1619 4198 etiam
1662 4135 1995 4217 sanguinis
2028 4134 2439 4200 acrimoniam
2468 4110 2724 4217 ξιῖἑῗιὲἳυι

237 4241 812 4325 contemperantia,
835 4246 960 4304 etc.
1051 4238 1358 4304 Quamvis
1389 4237 1557 4301 enim
1592 4258 1708 4320 pro
1739 4237 2145 4301 Medicorum
2176 4238 2441 4304 consilio
2469 4234 2682 4308 curanda

235 4366 318 4421 ‚ac
347 4343 692 4429 prudentia
721 4343 820 4406 his
851 4349 1045 4425 atque
1077 4340 1447 4425 hujusmodi
1477 4340 1617 4403 aliis
1648 4340 1746 4403 uti
1777 4340 1985 4421 liceat,
2018 4340 2088 4404 in
2118 4362 2194 4406 eo
2222 4348 2442 4407 tamen
2470 4301 2549 4347 ut.

1025 4466 1048 4497 ι’
1086 4471 1158 4519 Cf.
1189 4472 1385 4519 Procax.
1414 4472 1503 4519 Int.
1531 4450 1571 4517 c..
1598 4472 1679 4517 45.
