3138 5006
739 292 1337 359 DISSERTATIO
1383 291 1996 357 EPISTOLARIS.
2333 294 2460 355 345

262 453 417 537 quid
454 456 557 520 vel
589 455 1191 541 impraesentiarum
1231 457 1311 521 de
1349 464 1451 521 tot
1489 463 1824 521 tantarum
1861 456 2202 540 regionum
2236 454 2464 521 incolis
2491 474 2575 524 Dn
2597 474 2768 523 viuu-

260 556 393 635 fiet,
415 578 565 623 cum
582 560 791 624 omnis
808 560 983 639 Asia,
996 560 1217 624 Africa
1237 559 1466 639 omniS,
1486 567 1682 644 atque
1699 558 1908 625 omnis
1926 560 2125 624 etiam
2141 558 2462 639 America,
2488 540 2768 653 οξίζξζῒ

260 658 569 745 (demptis
614 663 857 747 aliquot
902 663 1165 747 nuperis
1212 664 1477 727 coloniis
1511 662 1690 727 haud
1731 662 1825 726 ita
1865 660 2234 746 populosis,)
2271 668 2466 746 atque

258 760 525 847 insuper
566 786 809 848 magna
844 767 1141 850 Europae
1180 788 1347 849 pars,
1379 766 1543 830 Arte
1581 765 1848 829 Medica
1879 786 2142 849 prorsus
2193 763 2467 829 destitu-

260 870 503 931 antur?
548 870 884 950 Attamen,
908 878 985 935 ut
1015 872 1346 953 eleganter
1374 870 1696 949 Comicus,
1726 870 1894 934 viros
1929 868 2198 933 rationis
2237 888 2312 933 ac
2339 870 2465 933 vir-

256 978 482 1035 tutum
504 996 628 1038 usu
657 981 1075 1058 praestantes,
1096 976 1178 1039 ab
1210 996 1432 1040 eorum
1457 997 1654 1059 grege
1677 975 1788 1059 qui
1807 974 2084 1039 formam
2111 973 2467 1037 humanam

258 1078 393 1142 vita
444 1078 526 1142 ad
569 1079 777 1143 instar
825 1079 1167 1144 brutorum
1224 1074 1481 1160 ἀλόγων
1536 1086 1684 1145 acta
1734 1083 2187 1162 conspurcant,
2237 1075 2464 1140 distin-

260 1200 489 1261 guens,

411 1342 514 1405 ‘sse
537 1348 719 1421 χαρίεν
748 1342 1004 1420 (inquit,)
1034 1348 1143 1405 ἔστ’
1172 1348 1457 1422 ἅνθρωπος,
1486 1349 1549 1404 ἂν
1576 1349 1841 1422 ἄνθρωαπ-ος
1869 1344 1924 1420 ᾖ·

413 1464 470 1528 [i.
498 1481 538 1515 e.
564 1468 657 1515 Res
678 1474 747 1515 est
766 1468 893 1513 homo
908 1482 1199 1528 peramoenu,
1221 1469 1265 1515 si
1285 1483 1388 1515 vere
1410 1469 1622 1515 esthemo
1640 1486 1657 1521 ,·
1697 1466 1852 1529 (Stob.
1877 1467 2040 1515 Plorat.
2064 1480 2110 1513 v.
2139 1462 2268 1527 11.)]

261 1592 357 1659 ita
403 1594 599 1659 etiam
654 1597 782 1659 Ars
833 1596 1113 1675 Medica,
1168 1597 1224 1659 si
1268 1617 1491 1661 revera
1542 1617 1644 1659 ars
1692 1596 1909 1675 fuerit,
1958 1602 2024 1660 et
2075 1616 2211 1659 non
2259 1592 2468 1658 solum
2497 1601 2664 1654 Quale
2687 1602 2774 1649 bo-

260 1698 525 1762 nomine
569 1705 782 1778 tenus,
826 1699 1184 1763 maximum
1230 1706 1330 1763 est
1379 1699 1700 1764 donorum
1743 1700 2031 1763 omnium
2085 1717 2250 1782 quae
2296 1697 2468 1760 hanc
2491 1673 2772 1781 ᾎἛῇζῗῖ

261 1801 462 1865 vitam
503 1802 875 1885 respiciunt,
922 1809 1237 1885 tantoque
1286 1802 1551 1867 caeteris
1601 1802 1902 1866 omnibus
1949 1799 2468 1885 praeferendum,
2494 1813 2552 1845 0¹²
2577 1796 2618 1843 εἰ
2641 1811 2754 1844 vere

262 1911 508 1989 quanto
535 1906 676 1989 ipsa
700 1905 837 1969 vita
859 1906 939 1969 iis
970 1906 1202 1989 quibus
1230 1905 1302 1969 in
1330 1905 1441 1969 illa
1471 1905 1828 1989 gaudemus
1857 1904 2204 1989 praecellit.
2494 1877 2572 1911 ω
2595 1868 2736 1911 ωθι

362 2008 527 2091 [28]
588 2008 717 2072 Sed
756 2015 833 2072 ut
878 2009 961 2073 ad
1002 2024 1141 2072 rem
1182 2008 1481 2072 redeam:
1538 2015 2110 2092 quantumcunque
2154 2004 2471 2071 conducat

264 2110 640 2194 plerumque
670 2132 861 2194 aegro
901 2117 976 2175 ut
1004 2110 1229 2194 primis
1258 2111 1469 2175 morbi
1497 2109 1725 2175 diebus
1753 2111 1920 2176 lecto
1949 2132 2085 2175 non
2113 2108 2466 2187 addicatur,

266 2220 365 2277 est
402 2220 623 2278 tamen
672 2213 869 2297 (quod
910 2214 1423 2297 observandum,)
1471 2213 1585 2278 ubi
1633 2214 1829 2279 etiam
1873 2222 2024 2279 ante
2067 2212 2472 2296 eruptionem

266 2316 532 2380 omnino
574 2316 783 2380 addici
827 2310 1075 2380 debeat.
1166 2317 1461 2400 Exempli
1508 2318 1734 2400 gratia,
1779 2316 2015 2396 infans,
2062 2316 2144 2381 de
2187 2321 2471 2399 sympto-

264 2419 456 2483 matis
486 2419 910 2486 dentitionem
949 2419 1405 2485 comitantibus
1442 2421 1582 2505 jam
1611 2442 1890 2499 securus,
1923 2420 2268 2503 derepente
2297 2438 2472 2501 spas-

265 2543 375 2586 mo
402 2523 778 2606 corripitur;
822 2525 895 2587 in
938 2525 1060 2588 hoc
1104 2545 1259 2588 casu
1302 2524 1720 2608 cogitandum
1764 2532 1862 2589 est
1904 2525 2086 2602 mihi,
2119 2522 2472 2590 convulsio-
2499 2537 2722 2586 Infante·

266 2647 419 2690 nem
458 2627 654 2689 istam
696 2626 981 2690 fortassis
1025 2648 1064 2690 a
1107 2628 1401 2692 Naturae
1444 2634 1702 2706 conatu,
1741 2650 1870 2712 quo
1908 2627 2196 2707 variolas,
2243 2625 2472 2690 scarla-
2497 2615 2706 2728 {ffi‘t’i
2721 2669 2780 2712 ut

264 2729 475 2792 tinam
502 2728 767 2808 febrem,
799 2735 913 2792 aut
940 2729 1289 2808 morbi1108,
1320 2730 1392 2794 in
1436 2731 1717 2814 corporis
1755 2729 2054 2794 habitum
2097 2728 2472 2813 protrudere
2495 2729 2747 2782 tractandi.

264 2832 520 2915 satagit,
564 2830 863 2915 pendere,
906 2833 1058 2896 licet
1108 2832 1443 2916 hucusque
1486 2833 1734 2897 lateant
1781 2833 1902 2897 sub
1951 2833 2118 2896 cutis
2162 2830 2470 2914 tegmine.

270 2937 365 3000 Ut
393 2939 613 3020 itaque
640 2944 778 3000 tam
804 2937 1161 3021 periculoso
1192 2937 1611 3022 symptomati
1647 2959 1868 3001 eamus
1899 2935 2173 3014 obviam,
2204 2933 2472 3017 emplas—

266 3047 371 3104 tro
399 3040 776 3124 epispastico
804 3041 1055 3105 nuchae
1083 3062 1235 3105 mox
1265 3041 1585 3125 applicito,
1607 3040 1773 3104 lecto
1805 3039 2280 3123 quamprimum
2303 3057 2473 3102 com-

269 3142 624 3206 mittendus
656 3149 753 3206 est
774 3169 795 3222 ς
841 3142 1129 3208 exhibito
1158 3143 1423 3227 insuper
1450 3142 1876 3207 medicamine
1916 3141 2129 3224 aliquo
2163 3139 2472 3218 cardiacO,

268 3246 374 3310 cui
404 3242 602 3311 etiam'
628 3246 981 3329 paregorici
1024 3247 1381 3330 pauxillum
1410 3253 1509 3310 est
1548 3245 2052 3323 admiscendum,
2086 3264 2213 3328 quo
2256 3249 2324 3308 et
2361 3262 2474 3326 po-

268 3349 515 3414 tentius
564 3349 774 3413 morbi
831 3371 1089 3414 causam
1142 3349 1451 3428 eliminet,
1505 3355 1700 3433 atque
1759 3349 1956 3413 etiam
2005 3346 2382 3424 tumultum,
2437 3365 2478 3410 a

268 3474 399 3538 quo
427 3452 632 3517 oritur
658 3472 1096 3536 paroxysmus,
1127 3452 1493 3534 consopiat:
1537 3450 1715 3514 verbi
1747 3449 1974 3533 gratia,
2003 3440 2204 3532 puero
2232 3446 2477 3511 trienni

272 3562 498 3640 guttae
550 3555 835 3639 quinque
885 3554 1147 3618 laudaui
1196 3553 1425 3638 liquidi
1468 3554 1541 3617 in
1601 3575 1805 3637 aquae
1851 3551 2241 3636 epidemicae
2290 3547 2476 3615 cochss·

270 3659 431 3724 leari
472 3678 605 3722 uno
642 3659 778 3742 (aut
824 3657 981 3741 quid
1025 3657 1277 3741 simile,)
1314 3663 1470 3721 sunt
1512 3657 1971 3740 propinandae.
2060 3655 2154 3718 Et·
2191 3653 2478 3738 profecto

267 3763 559 3846 suspicor
604 3762 972 3841 admodum,
1020 3762 1125 3845 (ne
1169 3761 1381 3826 dicam
1425 3767 1630 3824 certus
1670 3761 1849 3844 sum)
1897 3758 2192 3823 millenos
2236 3757 2480 3840 aliquot

270 3865 575 3945 infantes,
606 3872 673 3930 et
701 3864 1049 3929 nonnullos
1080 3864 1277 3929 etiam
1307 3870 1517 3928 aetate
1544 3863 1991 3948 provectiores,
2021 3861 2259 3925 idcirco
2300 3859 2480 3923 letho

271 3969 469 4033 fuisse
500 3969 702 4046 datos,
728 3967 902 4052 quod
929 3989 1065 4030 non
1095 3966 1247 4029 satis
1290 3963 1858 4029 animadverterint
1887 3962 2147 4041 Medici,
2177 3961 2476 4044 hujusce·
2505 3968 2762 4048 quantun?

272 4072 453 4136 modi
480 4070 919 4136 convulsiones
941 4069 1105 4133 nihil
1135 4068 1309 4132 aliud
1337 4068 1535 4132 fuisse
1559 4089 1755 4152 quam
1782 4065 2156 4129 morborum
2177 4064 2316 4146 jam
2345 4061 2476 4126 dic·
2499 4035 2785 4163 {2231}ss

272 4182 494 4240 torum
521 4173 966 4258 praenuncios.
1021 4172 1191 4236 Cum
1220 4171 1393 4235 enim
1421 4170 1700 4234 Practici
1731 4168 1922 4253 paulo
1950 4166 2336 4230 incautiores
2365 4185 2478 4247 pa„-
2499 4173 2719 4229 sympto-

272 4298 603 4362 roxysmos
631 4276 825 4340 hosce
852 4295 1073 4340 revera
1108 4274 1632 4360 symptomaticos
1659 4295 1777 4357 pro
1807 4268 2141 4336 affectibus
2171 4266 2476 4332 essentia·
2501 4237 2754 4343 ffffsstssilssffl

275 4380 447 4446 libus
473 4380 777 4458 habeant,
808 4378 1122 4444 enematis
1157 4399 1344 4462 saepe
1371 4377 1662 4462 repetitis
1692 4383 1759 4440 et
1789 4375 1929 4439 aliis
1959 4369 2478 4437 evacuationibus
2501 4356 2783 4473 ξιξξῖῗζξζ.

276 4503 388 4548 eos
424 4483 725 4566 aggressi,
764 4482 1173 4548 Variolarum
1210 4481 1535 4565 eruptioni
1571 4478 1882 4555 officiunt,
1921 4497 1995 4540 ac
2029 4473 2302 4560 proinde
2336 4494 2480 4557 per·
2503 4496 2598 4539 tur.

1328 4603 1369 4647 Y
1397 4605 1443 4669 Υ
