3138 5006
438 457 635 506 Pasas.

391 522 488 570 En.
507 522 672 574 Tea-r.

705 287 788 351 16
1309 286 1699 354 ΤΗΟΜΑΕ
1748 285 2263 353 SYDENHAM

701 447 1157 513 confabulandi
1206 448 1412 532 magis
1460 449 1546 512 sit
1594 469 1715 528 ars,
1766 469 1961 531 quam
2001 447 2335 512 Medendi.
2430 447 2560 512 Sed
2605 468 2691 512 ne
2734 447 2903 512 hanc

701 571 821 633 ego
851 549 1060 614 dicam
1087 556 1331 614 temere
1359 550 1701 633 impegisse
1736 551 1974 630 videar,
2003 550 2102 614 fas
2131 550 2293 614 mihi
2332 549 2419 614 sit
2448 571 2485 614 e
2512 550 2616 614 via
2642 571 2901 633 parum-

697 673 814 736 per
843 653 1198 730 deflectere,
1231 674 1358 735 quo
1388 653 1631 716 scilicet
1661 653 1952 717 evincam
1981 673 2205 717 causas
2234 653 2377 716 illas
2404 652 2801 730 remotiores,
2831 653 2901 715 in

700 753 935 837 quibus
965 753 1370 837 assignandis
1399 761 1467 818 et
1495 753 1567 817 in
1596 754 1809 818 lucem
1848 754 2259 819 extrahendis
2305 754 2646 818 hominum
2694 754 2902 818 curio-

699 875 916 920 sorum
975 863 1042 921 et
1109 854 1457 942 περιέργων
1523 877 1725 920 vanae
1795 857 2263 939 speculationes
2330 857 2523 920 unice
2580 855 2903 919 desudant

695 959 1250 1044 triumphantque,
1294 981 1554 1043 prorsus
1596 981 1734 1024 esse
1780 959 2274 1040 ἀκαταλήπτους
2311 981 2387 1024 ae
2428 958 2901 1036 inscrutabiles,

697 1058 862 1126 solas
907 1083 1058 1127 vero
1103 1063 1421 1146 proximas
1469 1069 1535 1126 et
1582 1063 1962 1146 conjunctas
2011 1084 2051 1126 a
2099 1061 2285 1126 nobis
2332 1082 2519 1144 posse
2576 1062 2901 1144 cognosci,

697 1171 892 1247 atque
921 1164 1002 1228 ab
1031 1165 1133 1227 his
1163 1165 1311 1228 solis
1339 1163 1763 1228 indicationes
1794 1164 2112 1228 curativas
2144 1185 2281 1227 esse
2310 1163 2724 1227 mutuandas.

794 1265 960 1350 [18.]
1015 1265 1508 1330 Observandum
1529 1272 1630 1330 est
1651 1266 1889 1349 itaque,
1912 1267 2085 1348 quod
2115 1265 2169 1328 si
2198 1265 2501 1329 humores
2522 1265 2623 1328 vel
2655 1264 2905 1328 diutius

696 1389 888 1452 quam
918 1389 1034 1452 par
1065 1374 1162 1431 est
1191 1368 1261 1430 in
1293 1387 1553 1451 corpore
1583 1367 1827 1432 fuerint
1854 1368 2114 1445 retenti,
2152 1367 2327 1450 (quia
2356 1367 2597 1430 scilicet
2641 1366 2909 1431 Natura

697 1471 953 1534 eosdem
983 1489 1380 1554 concoquere
1400 1477 1702 1552 nequeat,
1724 1489 1797 1533 ac
1820 1468 2122 1552 deinceps
2152 1468 2511 1551 expellere‚)
2534 1468 2633 1531 vel
2666 1467 2746 1532 ab
2777 1469 2906 1532 hac

699 1578 813 1635 aut
855 1572 968 1636 illa
1010 1572 1177 1636 aeris
1221 1572 1685 1635 constitutione
1726 1570 1949 1654 labem
1996 1570 2394 1634 morbificam
2438 1571 2905 1649 contraxerint,

698 1676 798 1739 vel
821 1675 1097 1758 denique
1120 1676 1418 1758 contagio
1443 1676 1657 1757 aliquo
1678 1680 1995 1738 venenato
2025 1674 2250 1737 infecti
2278 1675 2349 1736 in
2378 1672 2667 1755 ejusdem
2690 1680 2909 1736 castra

697 1778 1072 1842 transierint
1091 1803 1110 1855 3
1141 1777 1242 1841 his
1272 1777 1604 1859 (inquam,)
1632 1775 1841 1840 modis
1863 1783 1929 1838 et
1946 1776 2047 1838 his
2070 1774 2405 1852 similibus,
2418 1774 2575 1837 dicti
2596 1774 2907 1838 humores

698 1879 771 1942 in
813 1880 1088 1943 formam
1133 1878 1644 1956 substantialem,
1692 1899 1807 1941 seu
1848 1879 2111 1958 φεεὶεηι
2154 1877 2539 1954 exaltantur,
2590 1897 2755 1958 quae
2796 1877 2906 1939 his

698 1981 915 2045 aliisve
946 1980 1280 2044 affectibus
1311 2000 1458 2043 cum
1499 1980 1758 2063 propria
1786 1979 2067 2042 essentia
2096 1977 2625 2042 convenientibus
2658 1997 2724 2040 se
2752 1997 2907 2061 pro-

699 2081 832 2158 dit3
895 2102 1058 2164 quae
1099 2081 1356 2164 quidem
1402 2086 1851 2164 symptomata,
1883 2080 2035 2143 licet
2076 2080 2297 2142 minus
2326 2079 2530 2142 cautis
2558 2078 2911 2143 videantur

698 2187 854 2250 oriri
893 2185 994 2249 vel
1033 2208 1073 2250 a
1117 2193 1352 2249 natura
1392 2185 1595 2268 partis
1640 2207 1834 2269 quam
1878 2185 2113 2248 humor
2142 2181 2412 2261 obsedit,
2444 2184 2545 2246 vel
2586 2204 2625 2247 a
2663 2191 2911 2247 natura

698 2287 985 2351 humoris
1021 2287 1220 2370 ipsius
1249 2293 1599 2370 antequam
1627 2288 1795 2350 hanc
1824 2285 2127 2349 induerat
2157 2286 2451 2368 speciem,
2472 2283 2907 2349 nihilominus

695 2409 917 2452 revera
945 2389 1210 2452 affectus
1241 2395 1396 2452 sunt
1425 2388 1506 2452 ab
1529 2389 1809 2452 essentia
1837 2387 2045 2452 dictae
2076 2388 2309 2470 speciei
2328 2388 2393 2450 in
2429 2387 2603 2450 hunc
2626 2387 2909 2469 gradum

695 2512 920 2555 recens
961 2497 1214 2556 evectae
1257 2490 1634 2575 pendenteS.
1722 2489 1909 2554 Adeo
1952 2497 2029 2554 ut
2075 2489 2343 2573 quilibet
2386 2488 2652 2553 morbus
2698 2489 2907 2571 speci-

695 2596 856 2658 ficus
887 2595 1137 2659 affectio
1167 2594 1251 2658 sit
1281 2594 1361 2657 ab
1392 2594 1515 2658 hac
1543 2594 1644 2657 vel
1672 2593 1785 2656 illa
1814 2593 2107 2676 specifica
2134 2592 2544 2669 exaltatione,
2566 2592 2665 2654 vel
2698 2592 2907 2674 speci-

695 2697 994 2760 ficatione
1037 2698 1212 2760 succi
1248 2697 1583 2779 cujusdam
1618 2697 1689 2758 in
1734 2716 1995 2778 corpore
2033 2695 2338 2773 animatO,
2370 2704 2587 2758 ortum
2632 2694 2902 2758 ducens.

699 2798 836 2862 Sub
867 2797 988 2861 hoc
1018 2818 1253 2881 genere
1288 2804 1502 2880 potest
1538 2796 1994 2880 comprehendi
2022 2796 2303 2859 maxima
2342 2817 2491 2879 pars
2520 2796 2907 2859 morborum

693 2900 808 2982 qui
845 2907 1092 2964 certum
1135 2900 1412 2982 aliquem
1453 2905 1683 2982 typum
1729 2918 1802 2962 ac
1831 2898 2105 2961 formam
2149 2904 2527 2980 agnoscunt.
2616 2898 2705 2961 Et
2750 2918 2905 2979 pro-

693 3002 864 3065 fecto
901 3002 1076 3066 haud
1119 3002 1334 3064 minus
1380 3022 1448 3063 se
1491 3000 1753 3063 Natura
1794 2998 2099 3063 methodo
2144 2999 2445 3080 astringit
2488 3000 2559 3061 in
2606 2998 2707 3061 his
2752 3006 2907 3063 tum

693 3102 1139 3185 producendis,
1184 3109 1330 3165 tum
1386 3101 1809 3177 maturandis,
1856 3122 2051 3183 quam
2096 3101 2167 3164 in
2218 3101 2477 3183 plantis,
2524 3100 2661 3164 sive
2698 3102 2905 3165 etiam

695 3204 1100 3267 animalibus.
1192 3204 1502 3268 Quinimo
1545 3210 1624 3267 ut
1666 3203 1931 3267 cuilibet
1976 3204 2105 3267 sive
2154 3204 2414 3287 plantae
2460 3203 2589 3267 sive
2634 3204 2907 3267 animali

693 3305 934 3388 proprii
980 3304 1241 3387 quidam
1285 3324 1359 3371 ac
1401 3305 1753 3387 peculiares
1796 3304 2063 3367 affectus
2107 3311 2504 3387 competunt,
2542 3304 2639 3367 ita
2683 3324 2751 3368 se
2793 3324 2905 3368 res

693 3405 892 3470 habet
919 3406 991 3469 in
1021 3406 1306 3490 qualibet
1335 3406 1506 3470 succi
1535 3407 1978 3489 cujuscunque
2008 3407 2415 3484 exaltatione,
2448 3404 2562 3470 ubi
2594 3407 2790 3470 semel
2820 3408 2899 3470 in

695 3506 972 3589 speciem
1015 3508 1396 3591 proruperit.
1487 3508 1873 3590 Exemplum
1916 3508 2029 3591 huj
2038 3529 2111 3571 us
2158 3508 2253 3572 rei
2294 3508 2447 3571 satis
2485 3507 2901 3572 luculentum

697 3608 983 3691 quotidie
1017 3608 1205 3673 nobis
1243 3610 1552 3692 ingerunt
1584 3616 1649 3672 et
1689 3610 1771 3672 ob
1813 3609 2030 3673 oculos
2068 3616 2324 3692 ponunt
2358 3610 2569 3673 variae
2597 3610 2759 3673 istae
2788 3632 2904 3673 ex-

695 3710 1193 3773 crescentiarum
1223 3710 1482 3793 species,
1515 3730 1672 3792 quas
1706 3709 1961 3773 arbores
1989 3709 2381 3793 fruticesque
2411 3711 2741 3788 emittunt,
2772 3712 2905 3791 (vel

697 3809 780 3873 ob
819 3810 992 3874 succi
1035 3810 1292 3874 nutritii
1319 3811 1791 3895 perversionem
1831 3818 1897 3875 et
1928 3812 2466 3894 depravationem,
2490 3811 2590 3875 vel
2620 3812 2775 3875 alias
2811 3814 2899 3877 ob

695 3913 965 3994 causas,)
999 3912 1070 3975 in
1097 3912 1306 3976 forma
1333 3909 1575 3976 scilicet
1612 3912 1839 3990 musci,
1878 3912 2053 3990 visci,
2090 3912 2461 3994 fungorum,
2488 3912 2901 3995 ‘aliorumque

693 4011 764 4076 id
808 4034 1049 4095 genus3
1102 4034 1266 4097 quae
1302 4014 1521 4077 omnia
1557 4013 1872 4077 essentiae
1902 4020 2055 4076 sunt
2086 4012 2215 4077 sive
2246 4014 2504 4096 speeies,
2538 4035 2573 4077 a
2604 4024 2899 4097 parente,

694 4134 810 4177 seu
839 4114 1084 4192 arbore,
1116 4136 1229 4178 seu
1255 4115 1506 4192 frutice,
1533 4115 1815 4178 diversae
1843 4115 2033 4197 plane
2062 4122 2257 4197 atque
2280 4115 2641 4179 distinctae.
2716 4117 2887 4199 [19.]

695 4216 784 4279 Et
827 4238 982 4281 sane
1027 4216 1138 4299 qui
1171 4217 1336 4280 serio
1375 4224 1568 4298 atque
1611 4216 1693 4280 ad
1740 4217 2046 4279 amussim
2090 4218 2505 4299 pensitaverit
2545 4214 2901 4302 φαινόμενα

693 4316 823 4394 illa,
855 4339 1022 4402 quae
1050 4318 1296 4381 febrem
1333 4316 1532 4399 (verbi
1555 4318 1806 4399 gratia,)
1844 4325 2227 4399 quartanam
2256 4320 2685 4397 comitantur,
2718 4320 2897 4402 quod

693 4418 988 4482 videlicet
1025 4419 1158 4483 fere
1198 4438 1449 4502 semper
1493 4418 1612 4481 sub
1655 4426 1970 4483 autumno
2007 4420 2391 4502 ingreditur,
2424 4420 2596 4503 quod
2638 4428 2893 4485 certum
