3138 5006
690 262 820 325 348
1318 255 1708 321 ΤΗΟΜΑΕ
1757 256 2056 321 SYDEN
2065 257 2274 321 HAM

382 430 466 479 Da
488 430 607 479 van
620 444 663 479 ι-
686 419 1185 504 terrumpendus
1214 422 1314 483 est
1344 438 1536 503 aegro
1564 417 1715 484 lecti
1745 440 1902 483 usus
1930 438 2046 502 per
2071 418 2395 503 reliquum
2421 418 2634 485 morbi
2663 416 2900 482 decur-

376 496 658 611 οζζζξξξ“
686 546 869 603 sum,
917 523 1029 607 qui
1078 521 1355 606 quidem,
1388 528 1463 585 ut
1508 527 1662 585 ante
1704 521 1884 585 hunc
1927 520 2099 583 diem
2147 519 2411 584 concedi
2455 540 2592 584 non
2633 517 2896 597 debeat,

680 626 777 691 ita
813 633 889 690 ut
930 626 1173 691 diutius
1218 625 1551 689 differatur
1579 625 1680 688 vix
1725 624 1973 707 patitur
2015 623 2190 707 aegri
2233 630 2461 702 status,
2491 623 2688 687 modo
2719 622 2897 686 Con-

373 732 452 809 pe
465 734 639 783 vario·
680 730 1033 795 fluentibus
1080 728 1357 793 Vax-ielis
1404 728 1674 792 laboret.
1789 728 1938 791 Hoc
1995 734 2215 791 autem
2259 733 2380 790 est‘
2419 747 2625 809 genus
2693 723 2897 807 (quod

367 797 633 912 ὲῗθξξῖᾆ,
680 834 895 900 notari
936 831 1171 914 velim,)
1222 831 1301 895 de
1348 852 1475 914 quo
1532 830 1849 895 hactenus
1896 829 2094 893 verba
2133 829 2439 894 fecimus:
2502 849 2670 912 quae
2713 826 2896 891 enim

368 933 563 1054 {affirm
572 928 654 977 ΜΟ
678 943 745 1001 et
787 956 993 1020 pauca
1021 941 1087 999 et
1132 933 1438 998 distincta
1466 939 1812 1016 emergunt
1857 933 2330 1011 exanthemata,
2360 953 2594 1016 parum
2639 929 2897 993 habent

530 1028 543 1041 ⁸
677 1038 1011 1117 momenti,
1042 1037 1173 1101 sive
1210 1036 1280 1099 in
1319 1036 1510 1114 hanc,
1542 1034 1674 1099 sive
1703 1035 1776 1098 in
1811 1035 2082 1099 alteram
2110 1042 2381 1119 partem,
2412 1033 2468 1096 si
2504 1034 2608 1097 vel
2641 1033 2894 1097 medio-

676 1143 872 1207 criter
918 1140 989 1204 in
1036 1147 1175 1205 arte
1227 1140 1435 1203 valeat
1496 1138 1549 1201 is
1599 1138 1710 1222 qui
1755 1138 2091 1216 medetur;
2153 1158 2524 1221 quanquam
2569 1136 2768 1200 etiam
2821 1138 2896 1199 in

675 1266 911 1329 genere
954 1244 1094 1322 hoc,
1141 1249 1292 1307 utut
1337 1248 1565 1325 suopte
1608 1241 1874 1324 ingenio
1917 1241 2098 1304 omni
2139 1240 2423 1324 periculo
2465 1246 2671 1318 vacet,
2711 1238 2898 1301 haud

673 1348 862 1431 pauci
899 1346 1095 1431 (quod
1134 1346 1302 1410 serio
1344 1344 1698 1409 dolendum
1729 1346 1870 1427 est,)
1907 1344 2232 1409 Libitinae
2262 1332 2602 1421 cesserint,
2638 1342 2898 1426 quoties

674 1451 917 1517 scilicet
960 1450 1132 1515 malo
1176 1470 1294 1513 suo
1336 1448 1472 1514 fato
1518 1447 1590 1511 in
1634 1469 1743 1511 eos
1785 1447 2154 1527 inciderint,
2187 1447 2318 1531 qui,
2348 1448 2419 1512 in
2453 1446 2898 1531 promovendo

670 1554 885 1619 calore
930 1574 1110 1636 spem
1158 1572 1418 1615 omnem
1462 1556 1799 1634 ponentes,
1849 1571 2000 1614 cum
2051 1550 2276 1615 morbo
2327 1549 2411 1613 ad
2449 1549 2898 1634 jugulandum

674 1678 961 1740 aegrum,
990 1656 1143 1719 licet
1171 1654 1377 1732 inscii,
1410 1652 1885 1737 conspirabant.
2039 1718 2042 1723 ,

770 1760 935 1845 [32]
989 1759 1301 1841 Tempore
1342 1756 1423 1821 ab
1461 1757 1586 1821 hoc
1623 1756 1922 1840 pustulae
1963 1777 2304 1839 augescere
2352 1762 2419 1820 et
2457 1754 2739 1839 corporis
2785 1778 2896 1820 su-

670 1864 997 1949 perficiem
1024 1862 1311 1946 undique
1349 1860 1816 1926 concalefacere
1854 1860 2195 1944 incipiunt,
2229 1867 2296 1925 at
2325 1867 2519 1944 caput
2548 1858 2894 1943 imprimis,

670 1976 849 2041 unde
893 1995 1102 2058 aeger,
1146 1973 1273 2037 nisi
1313 1972 1511 2037 fuerit
1553 1972 1786 2052 infans,
1831 1972 1914 2051 ad
1958 1993 2257 2037 somnum
2303 1972 2616 2036 difficilior
2660 1978 2782 2048 est,
2825 1977 2896 2034 et

672 2066 1123 2163 inquietudine
1174 2083 1462 2141 vexatur.
1553 2074 1751 2140 Quod
1799 2075 2092 2159 proximo
2149 2075 2292 2140 loco
2349 2076 2420 2138 in
2476 2076 2600 2139 hoc
2661 2074 2897 2137 morbo

370 2190 487 2267 ᾳυο
508 2190 645 2239 aeda-
674 2181 1018 2263 diligenter
1062 2178 1558 2262 expendendum
1603 2199 1739 2242 esse
1783 2178 2092 2243 arbitror:
2147 2186 2341 2263 prout
2385 2178 2563 2243 enim
2607 2177 2894 2241 sedatior

364 2262 651 2381 ξ’ξζξζίζᾜι
672 2283 869 2347 fuerit
927 2281 1208 2365 sanguis,
1261 2280 1356 2344 ita
1407 2280 1699 2345 debitum
1757 2287 2183 2363 augmentum
2241 2288 2308 2344 et
2363 2278 2894 2363 magnitudinem

362 2384 583 2447 spiritus,
594 2398 652 2461 5⁰
676 2384 1010 2467 acquirent
1060 2383 1399 2467 pustulae3
1456 2390 1652 2467 atque
1699 2404 1777 2446 ex
1824 2382 2108 2461 adverse,
2145 2404 2266 2466 pro
2308 2383 2560 2446 ratione
2604 2384 2896 2466 orgasmi

363 2449 649 2577 ζοῗῗζὲἑῒ.
677 2510 805 2573 quo
847 2488 1288 2552 tumultuatur
1330 2487 1543 2554 dictus
1589 2487 1871 2570 sanguis,
1901 2488 2202 2571 pustulae
2236 2494 2653 2567 marcescent,
2683 2487 2894 2552 inter-

366 2579 600 2692 {¹2⁸3sser
674 2599 862 2676 cepto
890 2591 1179 2656 ulteriori
1206 2613 1585 2676 progressu3
1617 2591 1793 2654 unde
1821 2611 1956 2655 non
1987 2591 2195 2655 solum
2223 2591 2551 2675 peccantis
2577 2592 2900 2656 materiae

364 2707 586 2755 Variolo-
674 2698 1028 2764 eliminatio
1058 2699 1547 2777 sufflaminatur,
1571 2697 1685 2760 sed
1714 2696 1980 2779 insuper
1999 2696 2399 2779 singularum
2419 2695 2898 2780 phlegmonum

360 2777 647 2886 {ffissffiff'
674 2803 1046 2869 oeconomia
1084 2810 1150 2867 et
1192 2803 1475 2887 genuina
1517 2801 1712 2866 erasis
1754 2799 2263 2880 interturbatur3
2301 2800 2580 2883 indeque
2606 2800 2712 2863 vel
2755 2821 2900 2864 non

359 2899 563 2952 ¹0⁸⁰¹²¹¹2
672 2907 940 2971 omnino
971 2905 1186 2987 debito
1216 2913 1507 2989 tempore
1540 2904 1624 2967 ad
1654 2903 2122 2987 separationem
2149 2904 2548 2987 pertingunt,
2576 2904 2678 2968 vel
2705 2903 2902 2968 ichor

672 3011 937 3076 demum
974 3012 1051 3075 fit
1090 3010 1268 3094 puris
1306 3009 1461 3087 vice,
1494 3015 1561 3072 ct
1601 3008 1743 3072 loco
1783 3007 1931 3071 flavi
1968 3006 2234 3090 liquoris
2273 3006 2490 3069 favum
2529 3006 2746 3070 colore
2787 3027 2898 3070 re-

667 3113 953 3192 ferentis,
984 3113 1310 3196 nigricans
1356 3112 1584 3196 aliquis
1623 3112 1878 3191 humor,
1909 3111 2011 3174 vel
2051 3131 2277 3174 succus
2323 3111 2483 3174 alius
2526 3117 2898 3174 non-natu-

666 3218 838 3295 ralis,
892 3222 960 3280 et
1020 3238 1059 3279 a
1119 3216 1415 3299 genuinis
1464 3215 1875 3280 Variolarum
1931 3214 2207 3298 pustulis
2259 3214 2527 3293 alicnus,
2575 3214 2894 3298 egeritur.

363 3331 585 3380 Medica·
668 3321 1080 3403 Quapropter
1129 3320 1604 3385 medicamenta
1647 3318 2014 3403 paregorica
2060 3338 2265 3401 aeque
2315 3317 2588 3381 indicari
2633 3319 2708 3380 in
2754 3318 2896 3382 Va-

358 3403 601 3525 afflari-
666 3420 841 3485 riolis
872 3421 1365 3487 confluentibus
1393 3423 1555 3486 mihi
1583 3423 1904 3501 videntur,
1930 3445 2004 3486 ac
2032 3422 2359 3486 indicatur
2389 3421 2654 3505 quodvis
2675 3443 2898 3486 reme-

362 3542 419 3575 ca
440 3534 555 3574 aunt
670 3522 851 3586 dium
880 3523 951 3586 in
982 3524 1201 3607 quovis
1240 3525 1504 3603 morb03
1551 3546 1701 3589 cum
1741 3526 1847 3589 hic
1879 3526 2059 3609 quasi
2103 3525 2396 3609 specifica
2435 3526 2584 3604 sint,
2615 3527 2898 3609 perinde

363 3591 605 3718 3233}
670 3647 745 3690 ac
789 3632 1007 3690 cortex
1048 3626 1441 3692 Peruvianus
1480 3627 1551 3691 in
1589 3628 1876 3693 febribus
1913 3629 2535 3693 intermittentibus:
2594 3631 2899 3713 quamvis

666 3726 845 3791 haud
871 3728 1165 3811 ignorem
1193 3731 1563 3814 paregorica
1592 3752 1727 3795 non
1754 3731 1994 3795 virtute
2025 3731 2240 3814 aliqua
2273 3732 2556 3816 praecise
2585 3732 2898 3816 specifica

668 3830 937 3913 operari,
970 3831 1080 3894 sed
1106 3830 1215 3894 isti
1252 3832 1462 3895 solum
1495 3831 1875 3897 indicationi
1909 3832 2378 3917 respondendO,
2412 3854 2540 3918 qua
2579 3835 2895 3917 sanguini

668 3940 737 3998 et
781 3933 1109 4018 spiritibus
1153 3935 1600 4018 consopiendis
1647 3941 1712 3999 et
1756 3935 1828 3998 in
1872 3936 2166 4000 ordinem
2207 3936 2576 4020 redigendis
2621 3957 2894 4020 operam

669 4037 919 4102 damus.
1008 4037 1229 4120 Atque
1256 4037 1361 4101 hic
1390 4038 1652 4121 quidem
1691 4038 2026 4122 sanguinis
2057 4045 2122 4104 et
2158 4039 2500 4123 spirituum
2535 4047 2754 4104 motus
2785 4040 2893 4104 in·

670 4139 1025 4204 ordinatior
1058 4139 1490 4222 (Variolarum
1520 4140 2005 4206 Confluentium
2033 4143 2106 4206 in
2137 4143 2374 4208 adultis
2403 4165 2616 4208 comes
2649 4143 2891 4208 indivi-

672 4242 885 4327 duus)
920 4243 1367 4328 anodynorum
1406 4266 1599 4308 usum
1637 4266 1792 4328 prae
1835 4247 2102 4312 caeteris
2141 4247 2449 4332 deposcit,
2493 4248 2778 4312 necdum
2829 4248 2895 4313 ei

672 4347 826 4410 satis
854 4347 1203 4412 innotescit
1230 4347 1501 4431 hujusce
1528 4348 1742 4413 morbi
1781 4350 2028 4433 genius,
2062 4351 2173 4436 qui
2210 4352 2336 4416 ista
2362 4351 2589 4435 vigiliis
2617 4359 2890 4416 tantum

674 4448 891 4514 deberi
920 4451 1243 4516 existimat
1250 4478 1271 4530 ;
1304 4451 1493 4516 sicuti
1522 4452 1696 4517 enim
1727 4454 1867 4518 fieri
1897 4455 2284 4539 quandoque
2313 4462 2545 4539 potest,
2567 4462 2644 4520 ut
2681 4455 2894 4520 etiam
