3138 5006
655 296 784 356 580
1270 286 1659 352 THOMAE
1710 284 2261 383 SYDENHAM,

449 472 532 520 Da
658 450 1105 538 symptomatis
1151 447 1573 526 cessantibus,
1613 446 2037 511 nihilominus
2072 445 2157 511 ad
2194 446 2599 511 curationem
2632 444 2895 509 confir-

350 538 632 650 1²32?ng
657 556 964 621 mandam
1007 576 1122 639 per
1165 553 1410 637 aliquot
1449 551 1662 617 adhuc
1700 556 1927 615 noctes
1964 548 2177 633 capiat
2214 548 2396 613 idem
2421 548 2899 632 peregoricum

353 672 633 681 *—
655 661 730 724 in
759 658 995 724 minori
1025 657 1164 722 dosi
1192 655 1488 722 cubitum
1515 655 1748 718 iturus.

1487 934 1683 998 CAP.
1730 932 2047 997 XXVII.-

1241 1073 1340 1135 De
1367 1072 1574 1135 Flu-m
1603 1072 1915 1134 Men-rium
1942 1070 2285 1134 immodico.

750 1221 1287 1283 Mnusrnuoauu
1320 1218 1562 1280 Fluxus
1591 1215 1976 1279 naturaliter
2018 1216 2408 1281 constitutus
2438 1216 2883 1300 capacitatem

659 1328 866 1387 testae
894 1323 998 1387 ovi
1027 1320 1310 1387 anserini
1345 1320 1589 1404 implet.
1682 1316 1875 1383 Patet
1916 1324 2137 1383 autem
2174 1318 2559 1383 immodicus
2588 1340 2669 1383 ex
2698 1319 2879 1382 diffi-

662 1426 769 1490 cili
817 1423 1178 1504 tolerantia,
1229 1424 1463 1488 virium
1511 1424 1719 1507 lapsu,
1771 1422 2234 1506 inappetentia,
2282 1423 2601 1503 cachexia,
2651 1422 2879 1488 colore

664 1528 1064 1607 cadaveroso‚
1097 1535 1163 1592 et
1191 1526 1432 1611 pedum
1459 1524 1983 1588 intumescentia.

360 1642 621 1691 cum-no.
751 1634 1062 1697 Mittatur
1091 1631 1352 1714 sanguis
1381 1652 1418 1695 e
1445 1628 1711 1692 brachio
1740 1627 1823 1691 ad
1851 1626 2076 1691 uncias
2118 1632 2299 1691 octo:
2346 1627 2645 1712 sequenti
2671 1649 2878 1691 mane

665 1742 958 1799 sumatur
1005 1735 1192 1799 Potio
1243 1733 1593 1817 Purgativa
1638 1731 2037 1809 Communia,
2090 1738 2546 1816 repetaturque
2594 1731 2871 1796 alternis

665 1835 891 1899 diebus
938 1835 1020 1899 ad
1068 1835 1228 1899 duas
1281 1834 1435 1898 alias
1484 1834 1691 1911 vices;
1764 1840 1831 1896 et
1876 1832 2175 1898 noctibus
2218 1842 2365 1917 post
2411 1834 2879 1918 purgationem

664 1938 1108 2023 paregoricum
1138 1959 1174 2002 e
1204 1958 1440 2021 syrupo
1470 1936 1550 2000 de
1579 1936 1873 2000 meconio
1902 1936 2304 2001 exhibeatur.

753 2044 998 2108 Diebus
1030 2064 1070 2105 a
1096 2041 1476 2126 purgatione
1503 2039 1719 2104 vacuis
1750 2048 1965 2105 sumat
1994 2040 2329 2124 sequentia
2348 2066 2453 2103 :—

663 2202 869 2269 [Form.
902 2203 1078 2267 198]t
1129 2199 1192 2277 B,
1231 2203 1528 2256 Conservae
1551 2202 1813 2256 Rosarum
1840 2200 2113 2257 Siccarum
2135 2204 2320 2256 uncias
2343 2201 2491 2266 duas,

1227 2290 1631 2344 Trochiscorum
1652 2288 1719 2342 de
1742 2289 1909 2343 Terra
1928 2288 2155 2342 Lemnia
2175 2288 2657 2357 sesquidrachmam
2670 2328 2687 2353 ‚

1228 2378 1453 2433 Corticis
1477 2378 1854 2443 Granatorum,

1228 2466 1446 2520 Corallii
1471 2464 1641 2520 Rubri
1664 2464 1979 2536 praeparati,

1230 2551 1353 2606 Boli
1379 2553 1653 2616 Armenae,
1676 2569 1783 2605 ana
1805 2551 2075 2622 scrupulos
2099 2551 2249 2617 duos,

1229 2637 1448 2709 Lapidis
1473 2638 1818 2702 Haematitis,

1229 2725 1518 2796 Sanguinis
1543 2725 1821 2790 Draconis,
1842 2742 1949 2779 ana
1970 2726 2277 2797 scrupulum
2302 2743 2492 2790 unum,

1229 2829 1352 2868 cum
1375 2812 1667 2866 sufficiente
1691 2813 1985 2882 quantitate
2011 2812 2202 2884 Syrupi
2227 2813 2588 2884 Cydoniorum
2609 2835 2625 2877 ;

947 2901 1070 2954 Fiat
1091 2901 1452 2964 electuarium,
1474 2898 1551 2960 de,
1565 2916 1671 2968 quo
1695 2907 1873 2952 sumat
1894 2898 1965 2954 ad
1998 2899 2426 2970 magnitudinem
2449 2901 2601 2954 nucis
2622 2903 2875 2955 moscha-

947 2997 1034 3042 tae
1068 2987 1280 3056 majoris
1313 3003 1471 3040 mane
1495 2993 1550 3039 et
1572 2984 1701 3038 hora
1735 2986 1921 3055 quinta
1955 2985 2337 3056 pomeridiana,
2361 2987 2761 3058 super-bibendo
2800 3007 2885 3042 se-

949 3073 1160 3144 quentis
1174 3072 1370 3143 julapii
1393 3071 1689 3126 cochlearia
1712 3089 1803 3126 sex
1824 3093 1913 3126 :—

673 3221 874 3286 [Fm-m.
907 3222 1089 3286 199.]·²
1137 3215 1202 3295 R
1241 3219 1427 3288 Aquae
1454 3218 1773 3272 Germinum
1798 3217 2053 3282 Quercus,

1236 3300 1472 3375 [Aquae]
1505 3305 1855 3376 plantaginis,
1878 3323 1983 3360 ana
2006 3307 2192 3361 uncias
2217 3315 2340 3373 treS,

1233 3389 1418 3463 Aquae
1443 3393 1788 3446 cinnamomi
1812 3391 2140 3458 Hordeatae,

1238 3479 1431 3550 Syrupi
1455 3478 1522 3532 de
1547 3479 1703 3533 Rosis
1726 3479 1909 3544 Siccis,
1932 3495 2037 3532 ana
2062 3481 2275 3534 unciam
2300 3497 2482 3546 unam,

1240 3567 1466 3638 Spiritus
1501 3567 1713 3622 Vitrioli
1756 3569 2109 3638 quantitatem
2154 3569 2499 3624 sufficientem
2550 3572 2623 3625 ad
2665 3581 2883 3642 gratam

1309 3655 1615 3708 auiditatem
1639 3676 1651 3718 ;

961 3740 1204 3804 [Misce]

671 3887 876 3951 [Form.
900 3891 1090 3955 200.]x
1137 3882 1202 3952 R
1241 3885 1507 3939 Foliorum
1532 3885 1885 3958 plantaginis,

1236 3970 1560 4036 [Foliorum]
1592 3973 1828 4038 Urticae,
1852 3991 1957 4027 ana
1980 3977 2332 4045 quantitatem
2356 3977 2739 4042 sufficientem3

955 4059 1371 4114 Contundantur
1394 4061 1569 4125 simul,
1595 4070 1651 4115 et
1672 4079 1857 4115 succus
1882 4063 2225 4133 exprimatur,
2250 4073 2305 4117 et
2328 4075 2511 4135 postea
2538 4065 2891 4128 clar-ilicetum
2927 4093 2935 4101 -

951 4146 1016 4200 de
1039 4163 1146 4219 quo
1170 4147 1348 4216 capiat
1371 4146 1667 4200 cochlearia
1689 4157 1915 4218 quatuor
1938 4149 2021 4202 vel
2054 4151 2289 4220 quinque
2318 4153 2651 4222 saepiuscule
2674 4151 2745 4205 ad
2768 4153 2893 4205 libi-

955 4247 1089 4290 tum.

735 4419 754 4444 ὃ
789 4411 864 4458 Cf.
891 4411 1086 4457 Dis-sert.
1113 4409 1263 4469 Epist.
1291 4411 1313 4469 5
1345 4410 1434 4455 135
1461 4424 1528 4470 sq.
1884 4421 1907 4444 ¹¹
1944 4409 2022 4456 Cf.
2044 4407 2235 4458 formm.
2261 4411 2343 4468 88,
2372 4411 2478 4458 116.

736 4477 752 4508 t
789 4475 865 4522 Cf.
888 4475 1025 4521 form.
1053 4473 1130 4522 87.
1882 4479 1911 4507 ¹
1946 4473 2021 4522 ef.
2046 4473 2185 4522 form.
2210 4477 2287 4524 89.
