3138 5006
355 447 441 494 De
465 421 637 494 Viat-

357 513 478 562 ous
499 513 638 560 Cort-

359 613 371 620 -
395 593 616 628 nutur-

659 249 802 335 55c}
1165 249 1176 262 '
1287 270 1679 336 rHoMAE
1729 267 2251 336 sYDENHAM

665 453 926 496 omnem
973 431 1458 496 sudorificorum
1507 432 1639 497 vim
1687 433 2059 498 eluderent:
2106 433 2321 496 oleum
2366 430 2615 495 interea
2672 428 2883 494 febris

666 535 805 617 igni
849 533 1166 598 affuderat
1175 541 1217 613 ⁸,
1265 555 1392 618 quo
1429 534 1542 598 illa
1582 533 1867 598 multum
1910 532 2285 598 increverat.
2376 533 2521 616 Ego
2552 531 2695 616 jam
2745 532 2883 594 Va·

665 637 858 701 riolas
899 634 1078 700 brevi
1121 636 1472 701 exorituras
1510 635 1899 720 suspicabar,
1930 657 2163 720 easque
2204 635 2549 719 insigniter
2585 634 2884 698 confinx-

667 759 836 817 uras,
883 743 1028 802 tum
1073 739 1158 803 ob
1206 738 1435 802 aetatis
1481 738 1788 821 vigorem,
1828 745 1975 802 tum
2016 739 2215 802 etiam
2267 736 2441 821 quod
2484 737 2885 820 sangninem

667 840 949 904 multum
978 839 1432 904 excalefecerat
1460 839 1645 904 irrito
1689 840 1938 905 sudoris
1968 839 2393 922 extorquendi
2422 847 2680 917 conatu,
2726 841 2887 922 (qno

667 941 953 1027 quidem,
973 941 1028 1004 si
1055 941 1250 1006 modo
1278 948 1522 1006 aestate
1552 949 2011 1026 aegrotaverat,
2043 949 2110 1006 et
2138 942 2411 1005 mictum
2441 941 2887 1024 sanguineum

669 1051 736 1107 et
777 1043 1061 1106 maculas
1096 1063 1448 1127 purpureas
1489 1052 1665 1107 certo
1710 1043 2171 1125 advocaverat,)
2204 1049 2351 1106 tum
2379 1063 2527 1106 vero
2566 1042 2887 1120 maxime,

669 1144 846 1231 quod
895 1165 1147 1229 semper
1191 1144 1657 1212 observaverim
1694 1146 1765 1210 in
1803 1144 2151 1230 juvenibus
2192 1145 2463 1208 immani
2500 1143 2887 1223 vomitione,

669 1247 1092 1331 aegritudine,
1129 1255 1194 1312 et
1235 1247 1453 1312 dolore
1486 1255 1745 1331 praeter
1782 1248 2043 1312 solitum
2073 1247 2336 1326 vexatis,
2366 1245 2655 1310 Van-iolas
2702 1247 2888 1310 inse-

669 1358 942 1434 quentes
983 1350 1158 1414 ultra
1198 1351 1466 1414 modum
1505 1351 1907 1416 confluxisse.
1998 1351 2232 1416 Meum
2258 1351 2485 1435 itaque
2522 1369 2653 1413 esse
2686 1357 2889 1413 ratus

669 1459 746 1516 ut
767 1453 1024 1517 nullum
1037 1473 1185 1517 non
1211 1452 1492 1536 lapidem
1521 1461 1881 1518 moverem·
1904 1473 2031 1538 quo
2053 1473 2543 1536 praeproperam
2562 1453 2889 1516 materiae

667 1555 1040 1618 Variolosae
1069 1555 1591 1619 assimilationem
1622 1554 2043 1632 obstruerem,
2076 1575 2115 1618 a
2140 1555 2311 1619 lecto
2337 1554 2525 1618 illum
2553 1553 2887 1632 arcebam,

667 1658 794 1722 nisi
839 1657 1024 1722 statis
1067 1657 1246 1740 prius
1283 1657 1460 1721 horis
1505 1658 1737 1722 somni.
1827 1658 1953 1722 Die
1982 1658 2278 1740 sequenti
2314 1657 2567 1741 (tertius
2594 1657 2646 1719 is
2674 1657 2882 1736 erat,)

669 1759 948 1823 Variolis
1003 1759 1297 1822 nondum
1356 1759 1899 1842 comparentibus,
1960 1759 2290 1842 sanguinis
2346 1759 2571 1822 uncias
2627 1767 2785 1822 octo
2847 1780 2889 1822 e

671 1862 896 1926 dextro
944 1859 1210 1925 brachio
1256 1882 1450 1926 mane
1495 1861 1747 1926 extrahi
1800 1860 2142 1925 curabam:
2210 1861 2495 1945 optimus
2552 1867 2685 1924 erat
2742 1861 2885 1940 ille,

667 1962 1077 2046 floridusque,
1129 1983 1280 2026 cum
1339 1963 1552 2028 adhuc
1602 1963 2021 2046 spirituosum
2070 1969 2331 2026 tantum
2380 1963 2635 2042 μίασμα
2682 1982 2887 2026 exce·

668 2072 870 2149 perat,
904 2065 1196 2128 nondum
1223 2085 1373 2129 vero
1401 2065 1815 2149 putredinem
1856 2065 2037 2128 illam
2068 2086 2263 2148 quam
2294 2064 2590 2128 conciliat
2617 2065 2887 2146 longior

668 2165 880 2230 morbi
921 2187 1120 2246 mora,
1153 2175 1220 2230 et
1257 2167 1329 2230 in
1370 2187 1595 2230 eorum
1640 2167 1956 2250 sanguine
1983 2173 2061 2230 ut
2090 2165 2441 2251 plurimum
2480 2166 2887 2249 conspicitur

669 2269 784 2353 qui
830 2288 1040 2350 nuper
1089 2268 1170 2331 ab
1217 2267 1339 2332 hoc
1386 2266 1613 2332 morbo
1664 2269 2124 2332 convaluerint.
2222 2266 2406 2332 Hora
2454 2267 2674 2350 quinta
2722 2275 2883 2350 post

667 2369 1005 2434 meridiem
1051 2369 1178 2434 diei
1217 2370 1526 2453 ejusdem,
1557 2369 1900 2434 infusionis
1946 2371 2115 2434 croci
2158 2371 2567 2434 metallorum
2610 2370 2882 2433 unciam

667 2493 868 2537 unam
900 2472 1178 2551 exhibui,
1211 2493 1288 2537 ex
1319 2495 1446 2557 qua
1473 2473 1630 2537 satis
1660 2472 1995 2537 commode
2022 2471 2338 2551 vomebat,
2372 2478 2437 2537 et
2468 2471 2881 2557 aegritudine

669 2576 916 2639 levatus
944 2575 1137 2657 longe
1166 2576 1394 2640 melius
1422 2575 1660 2639 habere
1682 2575 1853 2638 visus
1874 2584 1992 2654 est,
2010 2576 2148 2659 jam
2176 2575 2353 2639 haud
2374 2575 2613 2639 invitus
2636 2596 2675 2638 a
2698 2574 2882 2639 lecto

670 2676 1020 2755 abstinens,
1052 2698 1090 2741 a
1135 2699 1262 2760 quo
1303 2676 1480 2761 prius
1526 2677 1879 2759 aegerrime
1910 2698 1979 2741 se
2008 2677 2223 2741 divelli
2248 2676 2633 2760 patiebatur,
2664 2678 2881 2759 aegri-

667 2778 898 2841 tudine
945 2785 1010 2842 et
1061 2778 1374 2861 vertigine
1420 2785 1762 2842 mactatus.
1850 2778 1977 2841 Die
2030 2785 2261 2861 quarto
2306 2796 2498 2841 mane
2542 2777 2878 2857 accedens,

661 2881 1145 2959 exanthemata,
1177 2878 1410 2964 quibus
1443 2879 1897 2963 praecavendis
1938 2886 2129 2944 tanta
2170 2880 2420 2944 fueram
2464 2880 2747 2957 molitus,
2796 2900 2879 2944 eo

664 3004 941 3049 numero
979 2982 1364 3066 prodeuntia
1397 2981 1718 3065 conspexi,
1748 2989 1847 3059 ut,
1878 2980 1962 3044 ab
1999 2980 2337 3063 insigniori
2377 3001 2571 3063 quem
2613 2980 2877 3043 minita-

668 3084 910 3149 bantur
939 3085 1262 3163 confluxu,
1294 3084 1470 3165 aegri
1495 3083 1665 3147 vitae
1694 3082 2121 3147 metuendum
2151 3090 2269 3146 est.
2360 3082 2723 3165 Diligenter
2747 3080 2876 3146 ita·

669 3206 798 3267 que
835 3185 1138 3249 cavebam
1181 3206 1266 3249 ne
1310 3186 1478 3249 lecto
1523 3184 1809 3248 interdiu
1852 3184 2405 3262 committeretur3
2458 3182 2875 3247 consulebam

670 3284 865 3348 etiam
909 3293 986 3349 ut
1030 3285 1396 3349 cerevisiam
1437 3295 1707 3350 tenuem
1750 3286 1981 3369 spiritu
2022 3286 2260 3349 vitrioli
2305 3286 2619 3351 inst-illato
2654 3285 2875 3349 acidu-

669 3374 867 3449 latam
897 3392 1170 3470 potaret.
1259 3388 1344 3450 In
1387 3386 1486 3450 his
1532 3388 1615 3452 ad
1660 3396 1913 3451 sextum
1940 3408 2147 3471 usque
2175 3387 2352 3451 diem
2379 3386 2871 3471 perseverabat3

671 3486 902 3569 quibus
931 3487 1156 3551 diebus
1183 3487 1336 3552 licet
1378 3508 1514 3551 non
1557 3496 1939 3571 aegrotaret,
1972 3489 2086 3553 sed
2130 3510 2291 3553 aura
2316 3489 2583 3554 liberius
2608 3508 2875 3553 vescens

669 3590 950 3653 multum
995 3592 1381 3669 reficeretur,
1431 3599 1657 3654 tamen
1704 3590 1843 3655 alvo
1888 3591 2161 3656 subinde
2204 3592 2443 3657 laxiore
2486 3592 2630 3656 fuit.
2720 3592 2763 3654 J
2762 3612 2876 3655 am

669 3691 790 3755 sub
817 3691 1082 3756 meridie
1112 3711 1247 3756 non
1276 3692 1530 3757 valebat
1558 3692 1831 3757 ulterius
1866 3694 2061 3777 (quod
2102 3694 2207 3758 hic
2251 3696 2393 3759 fieri
2420 3694 2698 3776 assolet,)
2734 3714 2807 3758 se
2836 3716 2877 3758 a

668 3794 837 3857 lecto
881 3794 1240 3873 abstinere3
1287 3794 1592 3859 decubuit
1632 3796 1852 3879 itaque
1886 3818 2093 3879 usque
2137 3796 2221 3861 ad
2262 3799 2463 3861 finem
2506 3797 2737 3875 morbi,
2766 3816 2877 3861 me

670 3918 802 3961 non
845 3896 1224 3975 reluctante,
1257 3919 1407 3963 cum
1449 3918 1631 3962 nunc
1673 3899 2035 3982 erupissent
2078 3900 2379 3981 pustulae
2409 3919 2655 3977 omnes,
2684 3920 2873 3982 quae,

668 4020 803 4064 non
853 3998 1152 4064 obstante
1199 4022 1347 4065 meo
1397 4000 1578 4066 omni
1622 4000 1981 4079 conamine,
2029 4000 2175 4083 plus
2220 4001 2375 4065 satis
2418 4000 2873 4066 confluebant:

671 4102 958 4183 quamvis
997 4102 1171 4166 enim
1213 4102 1514 4185 pauciora
1557 4108 1745 4164 erant
1789 4102 2247 4166 exanthemata
2281 4102 2359 4165 iis
2398 4124 2563 4186 quae
2598 4101 2671 4165 in
2707 4124 2875 4167 non·-

669 4204 864 4267 nullis
907 4204 1230 4269 observavi
1272 4203 1353 4267 ab
1397 4204 1522 4266 hoc
1561 4202 1785 4267 morbo
1837 4205 2154 4283 extinctis,
2199 4204 2383 4289 plura
2425 4210 2612 4269 erant
2649 4212 2875 4269 tamen

735 4368 750 4389 ²
776 4367 918 4410 oleum
934 4367 1034 4427 ἔφη·
1052 4363 1314 4427 affud.]Cs.
1327 4380 1432 4428 sup.
1447 4380 1494 4427 p.
1510 4365 1620 4413 280.
1632 4380 1679 4411 n.
1692 4368 1721 4412 i.
1814 4368 1933 4413 nihil
1952 4371 2223 4414 intentatum
2256 4370 2569 4429 relinquerem.
2614 4368 2689 4415 Cf.
2718 4367 2869 4415 Eras-

735 4430 754 4452 “
787 4430 958 4474 nullum
995 4444 1078 4475 non
1113 4432 1310 4488 lapidem
1345 4428 1588 4492 moverem]
1627 4428 1655 4477 i.
1682 4444 1722 4477 e.
1812 4431 1881 4477 mi
1906 4432 2065 4492 Δάας.
2090 4431 2119 4479 i.
2150 4433 2191 4477 4.
2220 4432 2297 4477 30.
