3138 5006
375 449 652 498 Mortuum

380 513 529 562 Auru
550 517 644 566 ’74.

375 648 635 700 Cum-no.

682 277 814 340 218
1322 275 1712 340 THOMAE
1762 276 2277 348 SYDENHAM

680 438 1135 504 Morbillorum
1178 439 1446 502 historia
1486 438 1626 521 jam
1667 438 1810 501 fuse
1858 437 2116 516 tradidi,
2161 437 2392 502 exinde
2435 440 2714 522 petenda
2757 449 2879 504 est.

681 544 962 609 Unicam
1004 548 1265 607 tantum
1322 541 1429 604 hic
1492 541 1633 623 (pro
1675 561 1820 603 meo
1877 541 2097 623 more,)
2153 541 2532 605 instantiam
2591 543 2878 607 adferam

678 646 969 712 methodi
999 667 1127 728 qua
1154 644 1295 707 illas
1324 640 1763 725 aggrediebat.

778 750 899 834 [3.]
940 747 1309 824 FebruariO,
1345 747 1535 823 1674,
1568 744 1832 808 domina
1858 745 2205 808 virtutibus
2235 748 2657 826 ornatissima,
2685 755 2881 833 atque

677 853 749 915 in
794 851 1159 934 exemplum
1201 854 1377 925 nata,
1422 845 1766 910 Comitissa
1811 845 2322 925 Sal-isburiensiS,
2363 869 2468 911 me
2513 850 2838 913 accersivit
2861 876 2880 912 z

677 953 1029 1016 infantium
1050 973 1222 1014 unus
1244 955 1507 1013 tantum
1528 955 1674 1011 tum
1703 948 2011 1031 temporis
2034 948 2424 1030 aegrotabat,
2449 971 2598 1014 mox
2627 951 2879 1035 reliqui,

686 1055 993 1141 (quinque
1033 1061 1253 1117 autem
1280 1053 1381 1115 vel
1424 1073 1533 1116 sex
1571 1049 1802 1130 erant,)
1848 1071 2006 1133 quos
2047 1072 2270 1115 omnes
2309 1053 2534 1115 eadem
2573 1054 2884 1118 methodo

678 1157 969 1221 tractavi.
1060 1155 1333 1219 Lectulo
1378 1175 1485 1217 eos
1538 1152 1756 1217 addixi
1807 1153 1891 1216 ad
1949 1153 2084 1216 dies
2135 1151 2325 1217 binos
2383 1161 2678 1219 ternosve
2727 1163 2883 1221 ante

680 1259 1107 1343 eruptionem,
1137 1265 1215 1322 ut
1244 1257 1527 1340 sanguis,
1558 1277 1676 1339 pro
1717 1276 1833 1319 suo
1863 1255 2073 1338 geniO,
2105 1257 2449 1338 particulas
2483 1258 2668 1322 facile
2699 1280 2879 1343 sepa-

679 1362 913 1429 rabiles
964 1361 1265 1426 morbum
1314 1359 1814 1437 committentes,
1859 1379 1975 1441 per
2025 1359 2190 1421 cutis
2240 1380 2426 1441 poros
2479 1361 2880 1440 eliminaret3

678 1485 891 1547 neque
920 1470 1140 1527 autem
1167 1463 1267 1526 vel
1306 1461 1630 1544 stragulis,
1659 1461 1761 1524 vel
1796 1459 1956 1542 igni,
1990 1459 2223 1543 quibus
2267 1461 2408 1524 sani
2447 1469 2879 1541 assueverant,

681 1566 1063 1650 quidquam*
1092 1565 1282 1650 adjici
1308 1563 1639 1647 patiebar3
1687 1562 1768 1625 ab
1811 1583 1927 1626 esu
1965 1563 2258 1626 carnium
2287 1563 2602 1642 arcebam,
2626 1565 2884 1648 juscula

680 1690 1013 1748 avenacea,
1045 1669 1414 1746 hordeacea,
1447 1688 1521 1731 ac
1564 1663 1839 1730 subinde
1881 1687 2150 1748 pomum
2191 1673 2468 1745 coctum,
2501 1668 2877 1746 concedens,

682 1773 1048 1837 cerevisiam
1091 1780 1358 1836 tenuem
1390 1771 1676 1853 insuper,
1707 1770 1808 1833 vel
1836 1769 1936 1832 lae
1967 1790 2117 1832 cum
2148 1790 2350 1852 aquae
2379 1770 2573 1854 triplo
2603 1777 2878 1850 coctum,

678 1897 796 1958 pro
838 1881 999 1958 potu
1020 1900 1040 1952 3
1084 1880 1487 1955 urgenteque
1521 1892 1640 1955 pro
1681 1891 1862 1934 more
1903 1870 2087 1949 tussi,
2128 1872 2450 1953 ptisanam
2493 1874 2882 1956 pectoralem

598 2027 609 2034 .
680 1999 868 2061 saepe
896 1975 1347 2040 assumendam
1375 1974 1774 2058 praescripsi.
1869 1974 1994 2036 His
2021 1975 2315 2056 peractis,
2353 1977 2622 2040 omnino
2651 1997 2879 2040 conva-

372 2918 541 2966 Febris

368 2982 579 3031 Morbil-

368 3046 475 3095 losa
496 3062 583 3095 nec

366 3125 650 3159 venae-sec-

368 3173 553 3223 tionem
574 3182 651 3222 tu-

366 3236 439 3295 lit,
464 3254 554 3285 nec

370 3309 617 3349 enemata:

368 3365 597 3413 methodo

372 3428 621 3477 Morbillis

370 3491 555 3540 dicatae

367 3558 618 3605 concessit.

677 2080 854 2143 luere
905 2078 1082 2142 brevi
1138 2079 1250 2142 illo
1306 2079 1512 2160 spatio
1560 2076 1734 2160 quod
1780 2076 1885 2139 hic
1935 2076 2198 2140 morbus
2258 2079 2420 2142 solet
2469 2100 2879 2162 percurrere3

677 2202 888 2265 neque
916 2182 1015 2244 vel
1058 2201 1173 2263 per
1216 2181 1354 2263 ejus
1399 2179 1761 2257 decursum,
1791 2179 1893 2242 vel
1935 2179 2162 2243 eodem
2203 2179 2562 2259 fatiscente,
2595 2187 2878 2266 sympto-

678 2291 851 2347 mate
881 2283 1120 2365 quovis,
1150 2280 1376 2345 morbo
1404 2280 1557 2343 huic
1587 2301 1721 2344 non
1749 2280 2068 2359 familiari,
2099 2280 2541 2345 tentabantur.

776 2385 897 2468 [4.]
953 2383 1227 2449 Duobus
1275 2383 1497 2466 primis
1555 2381 1888 2446 mensibus
1940 2383 2171 2465 quibus
2219 2383 2380 2447 haec
2423 2384 2880 2450 Morbillorum

678 2488 918 2572 species
949 2510 1016 2552 se
1044 2484 1375 2571 prodebat,
1405 2483 1876 2549 intercurrebat
1907 2493 1973 2549 et
2007 2484 2229 2550 Febris
2261 2486 2575 2570 quaedam
2605 2488 2880 2553 Morbil-

676 2592 814 2655 losa
840 2591 946 2654 hic
982 2589 1115 2653 illic
1160 2610 1395 2672 sparsa,
1426 2588 1497 2650 in
1528 2609 1657 2671 qua
1695 2586 2018 2669 ἐκθύματα
2059 2590 2374 2653 nonnulla
2415 2612 2529 2674 per
2569 2597 2880 2657 truncum

678 2693 977 2777 corporis,
1014 2692 1160 2756 colli
1186 2692 1563 2774 praesertim
1604 2691 1956 2774 posteriora
1990 2697 2182 2774 atque
2227 2691 2551 2772 humerOS,
2584 2715 2877 2778 erumpe-

675 2794 857 2875 bant,
904 2796 1302 2879 ecthymata⁸
1347 2791 1803 2856 Morbillorum
1853 2792 2216 2870 imitantia,
2270 2815 2311 2856 a
2369 2794 2602 2877 quibus
2651 2798 2721 2859 in
2763 2798 2878 2861 illo

679 2899 908 2963 saltem
938 2895 1574 2974 disterminabantur,
1607 2894 1779 2977 quod
1807 2915 1942 2957 non
1976 2895 2350 2959 universum
2379 2892 2608 2981 corpus
2637 2899 2878 2982 pariter

679 3007 1083 3085 occuparent,
1138 3021 1295 3082 quas
1346 2998 1624 3061 diximus
1675 2996 1966 3081 partibus
2019 3004 2363 3063 contenta:
2423 3000 2618 3064 febris
2679 3002 2878 3065 etiam

684 3104 857 3185 (licet
914 3103 1205 3185 ejusdem
1254 3100 1445 3184 plane
1504 3100 1801 3183 generis)
1857 3100 2204 3164 immanior
2260 3108 2419 3180 erat,
2472 3109 2538 3166 et
2599 3104 2682 3167 ad
2739 3105 2877 3168 dies

678 3207 1181 3290 quatuordeeim,
1250 3225 1722 3287 nonnunquam
1793 3205 1988 3269 etiam
2051 3206 2285 3289 plures,
2357 3208 2874 3290 protrahebatur.

677 3310 819 3372 Nec
847 3308 1428 3372 venae-sectionem
1456 3308 1613 3371 tulit
1632 3308 1792 3371 haec
1822 3306 2044 3371 Febris
2073 3330 2195 3372 nec
2225 3317 2539 3388 enemata,
2573 3310 2652 3373 ab
2683 3312 2875 3375 utris-

679 3431 803 3493 que
830 3411 1116 3488 irritata;
1162 3416 1230 3473 at
1274 3410 1580 3473 methodo
1611 3431 1774 3493 quae
1819 3409 2141 3473 Morbillis
2185 3411 2477 3495 superius
2523 3412 2734 3477 dicata
2776 3420 2876 3477 est

676 3512 907 3576 lubens
936 3513 1270 3577 concessit.
1359 3513 1580 3595 Atque
1607 3514 1768 3577 haec
1798 3513 1878 3576 de
1907 3513 2229 3577 Morbillis
2257 3514 2524 3579 fuerunt
2554 3516 2844 3581 dicenda.

1586 3716 1778 3779 CAP.
1827 3716 1974 3777 IV.t

1052 3878 1341 3940 Variolae
1368 3877 1712 3940 Anomalae
1741 3885 2077 3939 tumorumu
2110 3878 2299 3955 1674,
2335 3878 2524 3943 1675.

764 4016 1328 4082 QUEMADMODUM
1357 4011 1640 4076 morbilli
1670 4011 2006 4095 epidemici
2033 4012 2226 4077 initio
2256 3988 2414 4076 anni
2449 4013 2618 4078 1670
2659 4012 2876 4077 incur·

676 4126 912 4197 santes,
930 4117 1223 4182 Variolas
1244 4116 1463 4199 nigras
1483 4114 1727 4178 ibidem
1747 4114 1854 4199 [iv.
1877 4136 1931 4179 c.
1954 4115 2045 4200 6.]
2068 4115 2419 4181 delineatas
2435 4116 2876 4193 introduxere,

674 4222 768 4284 ita
810 4221 1007 4285 etiam
1044 4220 1133 4299 hi,
1167 4219 1277 4302 qui
1320 4218 1497 4282 haud
1534 4218 1752 4281 minus
1795 4217 2146 4300 epidemice
2187 4218 2647 4301 grassabantur
2683 4218 2876 4283 initio

738 4405 757 4428 ¹·
788 4398 1060 4480 quidquam]
1085 4400 1311 4461 quidquid
1338 4397 1409 4445 ed.
1437 4398 1483 4446 ’7
1486 4398 1533 4445 6.
1818 4398 1834 4427 ⁸
1867 4398 2021 4446 Deest
2041 4398 2134 4445 hoc
2157 4413 2261 4461 cap.
2283 4398 2334 4445 in
2358 4399 2463 4446 edd.
2485 4399 2584 4457 ³66,
2609 4399 2706 4447 '68.

741 4468 759 4491 ¹
791 4460 1009 4524 tubyza]
1060 4459 1275 4520 κθύματα
1295 4460 1367 4508 ed.
1392 4460 1487 4511 ’76.
1819 4467 1843 4491 “
1874 4478 2032 4511 annor.
2045 4461 2150 4526 ξω]
2169 4464 2308 4525 hujus
2325 4462 2756 4511 Constitutionieed.
2773 4462 2874 4514 '⁷6.
