3138 5006
741 286 828 348 38
1365 281 1756 346 THOMAE
1806 281 2319 346 SYDENHAM

429 459 704 508 -consrnn
743 447 1010 510 classem
1045 446 1338 523 attinere,
1373 445 1542 528 quod
1572 466 1717 508 raro
1755 443 2103 508 admodum
2144 449 2449 526 surgente
2489 465 2661 506 anno
2690 465 2943 527 compa-

439 527 719 637 AEggssz‘g,
745 556 934 613 reret.
1024 550 1218 614 Dicta
1255 549 1472 631 itaque
1511 547 1735 610 Febris
1768 545 2103 610 Continua
2132 546 2723 610 Intermittentium
2762 548 2943 629 quasi

449 655 716 723 „’.Q:’.{⁵,4·-
733 653 1196 735 compendium
1231 651 1573 734 quoddam,
1606 658 1671 713 et
1711 671 1747 714 e
1786 657 2013 713 contra
2050 649 2290 732 singuli
2330 671 2551 712 earum
2578 651 2941 733 paroxysmi

438 746 685 858 {giiifflua
743 755 1194 838 compendium
1221 755 1486 838 hujusce
1526 754 1687 817 mihi
1715 753 2134 830 videbantur3
2182 759 2373 835 atque
2413 752 2570 815 adeo
2600 753 2943 816 discrimen

437 875 556 921 haee
571 875 719 922 Inter·
743 857 816 920 in
859 857 980 921 hoc
1028 857 1303 920 maxime
1345 857 1601 934 versari,
1656 855 1828 938 quod
1883 853 2257 918 Continuae
2316 861 2691 937 conceptam
2744 857 2943 919 semel

437 939 644 1064 22:321,
651 1002 721 1050 asi
744 960 1286 1023 effervescentiam
1315 961 1598 1045 συνεχῶς
1626 958 1977 1040 eodemque
2017 977 2265 1039 semper
2294 964 2515 1019 tenore
2542 957 2942 1039 perficerent,

437 1081 667 1141 cqmpen-
745 1062 1260 1126 Intermittentes
1291 1067 1510 1123 autem
1547 1059 1801 1143 partitis
1838 1058 2081 1123 vicibus
2132 1080 2205 1122 ac
2249 1059 2510 1122 diversis
2540 1060 2944 1142 temporibus

441 1131 596 1179 dmm.
743 1165 969 1229 eadem
1028 1164 1552 1246 defungerentur.
1650 1163 1771 1246 [4.]
1830 1163 2095 1227 Quanto
2154 1161 2411 1226 autem*
2458 1162 2597 1245 jam
2653 1169 2945 1246 tempore

741 1268 1068 1352 praedicta
1097 1267 1316 1330 Febris
1346 1266 2057 1349 Continuaninvaluerat
2088 1265 2359 1329 dicendo
2380 1287 2515 1329 non
2544 1287 2708 1344 sum,
2740 1289 2945 1349 quum

741 1371 904 1434 mihi
931 1371 1243 1432 hactenus
1280 1369 1432 1432 satis
1461 1369 1673 1431 fuerat
1703 1367 1785 1430 ad
1815 1368 2139 1450 generalia
2168 1367 2471 1431 Febrium
2508 1376 2947 1452 symptomata

743 1467 1094 1549 attendere,
1113 1477 1338 1554 utpote
1363 1469 1471 1554 qui
1499 1470 1795 1534 nondum
1814 1471 1914 1533 vel
1936 1472 2127 1553 juxta
2142 1471 2345 1533 varias
2375 1492 2694 1534 annorum
2712 1492 2944 1550 croeeS,

741 1581 856 1638 aut
899 1574 1186 1658 ejusdem
1222 1574 1377 1636 anni
1405 1573 1581 1636 varia
1605 1580 1918 1655 tempora,
1954 1571 2207 1634 easdem
2245 1571 2555 1654 distingui
2584 1594 2769 1654 posse
2806 1575 2945 1636 ani·-

441 1685 605 1735 Unica
637 1751 648 1762 ·
741 1677 1226 1740 madverteram.
1317 1676 1462 1740 Hoc
1519 1675 1749 1738 saltem
1808 1675 1958 1752 scin,
2016 1675 2277 1737 unicam
2334 1673 2531 1737 fuisse
2577 1675 2947 1738 continuae

437 1751 674 1862 11:⁴32?st
743 1777 964 1842 Febris
1009 1779 1282 1860 speciem
1339 1798 1542 1860 usque
1602 1777 1685 1839 ad
1729 1797 1976 1839 annum
2038 1777 2203 1838 1665
2225 1801 2245 1854 ς
2302 1797 2376 1839 ac
2421 1777 2944 1840 Intermittentes

439 1879 710 1926 Continuae
741 1882 1166 1957 autumnales,
1198 1901 1358 1962 quae
1397 1879 1481 1942 ad
1511 1879 1697 1941 illum
1730 1900 1933 1961 usque
1975 1900 2223 1942 annum
2250 1878 2617 1961 frequentes
2653 1879 2945 1942 incursa-

436 1945 702 2054 Σξζξιῗῗῖῗδ
742 1982 922 2061 bant,
946 1983 1084 2066 jam
1115 1981 1408 2064 deinceps
1438 1981 1791 2044 rarissimas
1822 1981 2187 2044 occurrisse.

435 2072 498 2119 ’ἃ
507 2073 736 2140 “nn-⁹⁶5&
841 2086 908 2168 [5
919 2085 963 2167 .]
1023 2085 1150 2148 Sed
1179 2093 1254 2147 ut
1283 2084 1366 2147 ad
1411 2105 1547 2147 rem
1592 2083 1962 2146 redeamus:
2009 2083 2231 2147 Febris
2266 2083 2379 2145 illa
2412 2083 2733 2161 Tertiana,
2779 2105 2946 2166 quae

733 2187 916 2251 -dicto
946 2208 1119 2250 anno
1137 2187 1354 2250 omnia
1379 2187 1573 2268 longe
1593 2187 1848 2269 lateque
1864 2185 2074 2250 fuerat
2105 2185 2428 2268 praedata,
2450 2185 2675 2249 eodem
2704 2187 2945 2270 elapso,

439 2297 554 2347 Quo
576 2297 702 2373 ord}—
741 2291 917 2352 intra
960 2289 1358 2370 augustiores
1407 2289 1645 2351 limites
1697 2309 1765 2351 se
1822 2287 2186 2365 continuit3
2258 2287 2747 2370 insequentibus
2792 2311 2947 2352 vero

369 2441 386 2454 .
436 2363 716 2488 ffiffigssilci
743 2393 1070 2457 autumnis
1115 2391 1486 2456 Quartanae
1515 2390 1906 2474 Epidemicis
1950 2391 2211 2473 reliquis
2262 2391 2943 2474 praedominabantur‚

434 2489 560 2566 hane
583 2506 698 2565 ,⁰⁰¹¹-
743 2499 958 2558 stante
997 2493 1121 2558 hac
1165 2493 1331 2559 aeris
1375 2493 1859 2558 constitutione.
1952 2492 2305 2558 Quartanis
2350 2514 2601 2577 semper
2643 2501 2789 2577 post
2831 2518 2945 2558 au-

431 2562 682 2681 {tigata}-
741 2604 1046 2659 tumnum
1081 2596 1221 2659 vela
1261 2596 1811 2673 contrahentibus,
1851 2594 2069 2659 Febris
2102 2596 2431 2659 Continua
2464 2598 2649 2678 (quae
2676 2618 2792 2679 per
2822 2598 2950 2661 hoc

432 2684 692 2794 ζξΐξῦξζζιξ
741 2718 934 2761 omne
964 2704 1234 2779 tempuS,
1256 2698 1508 2779 parcius
1536 2696 1707 2774 licet,
1732 2718 1799 2758 se
1820 2696 2299 2778 immiscuerat,)
2328 2698 2467 2779 jam
2486 2697 2947 2761 inclementius

433 2818 520 2885 tuo
543 2813 674 2861 exci·
742 2799 1252 2863 debacchabatur
1295 2798 1376 2862 ad
1421 2818 1625 2881 usque
1670 2819 1798 2875 ver,
1833 2818 1959 2880 quo
2002 2804 2288 2880 tempore
2330 2798 2563 2861 Febres
2603 2799 2947 2862 Intermjt-

434 2890 467 2937 P
471 2877 648 2924 nebant.
739 2908 950 2965 tentes
979 2902 1265 2964 vernales
1295 2899 1760 2977 succedebant3
1807 2900 2037 2982 quibus
2067 2900 2150 2963 ad
2179 2900 2476 2963 calendas
2508 2901 2671 2963 Maii
2698 2902 2947 2983 pariter

735 3004 1202 3083 fatiscentibus,
1234 3003 1530 3066 Variolae
1559 3002 1714 3065 hinc
1753 3010 1819 3066 et
1857 3003 2011 3066 inde
2046 3004 2315 3085 sparsim
2358 3024 2427 3066 se
2470 3004 2943 3082 ostendebant3

737 3127 902 3189 quae
961 3106 1172 3169 denuo
1238 3105 1321 3168 ad
1391 3110 1805 3187 conspectum
1875 3104 2395 3187 Epidemicorum
2462 3106 2947 3169 autumnalium

744 3208 1039 3289 (Febrem
1062 3207 1456 3270 Continuam
1482 3208 1625 3270 volo
1654 3214 1721 3270 et
1745 3206 2163 3291 Quat-tauns)
2198 3214 2383 3289 terga
2412 3207 2653 3271 dabant
2680 3208 2944 3271 victori-

737 3310 880 3374 bus.
973 3308 1117 3373 Hoc
1146 3309 1370 3373 ordine
1398 3308 1609 3373 morbi
1640 3310 1997 3392 Epidemici
2026 3310 2349 3392 integram
2378 3309 2545 3373 hanc
2576 3312 2743 3375 a'eris
2786 3332 2945 3375 con-

737 3411 1143 3475 stitutionem
1170 3412 1622 3495 pervadebant,
1654 3419 1720 3475 et
1750 3433 1817 3475 se
1845 3419 2075 3475 mutuo
2104 3412 2627 3495 insequebantur.
2704 3414 2809 3477 De
2838 3414 2945 3477 his

737 3514 898 3577 mihi
943 3536 1149 3577 sermo
1198 3514 1320 3577 erit
1362 3514 1432 3577 in
1471 3515 1697 3598 specie,
1730 3522 1794 3578 et
1834 3515 2219 3578 nominatim
2262 3521 2405 3578 tum
2446 3515 2527 3578 de
2558 3516 2762 3579 Febre
2794 3516 2944 3595 hac,

735 3624 880 3679 tum
939 3618 1132 3679 etiam
1192 3618 1271 3679 de
1317 3616 1933 3696 Intermittentibus,
1994 3617 2123 3680 sive
2180 3638 2289 3680 ver
2354 3616 2484 3680 sive
2544 3624 2945 3681 autumnum

737 3720 1108 3799 attinerent,
1171 3719 1400 3802 quibus
1459 3721 1619 3785 haec
1684 3720 2059 3784 constitutio
2116 3742 2269 3804 prae
2326 3720 2593 3784 caeteris
2660 3720 2945 3784 infama-

737 3822 948 3886 batur.
2061 3884 2069 3893 .

432 3926 600 4038 {0er
835 3926 957 4009 [6.]
1010 3924 1231 3989 Telam
1272 3925 1484 3989 ordiar
1518 3926 1603 3989 ab
1650 3925 1771 3990 hac
1816 3925 2021 4011 Febre
2052 3924 2397 4004 Continua,
2432 3946 2594 4008 quae
2638 3926 2945 4005 aliarum,

429 4000 704 4115 hssjffiss'gss-
732 4034 1049 4111 quotquot
1080 4036 1252 4103 sunt,
1284 4028 1579 4092 omnium
1606 4029 1949 4112 praecipua
1977 4036 2043 4093 et
2072 4028 2429 4113 coryphaea
2458 4028 2619 4091 mihi
2648 4028 2915 4092 videtur
2920 4056 2941 4107 ς

427 4120 692 4230 ἰξῑίζξξζξίῧ
735 4153 810 4195 eo
841 4131 1012 4214 quod
1047 4132 1306 4195 Natura
1343 4133 1413 4195 in
1457 4132 1579 4196 hac
1622 4152 1774 4215 prae
1814 4132 1953 4195 aliis
1992 4132 2481 4215 quibuscunque
2524 4131 2947 4197 uniformiter

427 4248 646 4307 qmnium
733 4241 800 4297 et
847 4235 928 4297 ad
975 4234 1247 4297 eandem
1293 4234 1426 4297 fere
1467 4255 1782 4312 normam,
1831 4240 1975 4299 tum
2034 4234 2372 4297 materiam
2418 4234 2801 4298 Febrificam
2854 4236 2945 4299 ad

428 4326 682 4430 ξξῇξξζξῖω
734 4337 1021 4403 debitam
1053 4337 1536 4402 concoctionem
1577 4338 1907 4421 perducat,
1944 4344 2087 4401 tum
2133 4344 2381 4401 coctam
2426 4345 2601 4401 certo
2638 4359 2711 4401 ac
2754 4360 2941 4421 prae-

1274 4463 1295 4493 ¹‘
1335 4467 1513 4515 Quanto
1533 4474 1684 4519 atatem
1708 4466 1817 4529 ᾦα]
1844 4466 1919 4513 Cs.
1946 4468 2107 4515 Sched.
2128 4466 2294 4513 Monit.
2316 4469 2339 4526 §
2370 4466 2447 4514 46.
