3138 5006
1183 303 1460 367 INDEX·
1485 303 1827 369 RERUMs

334 458 662 524 Philosophia
690 460 862 520 effecit,
903 466 958 511 ut
987 476 1122 527 quae·
1145 462 1336 511 Medica
1355 476 1443 525 ap-
1505 466 1512 479 ¹
1537 463 1651 521 240,
1676 464 1802 519 2483
1834 461 2016 525 quibus
2037 465 2155 521 eum

280 524 506 586 pellatur,
535 538 704 575 revera
737 527 1076 575 confabulandi
1110 527 1350 589 garriendi
1383 542 1446 575 ue

282 590 446 651 potius
467 590 534 637 sit
553 590 668 649 Ars,
691 606 838 653 quam
861 591 1100 649 medendi,
1125 594 1248 647 3633
1283 542 1444 653 phao-

282 653 454 715 sophia
475 655 660 705 Medici
692 669 932 717 quaenam
973 671 1078 705 esse
1109 656 1294 713 debeat,
1318 655 1448 713 4763

283 718 482 767 moralis
519 720 640 781 quid
693 720 770 777 sit,
817 722 944 776 2823
1001 720 1236 769 natinalis
1289 720 1446 782 speei-

283 782 428 839 ficam
460 782 780 833 differentiam
809 784 1002 835 nullam
1023 785 1075 833 in
1103 784 1296 835 Natura
1327 800 1446 835 eno-

284 847 398 895 dare
418 854 592 910 potest,
611 851 722 897 282.

309 947 318 955 .
349 911 680 975 Philosophus
697 928 848 975 quare
867 928 1012 963 nemo
1027 913 1310 962 mortalium
1331 928 1444 963 eva-

286 976 398 1029 dere
419 978 588 1039 possit,
607 978 720 1028 476.

307 1078 315 1083 .
348 1040 596 1089 Phimosis
618 1042 860 1104 quomodo
879 1042 1110 1099 curanda,
1134 1042 1246 1100 317,
1267 1044 1386 1093 318.

349 1104 698 1155 Phlebotomia.
727 1106 800 1170 [v.
829 1106 1185 1169 Venae-sectio.]

349 1169 596 1220 Phrenitis
640 1172 880 1233 quomodo
921 1172 1185 1230 tractanda,
1231 1172 1294 1219 56
1343 1187 1448 1235 sq.;

283 1234 506 1283 cardiaca
525 1250 624 1284 non
644 1235 872 1292 admittit,
895 1236 958 1287 57
967 1254 980 1291 3
1015 1236 1068 1285 in
1089 1236 1220 1285 febre
1239 1236 1446 1299 epidem.

285 1299 401 1347 anni
433 1300 517 1351 ’74
550 1300 792 1361 quomodo
825 1300 1054 1357 curanda,
1077 1302 1201 1356 2153
1247 1301 1448 1364 spiritus

283 1362 468 1413 uitrioli
487 1364 540 1413 in
563 1364 834 1426 phrenitide
861 1364 1107 1422 laudatur,
1129 1366 1255 1420 2153
1289 1380 1350 1413 ex
1372 1365 1444 1413 fe-

284 1428 370 1478 bre
390 1443 518 1477 nova
545 1428 775 1493 hyemali,
799 1432 911 1485 488,
934 1430 1046 1487 494,
1069 1432 1194 1485 5523
1229 1430 1282 1477 in
1314 1430 1447 1479 febre

286 1492 540 1553 uariolosa,
574 1495 682 1551 152,
710 1494 829 1549 1563
864 1494 1039 1543 sudore
1072 1500 1252 1551 coacto,
1285 1495 1338 1541 in
1371 1495 1444 1543 fe-

285 1556 469 1615 bribus,
495 1558 806 1619 quandonam
837 1558 1042 1607 excitari
1073 1566 1234 1621 queat,
1258 1559 1382 1615 2463
1417 1575 1448 1607 a

284 1624 676 1671 venae-sectione
700 1622 940 1685 neglecta,
961 1623 1014 1670 in
1037 1623 1264 1681 febribuS,
1287 1638 1444 1685 quan-

285 1685 368 1741 dc,
388 1688 480 1742 423
514 1694 750 1749 tanquam
771 1694 1048 1751 symptoma
1080 1687 1292 1735 febrium
1327 1703 1444 1736 con·

286 1749 374 1798 tin.
405 1752 536 1799 unde
559 1752 757 1809 oriatur,
781 1754 873 1807 563
919 1768 944 1801 e
967 1748 1141 1799 lochiis
1173 1753 1448 1815 suppressis

283 1830 373 1877 per
393 1814 690 1878 hystericam
709 1816 864 1865 affect.
889 1816 940 1864 in
963 1817 1216 1879 puerperis
1237 1818 1444 1865 tenerio-

285 1879 420 1927 ribus
441 1880 590 1929 nimis
622 1882 718 1929 cito
750 1881 1074 1943 surgentibus,
1100 1881 1223 1936 3973
1258 1881 1310 1928 in
1333 1896 1446 1943 pes-

285 1944 444 1997 tilent.
473 1945 672 2003 morbis,
711 1946 819 2003 108,
859 1948 978 2002 1093
1033 1946 1086 1993 in
1119 1945 1315 1994 variolis
1347 1946 1446 1995 fre-

287 2023 442 2069 quens
464 2017 754 2072 symptoma,
783 2012 902 2067 1443
948 2010 1034 2058 sed
1066 2010 1362 2066 anomalum,
1385 2026 1446 2059 ex

285 2072 1449 2201 {mciffiffiffissffsssssswfsit-⁹¹33&ss

973 2172 988 2195 2
1137 2174 1150 2195 0

284 2203 560 2264 praecaveri
593 2209 642 2251 et
671 2203 778 2252 tolli
803 2203 971 2266 possit,
1001 2203 1120 2261 1473
1155 2205 1449 2266 paregoricis

286 2267 528 2327 quomodo
555 2268 836 2317 cohibeatur
857 2275 908 2317 et
937 2275 1296 2330 praecaveatur,
1327 2270 1445 2326 1423

283 2330 472 2379 instans
489 2333 727 2383 metuitur
747 2348 808 2381 ex
825 2332 1164 2395 inquietudine
1183 2340 1232 2381 et
1249 2334 1446 2396 vigiliis,

290 2396 380 2443 139
400 2414 412 2451 3
439 2397 632 2457 quando
654 2404 860 2449 mortem
880 2398 1064 2447 indicet
1081 2397 1136 2447 in
1157 2398 1449 2461 propinquo,

289 2460 412 2517 1443
445 2461 688 2523 quomodo
709 2468 920 2520 curetur,
950 2463 1056 2511 144.

291 2525 587 2652 ΤΙῖἑιτῗωι
623 2526 756 2594 (Da)
788 2541 852 2576 nr
884 2528 1061 2587 Tuast,
1085 2529 1200 2588 605,
1221 2528 1330 2581 606.
1359 2527 1446 2592 [οἱ

332 2606 361 2637 a
413 2607 450 2636 s.
933 2597 944 2606 '

349 2653 572 2703 Phthisis
603 2655 726 2703 duos
758 2656 858 2707 fere
890 2657 1090 2708 trientes
1117 2672 1302 2716 eorum,
1325 2672 1448 2719 quos

287 2718 444 2767 morbi
487 2719 703 2767 chronici
737 2721 986 2784 jugulant,
1029 2721 1274 2779 interficit,
1321 2724 1446 2780 3913

287 2782 562 2845 descriptio,
599 2785 724 2842 6053
779 2785 980 2842 curatio,
1017 2787 1148 2842 6063
1201 2786 1451 2849 phthiseos

287 2849 570 2909 specificum
590 2855 664 2897 est
683 2849 934 2911 equitatio,
959 2851 1070 2908 391,
1090 2850 1200 2899 606.

352 2912 546 2960 Pilulae
599 2914 810 2962 Cochiae
867 2915 1144 2972 laudantur,
1202 2915 1324 2970 1963
1387 2915 1452 2964 ad

287 2991 447 3038 scrup.
471 2977 594 3025 duos
626 2978 884 3036 exhibitae,
918 2981 1040 3036 4993
1075 2979 1128 3026 ἰιι
1161 2979 1292 3028 febre
1325 2995 1452 3028 nova

287 3041 512 3102 epidem,
529 3045 654 3098 4993
690 3058 788 3105 quo
811 3051 1027 3106 tempore
1045 3043 1248 3102 dandae,
1272 3046 1329 3092 81
1350 3063 1362 3100 3
1397 3044 1450 3094 in

287 3107 412 3154 tussi
443 3121 708 3169 puerorum
741 3106 1038 3164 convulsivm
1069 3110 1194 3166 2943
1245 3109 1298 3157 in
1331 3125 1448 3171 apo-

285 3170 464 3232 plexia,
499 3172 637 3220 finito
678 3185 984 3236 paroxysmo,
1020 3173 1146 3228 5703
1201 3174 1254 3221 in
1298 3174 1450 3222 fluore

287 3235 530 3293 muliebri,
555 3236 666 3288 290.
704 3235 896 3286 Pilulae
919 3237 1158 3286 Matthaei
1179 3237 1230 3285 in
1249 3238 1448 3300 nephri-

284 3299 382 3352 tien
411 3315 717 3363 paroxysmo,
741 3302 850 3353 527.
920 3301 1112 3350 Pilulae
1142 3303 1450 3365 paregoricae

285 3370 336 3412 et
373 3381 752 3429 emmenagogae
781 3367 836 3416 in
867 3366 1142 3416 locbiorum
1174 3368 1448 3430 suppressi·

285 3443 392 3484 one,
416 3431 526 3488 398,
552 3433 661 3480 585.

297 3537 302 3547 ,
349 3492 554 3544 Plantae
590 3511 740 3558 quare
779 3495 1012 3545 materiae
1053 3495 1272 3548 medicae
1313 3495 1448 3546 omni

287 3557 502 3619 palmam
524 3561 833 3623 praeripiant,
863 3562 936 3618 19,
963 3563 1040 3610 20.

299 3661 305 3666 .
351 3621 498 3672 Plebs
539 3641 570 3673 a
601 3625 798 3674 variolis
837 3641 926 3676 cur
967 3625 1136 3676 minus
1177 3625 1450 3679 trucidetur

287 3701 438 3748 quam
457 3689 644 3746 divites,
671 3691 777 3738 140.

313 3776 320 3786 ·
352 3751 706 3808 Pneueit-mn,
729 3752 862 3815 (Da)
878 3755 1151 3813 244-252,
1173 3756 1446 3804 553-555.

351 3815 644 3870 Pleuritides
697 3817 1116 3880 frequentissimae
1169 3819 1306 3870 fuere
1360 3833 1448 3882 per

285 3879 474 3942 aliquot
513 3883 809 3944 septimanas
841 3890 952 3930 ante
990 3889 1178 3945 pestem
1217 3883 1446 3940 Londin„

288 3947 410 4001 1023
445 3953 556 4008 post
586 3947 744 3994 febres
778 3947 956 3996 contin.
981 3947 1110 3995 circa
1139 3947 1266 3995 veris
1298 3947 1445 3996 finem

285 4017 336 4058 et
372 4010 566 4058 aestatis
605 4011 818 4069 initium,
863 4012 990 4066 1103
1043 4027 1192 4059 verno
1231 4018 1447 4074 tempore

285 4074 500 4128 Londini
535 4089 662 4123 anno
697 4077 776 4124 ’65
811 4083 922 4138 post
953 4075 1180 4138 hyemem
1215 4075 1446 4140 frigidam

285 4145 336 4186 et
365 4140 552 4188 siecum
585 4141 717 4202 gelu,
742 4142 832 4197 953
869 4141 1116 4189 desinente
1148 4155 1278 4199 vere,
1301 4141 1444 4199 unde,

284 4203 378 4261 733
412 4203 686 4266 pleuritidis
717 4205 933 4264 historia,
967 4207 1077 4263 245,
1107 4206 1227 4262 2463
1261 4206 1444 4268 pleuri-

283 4268 348 4316 tis
369 4269 656 4328 essentialis,
683 4284 812 4328 vera,
837 4270 1138 4328 describitur,
1168 4271 1444 4328 244-247,

285 4335 398 4390 553,
422 4336 548 4390 5543
583 4349 682 4396 quo
715 4342 932 4398 tempore
961 4335 1076 4382 anni
1095 4335 1305 4392 infestet,
1335 4336 1442 4393 110,

285 4398 397 4455 227,
435 4401 547 4454 244,
580 4405 630 4448 et
659 4415 894 4461 quosnam
929 4413 1044 4461 prae
1073 4399 1288 4462 reliquis,
1315 4401 1409 4447 245
1432 4419 1445 4456 3

281 4461 432 4511 febris
464 4478 552 4526 pro
585 4465 752 4512 morbo
784 4463 1014 4528 primario
1035 4464 1116 4512 hic
1137 4463 1373 4522 habenda,
1397 4471 1446 4513 et

2582 304 2719 367 6113·

2183 456 2591 523 symptomatihus
2612 458 2715 507 τιὰ-ο.

1537 528 1614 586 sit,
1634 528 1983 589 progrediatur,
2009 533 2057 574 et
2075 526 2389 588 adaugeatur,
2413 524 2537 579 2453
2572 522 2701 571 redit

1535 592 1765 643 hecticae.
1786 592 1961 654 specie,
1984 591 2025 638 si
2059 606 2135 639 res
2164 590 2217 637 in
2238 595 2489 652 apostema
2510 593 2717 649 vergat„

1507 714 1510 719 Ι
1535 659 1649 713 245,
1684 658 1811 711 2463
1850 656 2065 705 dolorem
2096 653 2411 718 punctorIum
2440 667 2539 713 quo
2572 658 2704 698 tem-0

1534 736 1651 782 pore
1683 721 1919 784 acquirat,
1954 728 2003 769 et
2035 735 2133 783 quo
2164 718 2377 767 thoracis
2409 716 2533 773 loco,
2571 718 2697 773 2453

1533 786 1709 833 tussim
1754 785 1951 847 qualem
1993 784 2183 842 habeat,
2210 774 2337 838 2453
2392 780 2699 831 diarrhoeam

1533 850 1665 897 unde
1686 850 1875 907 habeat,
1900 852 2019 907 1543
2055 848 2299 911 quomodo
2321 846 2551 902 solvatur,
2571 846 2697 901 2453

1533 913 1907 962 inflammationi
1948 914 2202 977 sanguinis
2240 911 2491 975 specificae
2532 917 2701 961 ortum

1534 978 1691 1037 debet,
1715 981 1839 1036 2463
1872 994 1933 1027 ex
1962 978 2243 1026 sudcriferis
2274 976 2327 1025 in
2360 976 2485 1024 tussi
2505 974 2699 1023 exhibi-

1534 1043 1613 1099 tis,
1638 1046 1760 1099 2943
1795 1060 1825 1091 a
1851 1044 2009 1092 calore
2040 1044 2199 1105 frigus
2226 1041 2385 1090 subito
2406 1039 2695 1101 excipiente,

1535 1110 1628 1165 303
1663 1115 1764 1156 tam
1786 1114 1917 1156 certo
1944 1124 2001 1156 ac
2024 1116 2124 1155 tam
2145 1106 2281 1154 brevi
2309 1114 2525 1167 tempore
2547 1119 2713 1166 quam.

1534 1172 1664 1219 alius
1692 1172 1892 1235 quidam
1922 1173 2121 1221 morbus
2152 1170 2439 1227 debellatur,
2468 1169 2512 1219 si
2544 1168 2701 1231 perite

1533 1244 1785 1295 tractetur,
1808 1236 1919 1295 247,
1943 1239 2067 1294 2513
2112 1235 2311 1291 curatio,
2347 1234 2441 1285 247
2478 1248 2577 1295 sq.;
2618 1233 2704 1283 in..

1535 1300 1801 1351 dicationes
1833 1302 2077 1349 curativas
2103 1299 2274 1363 quales
2306 1298 2544 1357 admittat,
2568 1300 2663 1349 248
2681 1317 2701 1355 3

1534 1366 1755 1428 rejicitur
1798 1380 1917 1415 eura
1958 1380 2045 1429 per
2087 1363 2539 1427 expectorationem,
2584 1365 2699 1420 250,

1535 1432 1627 1479 251
1648 1450 1661 1487 3
1696 1430 1961 1479 curationis
1993 1444 2131 1493 spem
2153 1428 2465 1492 praecipuam
2486 1426 2625 1489 ponit
2644 1427 2703 1477 in

1532 1494 1939 1553 venae-sectione,
1975 1496 2089 1553 248,
2118 1496 2243 1549 2513
2299 1507 2397 1554 qua
2429 1491 2710 1549 diarrhoea,-

1533 1559 1797 1621 aliquando
1826 1558 2187 1622 superveniens,
2224 1557 2425 1615 sistitur,
2456 1558 2581 1611 2503
2638 1557 2701 1605 de

1532 1623 1900 1686 pleuriticorum
1954 1622 2192 1685 sangiune
2226 1620 2480 1685 quaedam
2528 1626 2709 1670 notatu.

1533 1688 1695 1751 digna,
1731 1689 1843 1747 246,
1879 1689 1990 1747 247,
2025 1690 2149 1743 5543
2184 1701 2415 1736 mensura
2444 1685 2709 1747 sanguinis

1533 1754 1831 1812 extrahendi,
1870 1754 1979 1811 249,
2015 1755 2127 1809 250,
2164 1754 2275 1807 554,
2309 1752 2437 1805 5553
2473 1748 2709 1811 pleuritis

1532 1817 1753 1880 maligna
1795 1817 2239 1865 venae-sectionem
2278 1830 2379 1865 non
2418 1814 2527 1871 fert,
2570 1816 2695 1871 2303

1534 1890 1644 1943 post
1662 1883 2103 1931 venae-sectionem
2126 1880 2447 1929 catharticum
2468 1878 2707 1929 exhibea<

1533 1952 1628 2004 tur,
1654 1949 1780 2003 2503
1832 1962 1931 1995 non
1962 1947 2219 2009 repetitam
2253 1943 2703 1995 venae-sectionem.

1532 2011 1731 2069 indicat,
1772 2012 1815 2059 si
1850 2012 2060 2075 alicujus
2102 2010 2251 2059 febris
2292 2015 2567 2072 symptoma
2609 2015 2705 2066 est,

1536 2077 1660 2132 2303
1706 2076 1880 2134 diaeta,
1906 2079 2029 2132 2493
2070 2075 2425 2124 medicamenta
2456 2088 2699 2135 quaenam

1534 2140 1673 2198 ferat,
1711 2144 1823 2197 248,
1865 2144 1975 2198 249,
2016 2142 2139 2198 5543
2184 2145 2409 2187 enemata
2446 2137 2706 2189 lenissima

1532 2211 1727 2253 tantum
1748 2206 1976 2262 admittit,
2000 2208 2122 2261 2503
2158 2204 2274 2253 lecti
2303 2203 2515 2251 calorem
2546 2202 2693 2250 nimi-

1534 2285 1623 2317 um
1638 2276 1784 2325 vetat,
1801 2272 1897 2319 250
1913 2290 1925 2320 3
1950 2286 1979 2317 a
1995 2268 2395 2332 peripneumonia
2408 2282 2525 2315 vera
2540 2268 2702 2329 gradu

1531 2334 1721 2383 minore
1762 2335 1921 2383 differt
1962 2342 2170 2392 tantum,
2212 2333 2324 2390 247,
2361 2334 2484 2388 2543
2527 2332 2705 2381 eodem

1530 2400 1632 2447 fere
1664 2400 1810 2448 modo
1843 2407 2055 2458 curatur,
2078 2401 2207 2453 2543
2248 2396 2473 2459 pleuritis
2506 2398 2699 2445 constit.

1533 2463 1613 2516 ’75
1637 2464 1825 2513 soboles
1856 2470 2047 2514 tantum
2070 2469 2174 2512 erat
2192 2462 2343 2511 tussis
2370 2461 2513 2510 istius
2534 2461 2697 2520 febris,

1533 2529 1657 2586 2273
1693 2537 1741 2578 et
1773 2530 2015 2579 diversam
2047 2528 2289 2578 medelam
2306 2528 2547 2589 exigebat,
2569 2526 2663 2578 227
2681 2546 2701 2584 3

1532 2610 1562 2642 a
1579 2595 1759 2656 quibus
1771 2595 2007 2644 inferatur
2022 2593 2317 2657 saepissime,
2334 2593 2427 2640 246
2443 2610 2457 2649 3
2478 2607 2507 2640 a
2523 2607 2703 2640 venae-

1533 2659 1745 2708 sectione
1776 2659 1829 2706 in
1861 2658 2079 2710 febribus
2098 2657 2338 2720 neglecta,
2360 2660 2454 2712 423
2487 2672 2547 2704 ex
2570 2657 2699 2705 acris

1531 2722 1791 2771 manifesta
1808 2723 2106 2780 alteratione,
2128 2722 2384 2770 materiam
2405 2720 2626 2768 febrilem
2645 2721 2703 2774 in

1531 2793 1705 2848 pectus
1727 2787 2013 2850 deponente,
2029 2789 2153 2842 2303
2188 2785 2410 2848 pleuritis
2428 2785 2701 2834 essentialis

1532 2866 1631 2899 non
1666 2866 1856 2914 semper
1888 2851 2039 2908 adest,
2074 2850 2191 2898 licet
2227 2849 2365 2896 dolor
2396 2848 2703 2912 punctorius,

1501 2947 1504 2952 -
1533 2915 1951 3037 cplgr2s2a⁷nguinis
1981 2914 2291 2978 pleuriticus,
2314 2919 2365 2964 et
2396 2912 2579 2964 similia
2608 2913 2703 2962 ad-.

1513 2995 1608 3030 „sm
1769 3014 1783 3030 .

1600 3044 1877 3104 PonaoaA,
1903 3042 2037 3106 (Da)
2060 3043 2341 3100 409-454,
2364 3043 2641 3092 611-615,

1599 3109 1827 3186 Podagra
1880 3124 2119 3172 quosnam
2172 3107 2373 3158 invadat
2423 3107 2703 3170 praecipue,

1533 3175 1659 3230 4093
1705 3174 1879 3222 divites
1918 3174 2083 3236 plures
2114 3172 2361 3222 interemit
2392 3186 2541 3233 quam
2574 3186 2701 3234 pau-

1531 3253 1687 3300 peres,
1710 3239 1877 3301 plures
1909 3238 2151 3301 sapientes
2183 3252 2333 3299 quam
2364 3237 2539 3293 fatuos,
2574 3237 2699 3294 4163

1531 3303 1815 3366 insipientes
1834 3318 2015 3366 paucos
2042 3308 2265 3364 occupat,
2286 3303 2411 3358 4393
2446 3300 2703 3360 foeminas,

1525 3367 1749 3428 juvenes,
1773 3373 1823 3416 et
1856 3383 2031 3430 pueros
2066 3381 2175 3416 raro
2213 3367 2383 3424 afficit,
2417 3365 2531 3421 417,
2567 3367 2697 3422 6123

1531 3432 1663 3480 unde
1681 3432 1888 3495 pendere
1908 3432 2148 3490 videatur,
2164 3432 2277 3489 417,
2295 3433 2407 3488 418,
2430 3431 2553 3486 4343
2577 3445 2693 3478 cau-

1533 3511 1639 3544 sam
1662 3497 1809 3545 habet
1824 3497 2087 3560 duplicem,
2110 3495 2489 3552 antecedentem,
2507 3502 2556 3543 et
2576 3509 2696 3542 con-

1531 3560 1785 3620 tinentem,
1806 3563 1931 3618 4233
1966 3577 2027 3610 ex
2048 3561 2151 3610 vini
2182 3577 2277 3612 usu
2298 3559 2563 3610 immodico
2581 3559 2699 3612 oriri

1531 3633 1703 3689 potest,
1735 3629 1847 3685 434,
1886 3629 2010 3683 4353
2046 3641 2195 3675 causa
2222 3633 2296 3674 est
2324 3625 2695 3674 concoctionum

1535 3691 1826 3755 depravatio,
1860 3698 1909 3741 et
1938 3692 2203 3740 humorum
2231 3690 2507 3752 indigestio,
2532 3689 2635 3738 sive
2666 3704 2701 3736 a

1535 3755 1746 3815 Venere,
1766 3757 1869 3804 sive
1905 3772 1934 3805 a
1960 3756 2091 3814 vino,
2122 3756 2223 3802 sive
2251 3755 2312 3803 ab
2326 3754 2584 3802 exercitiis
2617 3753 2695 3801 in-

1533 3821 1784 3878 termissis,
1804 3821 1927 3876 4173
1962 3821 2203 3882 podagrae
2223 3818 2460 3881 regularis
2478 3817 2699 3875 historia,

1533 3886 1631 3932 410
1663 3900 1755 3947 sq„
1776 3887 1890 3942 611,
1912 3885 2035 3940 6123
2091 3898 2199 3932 raro
2232 3883 2428 3944 utrique
2462 3881 2608 3943 pedes
2644 3881 2699 3934 in

1531 3948 1672 3998 initio
1702 3949 1852 3996 simul
1874 3949 2170 4004 afficiuntur,
2190 3949 2303 4004 411,
2319 3948 2445 4002 4123
2487 3947 2701 3994 seniores

1533 4013 1619 4061 ubi
1640 4014 1873 4070 adoritur,
1888 4027 1979 4060 nec
2002 4019 2103 4060 tam
2124 4011 2404 4059 immaniter
2421 4011 2587 4067 saevit,
2606 4025 2697 4058 nec

1533 4085 1635 4126 tam
1672 4085 1821 4126 statas
1848 4077 1997 4125 habet
2025 4077 2263 4140 periodos,
2284 4090 2435 4139 quam
2466 4075 2507 4123 si
2541 4081 2703 4126 aetate

1526 4143 1748 4205 juniores
1796 4141 2121 4204 occupaverit,
2164 4143 2291 4197 4103
2347 4155 2697 4203 paroxysmum

1532 4207 1679 4254 habet
1709 4206 1789 4254 vel
1820 4207 2087 4256 breviorem
2110 4205 2186 4254 vel
2218 4205 2588 4263 diuturniorem,
2608 4219 2699 4267 pro

1531 4277 1689 4319 aetate
1720 4271 1870 4334 aegri,
1902 4270 1984 4318 vel
2016 4271 2334 4318 diuturnitate
2366 4269 2542 4327 morbi,
2582 4270 2697 4326 412,

1533 4335 1658 4392 6123
1692 4351 2014 4398 paroxysmus
2032 4335 2315 4399 hujusmodi
2331 4335 2487 4396 major
2502 4349 2589 4382 seu
2608 4349 2697 4396 ge-

1532 4400 1711 4448 neralis
1743 4406 1931 4449 constat
1972 4415 2033 4448 ex
2078 4401 2197 4448 serie
2238 4399 2699 4464 paroxysmulorum

1531 4465 1625 4512 sibi
1658 4473 1833 4513 mutuo
1867 4465 2249 4523 succedentium,
2286 4466 2398 4523 412,
2435 4466 2545 4522 413,
2581 4467 2707 4522 423,

281 4527 458 4591 reliqui
481 4528 696 4590 affectus,
715 4537 948 4593 tanquam
971 4535 1312 4596 symptomata,
1333 4531 1444 4588 239,
1533 4532 1645 4590 443,
1670 4531 1793 4588 6113
1830 4531 2013 4594 ubique
2035 4531 2171 4582 dolor
2202 4537 2353 4582 noctu
2384 4529 2703 4598 recrudescit,
