3138 5006
676 245 806 306 408
1096 241 1303 306 ΓΡΗΟ.
1354 241 1871 306 SYDENHAM
1915 243 2460 309 TRACTATUS.

422 417 599 465 Eme.
676 428 717 469 a
776 405 1031 468 Natura
1092 406 1313 487 sactus
1384 414 1563 488 atque
1627 407 1948 488 dispositus
2020 411 2153 482 sim,
2231 418 2303 470 ut
2371 409 2534 493 quod
2601 414 2878 493 temporis

385 480 647 528 Dm'w'ff'
677 509 790 571 alii
859 508 1027 569 libris
1084 506 1364 589 leqendis,
1424 508 1495 568 id
1560 528 1667 592 eqo
1725 529 1894 570 omne
1949 511 2336 585 meditationi,
2397 513 2730 596 impendere
2785 534 2880 574 so-

676 615 873 687 leam,·
948 633 1132 697 neque
1193 620 1318 674 tam
1378 632 1687 695 quaeram,
1749 632 1833 675 an
1881 613 1994 675 alii
2048 614 2251 677 eadem
2309 636 2536 677 mecum
2585 624 2879 691 asserant,

676 738 861 801 quam
920 724 1128 778 utrum
1192 736 1347 798 quae
1417 736 1523 798 eqo
1581 716 1761 779 trado
1819 738 1953 779 cum
2011 720 2261 780 veritate
2310 723 2682 782 consentiant
2696 750 2722 797 ,·
2783 730 2882 782 ut-

666 829 811 905 pote
860 822 967 904 qui
1011 840 1281 882 rumores
1329 828 1388 881 et
1433 819 1605 902 vulqi
1643 820 1933 902 plausum
1983 821 2156 883 haud
2196 824 2407 905 maqni
2435 824 2698 905 faciam.
2787 822 2887 885 Et

678 945 823 986 sane
869 921 1020 1006 quid
1060 924 1223 983 tanti
1264 930 1369 995 est,
1415 924 1487 997 si,
1536 922 1728 1006 officio
1773 924 1918 985 civis
1961 924 2100 986 boni
2129 932 2366 986 strenue
2398 926 2780 1007 perfunctus,
2823 933 2888 987 et

667 1025 911 1109 publico
963 1024 1267 1087 commodo
1318 1026 1496 1086 etiam
1544 1046 1680 1086 cum
1717 1026 1968 1107 privato
2007 1026 2228 1088 damno
2269 1030 2611 1104 inserviens,
2650 1028 2882 1089 nullam

679 1137 878 1191 tamen
909 1128 1116 1191 exinde
1152 1128 1413 1211 qloriam
1447 1135 1738 1210 reportem
1755 1132 1788 1189 5
1833 1150 1968 1191 cum
2007 1127 2094 1211 (si
2129 1150 2252 1190 rem
2283 1137 2438 1191 recte
2462 1128 2882 1212 perpendam)

680 1230 980 1293 consulere
1009 1231 1437 1292 existimationi
1462 1250 1643 1303 meae,
1669 1250 1772 1313 qm
1782 1231 1922 1312 jam
1953 1250 2126 1292 senex
2153 1231 2289 1304 sim,
2311 1230 2476 1291 brevi
2489 1230 2741 1313 perinde
2767 1232 2888 1292 erit

678 1354 757 1395 ac
804 1332 862 1394 si
904 1333 1177 1394 non-enti
1232 1331 1696 1403 consuluissem‚·
1743 1332 1894 1416 quid
1927 1334 2082 1395 enim
2125 1332 2275 1394 milti
2305 1341 2452 1415 post
2481 1333 2702 1395 obitum
2729 1354 2883 1415 pro—

678 1437 840 1498 desse
882 1444 1079 1520 queat,
1119 1444 1191 1498 ut
1228 1444 1358 1497 octo
1400 1436 1684 1497 elementa
1734 1435 2121 1517 alphabetica
2165 1438 2231 1497 in
2269 1437 2451 1497 istum
2489 1436 2752 1497 ordinem
2787 1457 2884 1496 re-

676 1540 860 1601 dacta
900 1547 971 1600 ut
1008 1558 1217 1601 nomen
1266 1558 1459 1599 meum
1499 1545 1881 1619 componant,
1910 1557 2114 1598 eorum
2160 1537 2384 1618 linquis
2408 1539 2744 1619 jactentur,
2775 1539 2889 1619 qui

678 1662 797 1703 non
825 1642 1023 1724 maqis
1060 1640 1333 1723 aliquam
1362 1639 1480 1700 mei
1516 1638 1714 1700 ideam
1745 1639 1948 1700 animo
1967 1640 2208 1721 possint
2242 1638 2536 1721 effinqere,
2567 1658 2747 1721 quam
2776 1658 2886 1721 eqo

658 1744 803 1826 jam
854 1763 1066 1825 queam
1120 1742 1427 1823 concipere
1477 1740 1833 1824 qualesnam
1886 1740 2128 1801 tandem
2177 1740 2272 1801 illi
2306 1740 2531 1822 fleturi
2575 1748 2732 1814 sunt,
2777 1742 2888 1823 qui

680 1866 877 1906 omnes
914 1852 973 1906 et
998 1852 1261 1905 mortuos
1296 1844 1527 1925 prioris
1571 1841 1756 1904 seculi
1781 1842 2162 1925 iqnorabunt,
2191 1851 2252 1904 et
2279 1842 2421 1905 aliis
2447 1852 2576 1904 tum
2613 1842 2884 1904 dialectis

680 1954 807 2007 tum
858 1944 1121 2007 moribus
1168 1951 1433 2018 utentur,
1478 1964 1601 2026 pro
1649 1964 1852 2005 rerum
1903 1944 2312 2007 humanarum
2369 1946 2632 2007 omnium
2677 1946 2884 2007 incon-

680 2048 908 2110 stantia
936 2068 1013 2108 ac
1041 2047 1451 2109 vicissitudine
1469 2050 1499 2111 ?
1558 2046 1653 2107 At
1682 2067 1966 2130 quorsum
1997 2068 2103 2130 eqo
2130 2048 2204 2108 de
2231 2047 2491 2108 aliorum
2498 2046 2738 2129 judicio
2763 2047 2885 2108 sol-

682 2149 880 2211 licitus
918 2151 1031 2210 sim
1050 2152 1082 2210 5³
1128 2148 1202 2209 Si
1228 2170 1355 2210 meo
1387 2148 1594 2232 aliquo
1632 2158 1852 2211 conatu
1901 2150 1964 2211 in
1989 2149 2400 2232 promovenda
2443 2158 2505 2211 et
2543 2150 2882 2211 morborum

680 2258 741 2311 et
765 2250 1079 2312 eorundem
1109 2252 1485 2311 curationum
1509 2252 1758 2312 scientia
1780 2249 2224 2333 aliquantulum
2242 2252 2610 2332 promeritus
2617 2250 2879 2331 fumim,

683 2352 855 2413 haud
879 2351 986 2413 diu
1014 2351 1133 2412 ista
1164 2350 1342 2413 laude
1350 2352 1556 2433 fruar
1574 2378 1598 2416 .·
1646 2360 1826 2436 atque
1853 2374 1884 2412 e
1914 2353 2163 2426 diverso,
2194 2353 2251 2413 si
2291 2354 2394 2413 cui
2427 2353 2627 2414 minus
2660 2352 2882 2434 placu-

681 2456 841 2516 erint
865 2474 996 2515 mea
1024 2454 1273 2540 scripta,
1293 2454 1394 2515 vix
1414 2462 1566 2536 puto
1589 2475 1681 2516 me
1708 2454 1836 2516 alia
1866 2454 2259 2528 additurum5
2297 2476 2433 2517 cum
2457 2476 2575 2517 non
2592 2457 2884 2539 patiatur

681 2557 841 2619 ratio
870 2556 1152 2618 sanitatis
1181 2576 1361 2630 meae,
1394 2563 1465 2617 ut
1490 2555 1711 2617 mundo
1741 2555 2048 2618 ulteriores
2079 2577 2200 2618 rem
2231 2556 2520 2617 medicam
2561 2559 2882 2620 tractando

680 2659 977 2720 molestias
985 2658 1318 2739 facessam.
1388 2656 1484 2719 Et
1500 2657 1773 2740 profecto
1800 2657 1898 2720 vel
1919 2660 1985 2720 in
2012 2659 2124 2720 hoc
2165 2658 2526 2721 Tractatulo
2553 2680 2724 2742 quem
2731 2662 2880 2742 jam

680 2761 805 2836 edo,
835 2781 971 2821 cum
1004 2780 1222 2822 manus
1265 2759 1522 2822 tremula
1552 2759 1852 2822 calamum
1892 2782 2093 2844 reqere
2129 2763 2417 2846 nequiret,
2449 2784 2688 2845 operam
2727 2764 2884 2824 milii

680 2864 1114 2926 commodatam
1158 2863 1235 2925 ab
1282 2863 1641 2924 amicissimo
1683 2864 1814 2924 viro
1863 2862 1991 2924 D¹⁸⁰
2019 2863 2300 2926 Jokanne
2344 2863 2582 2941 Drake,
2631 2864 2878 2927 Bacca-

683 2966 887 3028 laureo
945 2967 1009 3028 in
1067 2965 1383 3028 Medicina
1448 2985 1519 3026 ex
1577 2962 1744 3025 Aede
1810 2963 2042 3026 Christi
2096 2964 2268 3047 apud
2337 2963 2876 3049 Cantabriqienses,

674 3076 895 3150 qratus
938 3087 1256 3149 aqnoscere
1298 3065 1470 3126 debeo
1484 3093 1511 3140 ‚·
1556 3085 1729 3148 quem
1765 3065 2002 3148 quidem
2029 3067 2225 3128 virum
2262 3075 2321 3128 et
2357 3070 2599 3130 nativus
2643 3089 2880 3130 morum

680 3169 907 3228 candor
944 3174 1003 3227 et
1046 3169 1204 3228 vitae
1240 3167 1554 3248 inteqritas
1598 3167 1861 3228 amicum
1897 3188 2195 3250 perquam
2239 3169 2642 3251 exoptabilem,
2686 3172 2884 3232 animi

678 3289 817 3328 vero
856 3267 1016 3328 dotes
1054 3275 1180 3328 tam
1223 3287 1265 3328 a
1304 3265 1558 3329 Natura
1599 3267 2085 3330 subministratae
2129 3291 2311 3353 quam
2353 3271 2552 3333 studio
2589 3273 2878 3348 excultae,

680 3370 945 3431 humano
976 3369 1187 3450 qeneri
1222 3367 1426 3429 utilem
1470 3367 1796 3430 admodum
1835 3368 2085 3432 reddent
2123 3379 2182 3432 et
2224 3370 2564 3452 benficum,
2597 3375 2701 3436 ubi
2742 3396 2880 3436 eam

681 3478 873 3532 artem
922 3489 1185 3530 exercere
1232 3467 1553 3551 placuerit,
1608 3489 1793 3553 quam
1836 3471 1926 3531 ita
1968 3471 2158 3553 probe
2209 3472 2400 3535 callet.
2491 3474 2598 3536 De
2647 3484 2883 3539 caetero

682 3571 988 3654 roqandus
1014 3591 1093 3646 es,
1142 3570 1253 3633 Vir
1288 3569 1751 3652 Spectatissime,
1783 3578 1853 3633 ut
1878 3571 2020 3633 huic
2047 3595 2174 3634 meo
2199 3575 2264 3636 in
2307 3574 2398 3636 Te
2418 3575 2628 3660 officio,
2657 3579 2715 3639 si
2729 3600 2884 3660 per-

682 3672 977 3735 molestior
1007 3671 1267 3752 fuerim,
1320 3673 1553 3733 veniam
1603 3672 1887 3734 concedas
1906 3673 2178 3758 .·—quod
2221 3684 2421 3738 tamen
2468 3699 2586 3740 non
2631 3678 2888 3741 aliunde

682 3776 854 3836 nasci
879 3774 1168 3835 existimes
1196 3773 1388 3847 velim,
1420 3794 1604 3856 quam
1633 3795 1704 3834 ex
1740 3774 1843 3836 illo
1871 3775 2089 3839 honore
2116 3786 2175 3839 et
2200 3779 2488 3863 obsequio,
2519 3780 2732 3864 quibus
2787 3781 2890 3843 Te

682 3877 889 3938 merito
916 3883 1095 3960 atque
1122 3897 1193 3937 ex
1220 3877 1421 3937 animo
1438 3877 1827 3959 prosequitur

2007 4013 2153 4075 Tibi
2177 4013 2638 4092 addictissimus,

1842 4111 2080 4197 Tuique
2107 4115 2675 4192 observantissimus,

893 4301 935 4346 z
994 4303 1043 4347 d·
1082 4303 1093 4314 .
1949 4215 2165 4279 THO.
2221 4217 2786 4282 SYDENHAM

808 4389 930 4435 Maii
951 4391 1029 4444 21,
1058 4388 1197 4434 1683.
