3138 5006
704 280 1302 348 DISSER'PATIO
1346 281 1962 348 EPISTOLARIS.
2276 279 2423 380 ¹333

217 465 338 527 ego
359 444 626 529 judico,)
658 446 950 510 maculae
981 466 1338 531 purpureae
1365 447 1629 530 plenam
1662 445 2194 511 exanthematum
2232 462 2420 525 erup·
2448 459 2533 507 Dr.
2560 459 2727 508 vnn-

213 546 462 610 tionem
481 547 660 611 haud
677 567 823 610 raro
834 546 1360 630 praeveniebant,
1383 554 1470 627 et,
1491 568 1657 632 quae
1677 569 1785 612 eas
1806 545 2208 623 extrudebat,
2230 543 2421 608 vehe-
2448 525 2737 639 ⁰5³1&ss-

215 650 498 713 mentior
537 649 982 726 inflammatiO,
1021 649 1310 714 debitam
1340 649 1677 731 sanguinis
1728 647 1939 712 crasin
1972 644 2419 710 interturbans
2442 677 2665 726 maculae

215 757 411 833 atque
441 750 836 834 disperdens,
868 751 1065 815 etiam
1108 757 1262 814 ante
1283 750 1529 834 justam
1565 750 1876 814 materiae
1913 746 2279 812 morbificae
2308 767 2417 810 ex·
2442 755 2737 854 2235?-

213 851 598 935 prisionem,
628 855 1104 936 praematuram
1135 859 1412 917 mortem
1452 851 1836 918 accersebat.
1926 849 2010 916 Id
2044 870 2195 914 vero
2236 869 2413 913 max-
2439 867 2643 925 hautun

213 954 346 1018 ime
393 955 677 1018 fatorum
715 955 1044 1018 saevitiam
1082 953 1517 1038 promovebat,
1559 951 1734 1037 quod
1782 951 1923 1035 jam
1962 945 2732 1058 exanthemata'fggffl‘gg’

215 1055 301 1120 ob
348 1077 543 1140 supra
591 1056 832 1121 dictam
879 1077 1137 1120 causam
1181 1055 1278 1118 ita
1319 1054 1625 1118 facillime
1670 1053 2089 1130 confluerent,
2133 1049 2236 1114 vel
2274 1049 2417 1132 ipsa
2440 1023 2653 1122 conffle-

215 1155 381 1220 aiiris
425 1157 808 1242 intemperie
850 1158 920 1221 id
964 1158 1120 1221 mali
1163 1163 1398 1240 sponte
1436 1179 1553 1221 sua
1594 1162 2000 1240 procurante,
2038 1153 2212 1237 quod
2255 1153 2415 1218 alias
2440 1136 2571 1185 bant.

211 1258 348 1323 fere
378 1258 587 1324 solent
615 1259 793 1324 scioli
821 1266 890 1324 et
918 1259 1288 1324 medicastri
1311 1259 1629 1341 regimine
1659 1265 1727 1322 et
1754 1256 2061 1321 cardiacis
2100 1254 2415 1320 calidiori-

211 1358 339 1424 bus
367 1358 598 1442 inipso
626 1359 838 1424 morbi
863 1361 1088 1425 limine
1115 1362 1514 1444 inauspicato
1533 1359 1865 1444 imperatis
1894 1366 2089 1444 atque
2118 1357 2415 1424 admotis.

213 1459 498 1538 Etenim,
524 1460 720 1542 (quod
741 1460 1086 1544 diligenter
1107 1459 1749 1528 animadvertendum
1778 1461 1921 1542 est,)
1948 1465 2095 1544 post
2122 1459 2417 1524 omnium

211 1559 314 1623 vel
343 1559 866 1642 exquisitissimas
896 1561 1390 1642 observationes,
1417 1563 1514 1627 rei
1543 1563 1737 1627 cardo
1764 1563 1837 1626 in
1864 1561 1989 1626 hoc
2016 1561 2307 1640 vertitur,
2337 1567 2425 1626 ut.

211 1660 286 1724 in
309 1660 656 1724 Variolosis
679 1661 902 1726 salutis
927 1683 1068 1748 spes
1091 1663 1301 1728 omnis
1322 1665 1395 1727 in
1415 1664 1947 1729 exanthematum
1967 1663 2293 1748 paucitate
2312 1684 2413 1728 re·

212 1769 516 1846 ponatur,
546 1762 891 1832 discrimen
917 1765 990 1828 in
1019 1765 1372 1830 eorundem
1400 1766 1863 1845 multitudine3
1908 1772 1975 1829 et
2003 1771 2199 1848 prout
2226 1765 2417 1848 plura

215 1869 370 1928 sunt
399 1863 558 1928 haec
585 1865 1032 1948 vel-pauciora,
1066 1873 1180 1932 aut
1208 1868 1485 1934 moritur
1513 1876 1629 1933 aut
1656 1869 1814 1933 vivit
1851 1888 2061 1952 aeger.
2150 1867 2703 1944 Intereasanguini·

213 1965 552 2030 fatendum
573 1974 690 2046 est,
707 1974 774 2031 et
793 1969 1126 2051 sanguinis
1147 1971 1438 2050 mictum,
1459 1978 1524 2036 et
1543 1971 1829 2035 maculas
1856 1989 2230 2054 purpureas,
2250 1989 2415 2052 qm
2436 1944 2707 2058 ffifflfss?

211 2066 310 2130 ita
336 2075 511 2131 certo
539 2075 813 2132 mortem
851 2072 1341 2154 praenunciant,
1375 2073 1760 2157 quandoque
1800 2072 2109 2150 accidere,
2137 2072 2243 2136 vix
2278 2071 2413 2138 ullo
2434 2087 2725 2150 Ρῑιφῑιτεᾳε,

213 2168 426 2234 adbuc
455 2178 864 2254 comparente
898 2173 1308 2238 Variolarum
1343 2175 1604 2254 indicio,
1635 2175 1735 2239 vel
1779 2174 1975 2238 etiam
2012 2173 2413 2256 paucissimis
2438 2137 2723 2250 aviiii-⁸33⁸·

213 2272 490 2354 pustulis
525 2272 1048 2356 erumpentibus,
1091 2274 1250 2340 haec
1283 2297 1434 2341 vero
1467 2284 1545 2341 ut
1580 2278 1875 2343 Variolas
1916 2276 2117 2342 denso
2155 2276 2415 2358 agmine
2437 2265 2698 2378 Πωῖὴέιξ·

214 2375 612 2439 confluentes
639 2383 716 2438 ut
744 2375 1096 2458 plurimum
1126 2377 1537 2457 comitantur,
1567 2379 1664 2444 ita
1692 2377 2038 2461 aliquando
2064 2383 2203 2440 tam
2229 2396 2413 2459 prae·
2438 2343 2719 2454 ffiiiilis?

213 2497 481 2561 propere
509 2477 845 2556 invadunt,
867 2484 944 2542 ut
968 2499 1233 2561 aegrum
1255 2486 1407 2544 ante
1435 2480 1695 2565 plenam
1717 2481 2119 2565 eruptionem
2142 2502 2179 2545 e
2202 2480 2417 2545 medio
2438 2471 2731 2573 ffiffimfi‚,

211 2578 469 2658 tollant,
493 2579 658 2643 sicut
679 2581 816 2663 jam
850 2581 1132 2664 [Observ.
1156 2583 1330 2646 Med.
1349 2583 1438 2646 iii.
1459 2587 1520 2647 2.
1543 2588 1649 2663 24,
1668 2586 1805 2668 25.]
1836 2584 2381 2669 praemonuimus.
2436 2583 2562 2633 lunt.

313 2678 434 2762 [5.]
491 2681 576 2746 In
603 2682 866 2764 proclivi
895 2690 994 2747 est
1023 2690 1242 2748 autem
1278 2686 1376 2767 (ut
1405 2686 1569 2749 mihi
1596 2686 1894 2770 videtur,)
1921 2688 2243 2751 rationem
2268 2685 2425 2749 red·.
2439 2689 2543 2765 ΟΨ
2562 2694 2720 2755 magi·

214 2782 364 2846 dere
395 2804 590 2865 quare
625 2804 814 2867 aeger
839 2786 986 2867 plus
1023 2786 1318 2851 minusve
1353 2786 1757 2870 periclitetur
1782 2810 1901 2871 pro
1933 2788 2177 2872 majore
2202 2788 2411 2853 mino-
2436 2768 2677 2879 ἓξὲξ.

211 2902 360 2953 reve
403 2882 932 2948 exanthematum
974 2906 1266 2952 numero.
1357 2889 1526 2953 Cum
1565 2890 1745 2953 enim
1789 2890 2109 2974 quaelibet
2152 2890 2411 2972 pustula
2436 2888 2524 3006 gg
2538 2899 2693 2995 ἓξὲξ.

211 2982 598 3065 phlegmone
625 2983 833 3067 primo
863 2986 966 3063 sit,
996 2986 1148 3051 licet
1177 2987 1299 3052 sub
1329 2990 1562 3072 exigua
1588 2991 1777 3069 mole,
1806 3011 1959 3055 mox
1986 2991 2059 3055 in
2086 2999 2415 3075 apostema
2436 3008 2710 3059 thematum

214 3086 460 3164 evadat,
489 3087 629 3153 fieri
655 3109 792 3151 non
830 3094 1044 3171 potest
1074 3090 1230 3172 quin
1258 3091 1456 3155 febris
1485 3094 1880 3173 secundaria,
1912 3114 1954 3156 a
1978 3114 2141 3176 pure
2176 3094 2315 3176 jam
2340 3094 2415 3156 in
2436 3087 2655 3125 numero.

213 3188 354 3253 fieri
401 3188 708 3271 pendens,
761 3189 966 3272 magi·
1016 3191 1310 3256 minusve
1359 3193 1777 3259 exacerbetur
1836 3216 1954 3278 pro
2005 3196 2183 3278 puris
2230 3215 2415 3259 exco-

215 3292 458 3375 quendi
501 3292 864 3375 quantitate
901 3294 1040 3376 jam
1085 3294 1158 3357 in
1201 3296 1414 3361 morbi
1465 3303 1682 3376 statu3
1728 3297 1901 3380 quod
1950 3298 2023 3361 in
2070 3297 2415 3361 mitissimo
2438 3312 2605 3362 Status
2627 3316 2729 3363 di:

215 3394 698 3459 confluentium
712 3415 962 3477 genere
1001 3396 1108 3461 die
1133 3418 1174 3460 a.
1198 3398 1406 3481 primo
1434 3400 1645 3463 morbi
1678 3400 1929 3464 insultu
1956 3400 2319 3477 undecimo,
2342 3400 2415 3463 in
2435 3393 2574 3426 '⁶¹⁸⁰
2596 3386 2721 3427 ‘⁸¹¹¹‘

2436 3456 2551 3503 pore
2571 3458 2659 3506 pro

212 3495 520 3560 mediocri
549 3496 796 3563 decimo
831 3504 1078 3581 quarto,
1107 3498 1180 3563 in
1219 3500 1599 3565 crudissima
1624 3521 1771 3565 vero
1801 3507 1866 3565 et
1896 3501 2151 3584 aegrius
2192 3499 2411 3565 doma·
2432 3506 2617 3583 ration-0

211 3596 332 3661 bili
373 3599 581 3683 specie
614 3598 862 3663 decimo
905 3600 1198 3683 septimo,
1228 3602 1370 3666 fieri
1405 3602 1754 3667 consuevit.
1846 3602 2417 3669 Quemadmodum
2434 3572 2700 3697 ssgsszen·

214 3700 390 3765 enim
424 3700 619 3784 (quod
661 3708 760 3765 est
805 3702 1211 3785 notandum,)
1248 3702 1736 3767 Confluentium
1762 3703 2173 3769 Variolarum
2206 3724 2413 3785 genus
2438 3720 2510 3787 teg
2531 3720 2670 3789 qanto·

213 3804 616 3883 Distinctum,
647 3804 820 3887 quod
859 3804 1116 3884 dicitur,
1144 3806 1399 3870 ratione
1425 3792 1695 3889 periculi
1734 3806 2137 3872 imminentis
2164 3806 2238 3875 in
2264 3812 2411 3868 tan-
2436 3777 2719 3903 ffgnssssfggg,

211 3912 360 3971 tum
381 3912 641 3990 superat
663 3912 982 3989 quantum
1001 3906 1083 3970 ab
1106 3907 1245 3990 ipsa
1271 3914 1450 3989 peste
1479 3914 1837 3991 superatur,
1855 3907 1951 3970 ita
1971 3906 2169 3971 etiam
2192 3925 2412 3987 suprap
2437 3919 2555 3961 ora,
2568 3920 2721 3967 qum-

213 4009 426 4073 dictoe
453 4014 590 4073 tres
617 4008 1102 4075 Confluentium
1131 4008 1370 4093 species
1398 4009 1560 4073 aliae
1590 4009 1730 4073 aliis
1757 4007 2161 4092 praesentius
2190 4004 2411 4069 dacri-
2437 3968 2718 4079 333³*

211 4132 368 4176 men
397 4111 720 4177 adferunt.
790 4111 983 4177 Quod
1010 4110 1273 4193 insuper
1299 4117 1438 4174 tam
1464 4111 1536 4173 in
1565 4117 1777 4175 aetate
1800 4130 1993 4192 quam
2016 4127 2173 4171 sexu
2198 4105 2415 4169 locum
2436 4096 2644 4222 {ztssgi‘
2665 4174 2718 4222 in

211 4214 454 4292 habet3
499 4236 650 4279 cum
679 4212 926 4277 nemini
945 4234 1080 4278 non
1108 4214 1192 4277 sit
1220 4213 1651 4289 notissimum,
1676 4212 2146 4276 adolescentem
2174 4208 2247 4270 in
2274 4206 2415 4289 ipso
2440 4238 2611 4287 aetatis
2633 4238 2723 4286 fio-

207 4316 573 4401 juventutis
603 4318 758 4381 flore
793 4316 1003 4379 multo
1041 4315 1248 4398 magis
1282 4314 1631 4399 periclitari
1660 4313 1741 4377 ab
1780 4312 1903 4377 hoc
1942 4309 2190 4388 morbo,
2222 4328 2418 4391 quam
2440 4303 2725 4414 ¹⁶⁰¹¹E¹¹²¹g¹¹¹¹

215 4420 318 4481 vel
345 4418 696 4482 foeminam
724 4417 826 4481 vel
853 4416 1204 4500 impubem.
1299 4415 1429 4480 Sed
1457 4416 1617 4479 haec
1646 4413 1873 4477 obiter.
2441 4382 2687 4543 {iffa-
