3138 5006
490 306 1282 371 OBSERVATIONUM
1328 303 1901 370 MEDICARUM
1947 317 2031 374 ΙΙ.
2067 324 2118 372 2.
2275 306 2400 369 11⁷

200 466 436 551 ubique
487 468 804 547 diffusam,
854 468 997 531 sub·
1019 467 1141 532 hoc
1184 468 1378 531 titulo
1422 466 1588 531 mihi
1629 472 2191 550 repraesentarem,
2239 485 2401 547 quae
2471 488 2668 537 Fama

200 572 446 636 ratione
491 571 704 655 aliqua
753 579 819 635 et
877 571 1141 635 consilio
1194 570 1363 634 freta
1411 589 1676 652 corpora
1725 568 1980 651 quaevis
2024 574 2274 649 regeret
2327 588 2400 631 ac

2461 553 2670 601 Pasa-11„

2437 618 2484 666 ἃ
2509 618 2695 665 Pnsrls

198 672 672 751 moderaretur3
716 673 903 757 quale
934 672 1261 756 quidpiam
1300 672 1381 737 de
1408 674 1642 735 Mundi
1669 673 1904 735 Anima
1929 672 2228 737 nonnulli
2254 669 2396 754 phi·
2424 681 2703 730 Ausonum

197 773 607 858 losophorum
644 776 956 859 cogitasse
986 775 1303 840 videntur.
1390 775 1641 839 Verum
1675 775 1757 839 ad
1798 796 1904 838 me
1934 774 2105 856 quod
2144 772 2397 849 attinet,

198 876 297 940 uti
335 898 457 940 nec
498 898 735 955 rerum,
770 878 865 940 ita
895 896 1017 940 nec
1053 876 1394 941 verborum
1436 877 1788 942 novitatem
1837 877 2083 958 affecto,
2115 877 2398 959 adeoque

199 979 529 1061 antiquam
568 978 829 1061 quidem
864 1000 1104 1059 vocem,
1135 979 1247 1043 sed
1287 1001 1480 1044 sensu
1524 980 1618 1063 (ni
1654 980 1882 1064 fallor,)
1918 986 1984 1043 et
2019 979 2230 1043 sobrio
2265 986 2332 1043 et
2361 1000 2400 1041 a

198 1080 369 1143 sanis
399 1079 697 1143 omnibus
733 1100 871 1142 non
906 1079 1233 1144 intellecto
1250 1152 1257 1159 ,
1277 1082 1502 1161 solum,
1530 1102 1754 1145 verum
1793 1082 1990 1146 etiam
2029 1082 2289 1160 usitatO,
2325 1082 2399 1145 in

196 1182 370 1245 hisce
398 1181 663 1265 pagellis
690 1182 1011 1266 usurpavi.
1099 1183 1243 1266 Ego
1272 1184 1465 1264 enim,
1489 1186 1738 1267 quoties
1766 1186 2084 1251 Naturam
2111 1187 2396 1264 nomino,

195 1284 389 1348 toties
423 1306 759 1349 causarum
800 1283 1195 1348 naturalium
1242 1286 1642 1370 complexum
1693 1288 2014 1370 quendam
2055 1288 2399 1372 significari

194 1388 381 1467 volo;
425 1408 609 1472 quae·
634 1388 892 1471 quidem
936 1408 1180 1465 causae,
1216 1388 1443 1452 brutae
1486 1388 1638 1453 licet
1677 1396 1869 1472 atque
1913 1390 2090 1453 omni
2133 1390 2398 1454 consilio

196 1495 564 1573 destitutae,
609 1515 745 1558 non
800 1499 1022 1557 tamen
1072 1492 1210 1555 sine
1262 1514 1513 1557 summo
1558 1493 1822 1557 consilio
1865 1501 2200 1577 reguntur,
2241 1493 2397 1557 dum

195 1619 345 1660 suas
375 1617 663 1681 quaeque
696 1594 1095 1678 operationes
1129 1594 1331 1657 edunt
1361 1615 1637 1677 suosque
1675 1594 1939 1659 effectus
1973 1603 2394 1679 exequuntur.

194 1700 530 1764 Nimirum
578 1720 947 1783 supremum
992 1697 1155 1761 illud
1194 1697 1486 1776 Numan,
1534 1697 1736 1781 Cujus
1778 1699 1842 1761 vi
1883 1698 2194 1782 producta
2243 1706 2396 1762 sunt

194 1804 435 1881 omnia,
466 1808 531 1867 et
570 1824 609 1867 a
638 1802 838 1886 Cujus
876 1808 1047 1864 nutu
1080 1800 1463 1883 dependent,
1492 1802 1752 1865 infinita
1787 1801 1921 1865 Sua
1958 1803 2270 1886 sapientia
2307 1804 2397 1867 sic

194 1904 482 1987 disponit
527 1903 761 1980 omnia,
801 1909 878 1965 ut
929 1902 1012 1965 ad
1054 1923 1247 1986 opera
1289 1902 1609 1968 destinata
1651 1925 1718 1967 se
1762 1911 1936 1969 certo
1981 1906 2257 1989 quodam
2296 1928 2395 1971 or-

194 2008 353 2071 dine
382 2012 573 2090 atque
611 2004 914 2069 methodo
948 2004 1287 2086 accingant
1308 2030 1328 2082 3
1372 2025 1583 2087 neque
1625 2004 1864 2068 frustra
1893 2006 2232 2089 quicquam
2259 2029 2396 2073 mo-

190 2110 333 2187 lita,
362 2129 571 2192 neque
598 2108 725 2171 nisi
754 2106 925 2190 quod
953 2106 1271 2190 optimum
1300 2113 1416 2186 est,
1437 2128 1511 2170 ac
1538 2107 1663 2171 toti
1689 2128 1906 2172 rerum
1931 2109 2208 2173 fabricae
2237 2111 2396 2174 suis-

192 2234 325 2296 que
374 2211 635 2295 privatis
672 2210 921 2273 naturis
950 2209 1227 2273 maxime
1257 2208 1758 2289 accommodum,
1791 2212 2208 2296 exequentia:
2253 2233 2396 2296 per-

188 2314 351 2378 inde
395 2321 587 2397 atque
633 2319 961 2377 automata
1000 2333 1135 2376 non
1172 2332 1289 2395 pro
1340 2333 1473 2391 suo,
1505 2311 1618 2376 sed
1657 2314 1915 2379 artificis
1961 2315 2223 2382 consilio
2260 2337 2396 2379 mo-

188 2422 450 2479 ventur.

497 2590 643 2651 Quae
664 2600 946 2661 sequuntur
969 2608 1027 2643 ea
1049 2600 1170 2643 sunt
1194 2591 1256 2643 de
1277 2590 1466 2661 quibus
1490 2591 1610 2644 dixi
1633 2609 1744 2663 sup.
1767 2611 1854 2664 pp.
1883 2599 1968 2659 58,
1999 2599 2113 2648 110.

904 2705 1069 2750 Febris
1091 2705 1449 2766 Symptomatt‘ea
1477 2705 1700 2755 Vernalis.

257 2803 291 2828 “
304 2801 496 2850 Verum
516 2799 597 2849 hic
615 2800 1021 2863 praetereundum
1050 2814 1147 2847 non
1164 2805 1255 2857 est,

192 2867 331 2928 quod
380 2881 522 2914 verno
575 2873 803 2927 tempore,
844 2865 1100 2928 praecipue
1142 2880 1257 2913 vero

194 2933 315 2978 anni
354 2936 639 2994 tempestate
683 2945 807 2992 quae
850 2929 999 2977 finem
1040 2929 1163 2976 veris
1209 2938 1257 2977 et

192 2995 401 3043 initium
443 2994 637 3042 aestatis
686 2994 1039 3056 complectitur,
1088 2994 1258 3042 Febris

194 3061 443 3123 quaedam
478 3066 585 3107 tum
608 3059 837 3121 temporis
873 3058 1099 3106 invadere
1120 3058 1255 3117 solet,

1343 2801 1474 2848 enim
1508 2801 1586 2848 vel
1621 2817 1713 2850 sua
1755 2807 1924 2866 sponte
1961 2803 2100 2868 quasi
2136 2805 2397 2865 dissiliunt,

1343 2866 1462 2913 etin
1487 2865 1920 2915 Inter-mittentium
1945 2869 2148 2917 classem
2182 2885 2234 2917 se
2257 2886 2396 2934 repo-

1343 2937 1484 2987 nunt,
1509 2930 1586 2976 vel
1615 2932 1666 2978 in
1696 2931 1979 2994 pleuritides
2005 2941 2150 2996 atque
2171 2933 2220 2982 id
2244 2949 2399 2996 genus

1344 2993 1463 3042 alias
1486 2993 1895 3044 inflammationes
1915 2997 2204 3060 praecipites
2223 3007 2396 3047 ruunt:

1343 3067 1391 3106 et
1434 3059 1634 3121 quidem
1676 3076 1818 3123 porro
1863 3068 2042 3110 attente
2077 3063 2310 3110 emissum
2347 3064 2400 3113 in

2453 748 2553 804 ’65,
2575 747 2671 795 ⁹66.

195 3141 327 3202 quae
360 3125 555 3172 tametsi
586 3123 1040 3198 pathognomonicis
1072 3122 1253 3199 pleuri-

194 3189 333 3248 udis,
358 3195 445 3237 aut
474 3190 621 3236 etiam
650 3202 1075 3252 penpneurnoniae
1105 3203 1257 3248 signis

197 3253 499 3310 destituitur,
544 3251 882 3316 symptomatis
910 3259 1071 3299 tamen
1111 3252 1255 3299 ratio·-

196 3333 315 3366 nem
356 3318 515 3374 habet,
561 3317 957 3366 inflammationis
1001 3316 1257 3378 cujusdam
1286 3317 1291 3322 “

194 3390 425 3446 respectu
462 3382 592 3430 circa
618 3389 779 3445 partes
812 3379 1052 3444 spiritales
1078 3380 1259 3428 alicubi

198 3447 555 3496 delitescentis:
590 3461 765 3509 nempe
786 3444 955 3493 nullus
977 3445 1115 3492 adest
1132 3444 1255 3492 late-

196 3513 267 3559 ris
322 3510 475 3570 dolor,
536 3510 674 3559 nulla
734 3509 939 3572 insignis
994 3509 1261 3572 respirandi

198 3576 485 3632 difficultas,
506 3576 637 3623 unde
658 3575 841 3622 nudam
869 3574 1069 3621 Febrem
1097 3574 1262 3621 adesse

198 3640 498 3704 suspicatus,
513 3639 631 3688 illuc
649 3639 911 3701 aliquando
926 3639 1123 3685 omnino
1146 3653 1257 3702 pro-

198 3705 367 3768 pendi,
392 3711 449 3752 ut
481 3720 649 3766 aegros
684 3704 851 3751 eadem
876 3703 1103 3751 methodo
1133 3709 1259 3750 trac-

198 3779 377 3827 tarem,
400 3785 499 3832 qua
532 3769 583 3815 in
612 3768 914 3816 medicandis
943 3767 1259 3815 febricitanti-

196 3835 297 3882 bus
346 3835 419 3881 uti
475 3832 620 3881 soleo.
702 3833 1035 3880 Veruntamen
1097 3839 1263 3895 postea

198 3914 403 3946 mecum
432 3898 669 3960 reputavi,
690 3898 819 3945 hanc
852 3896 965 3945 anni
997 3903 1257 3959 tempesta-

198 3971 305 4012 tem
342 3963 423 4024 (ut
458 3963 587 4010 infra
623 3961 850 4023 dicetur,)
890 3976 986 4009 non
1021 3961 1261 4022 ejusmodi

202 4028 446 4076 Febribus
492 4027 814 4091 producendis
872 4025 1093 4073 idoneam
1138 4041 1259 4083 esse,

199 4093 403 4156 quaein
428 4091 801 4140 continuitatem
830 4097 1114 4147 excurrant;
1148 4089 1261 4138 illae

1343 3123 1435 3170 hac
1479 3124 1778 3186 aegritudine
1832 3127 2118 3188 sanguinem
2171 3129 2398 3192 spectavi,

1343 3186 1427 3249 qui
1462 3189 1829 3250 pleuriticorum
1862 3192 2148 3253 sanguinem
2181 3192 2398 3240 aemula-

1343 3253 1385 3299 ri
1419 3253 1554 3301 visus
1583 3259 1684 3308 est;
1729 3254 1950 3302 ruborem
1986 3257 2132 3304 etiam
2165 3271 2401 3318 genarum

1344 3317 1509 3364 adesse
1552 3318 1810 3376 observari,
1850 3326 1996 3381 atque
2031 3321 2400 3384 propensionem

1345 3382 1592 3444 quandam
1629 3383 1690 3430 ad
1731 3383 2015 3444 sanguinem
2060 3400 2086 3432 e
2115 3387 2314 3434 naribus
2347 3402 2398 3434 e-

1344 3447 1656 3504 mittendum,
1680 3448 1828 3495 etiam
1849 3451 2238 3498 venae-sectione
2263 3451 2401 3513 prius

1347 3510 1617 3567 celebrum
1652 3511 1771 3573 quin
1811 3520 1859 3559 et
1891 3513 2064 3560 tussim
2098 3513 2330 3577 aliquam,
2355 3521 2403 3564 et

1346 3575 1576 3623 obscuros
1598 3575 1832 3638 quosdam
1856 3578 1904 3624 in
1931 3578 2149 3640 partibus
2170 3580 2401 3629 vitalibus

1348 3639 1532 3687 dolores
1553 3655 1903 3704 nonnunquam
1927 3642 2231 3704 deprehendi.
2305 3645 2400 3693 His

1348 3703 1499 3766 igitur
1534 3705 1760 3752 omnibus
1793 3705 1882 3754 rite
1914 3708 2176 3770 perpensis,
2205 3724 2261 3756 eo
2294 3715 2403 3757 tan-

1350 3767 1461 3815 dem
1484 3769 1670 3826 deveni,
1695 3777 1751 3816 ut
1769 3770 1938 3818 eadem
1962 3772 2158 3820 omnino
2177 3774 2403 3821 methodo

1349 3833 1470 3880 mihi
1491 3834 1850 3896 procedendum
1883 3836 1936 3882 in
1957 3836 2050 3884 hoc
2085 3853 2199 3884 casu
2237 3839 2399 3886 decre-

1346 3897 1516 3955 verim,
1530 3913 1628 3960 qua
1649 3899 1700 3946 in
1725 3900 1980 3961 pleuritide
2003 3917 2144 3964 saepe
2167 3917 2280 3950 cum
2304 3903 2403 3950 sin-

1347 3962 1505 4026 gulari
1550 3979 1780 4012 successu
1821 3979 1942 4012 usus
1987 3981 2128 4020 sum;
2183 3967 2235 4015 id
2273 3968 2404 4030 quod

1345 4027 1584 4077 faeliciter
1604 4033 1750 4092 atque
1771 4044 1831 4079 ex
1851 4035 1963 4078 voto
1984 4031 2174 4080 cessit.”
