3138 5006
1009 903 1354 954 HISTORIA
1393 901 1798 952 LITERARIA

621 1084 1234 1180 'l'HOMAE
1325 1082 2191 1176 SYDENHAM.

292 1308 406 1371 (Ex
429 1307 678 1357 Amen-rt
702 1321 772 1356 nn
790 1307 1020 1358 Hanni-,n
1038 1309 1324 1357 Bruto-ru.
1341 1307 1537 1358 Mnmc.
1555 1307 1752 1357 Puer.
1765 1321 1891 1357 ron.
1912 1322 1996 1357 111.
2014 1323 2059 1358 r.
2080 1309 2170 1360 188
2196 1325 2498 1372 nanuum-A,

336 1403 452 1440 cun
475 1403 804 1450 amansium,
827 1403 894 1439 ετ
915 1403 1216 1440 rnanmrua
1241 1389 1434 1440 Ichz
1459 1388 1795 1448 Eur-nomm,
1822 1403 1995 1440 sucro
2018 1404 2085 1440 ετ
2110 1393 2444 1458 sunnon-o.)

377 1792 704 1858 Mam-tau
749 1792 822 1858 in
869 1791 1206 1860 Medicina
1253 1789 1737 1856 conversionem
1784 1788 2071 1856 Thomae
2124 1791 2499 1877 Sydenham
2526 1809 2659 1861 Ante
2680 1811 2772 1875 Sy-

288 1844 620 1976 debemus,
651 1896 764 1980 qui
803 1903 980 1962 recto
1016 1894 1262 1979 judicio
1303 1899 1372 1962 et
1414 1893 1659 1979 absque
1708 1893 2101 1977 praejudicio
2144 1893 2229 1958 ad
2264 1895 2498 1960 Artem
2526 1875 2781 1990 ξζξζξί·
2786 1953 2792 1960 .

287 2001 576 2080 accessit,
608 2007 676 2065 et
705 2007 972 2065 eventus
1001 1999 1243 2083 absque
1281 2004 1751 2083 praeconcepta
1778 1999 2081 2082 opinione
2110 2001 2497 2084 speculatus,
2528 2004 2809 2055 SectaeMe.

283 2103 662 2170 morborum
691 2104 1056 2168 curationes
1101 2102 1186 2166 ad
1226 2102 1524 2167 Naturae
1564 2109 1804 2166 nutum
1840 2103 2231 2172 reformavit.
2320 2102 2495 2170 Hac-
2524 2069 2793 2194 3¹53?-

285 2215 482 2276 tenus
510 2209 688 2274 enim
715 2215 849 2273 tres
889 2215 1100 2273 sectae
1128 2213 1593 2291 regnaverant.
1644 2208 1961 2276 Galenici⁸
1986 2207 2059 2272 in
2087 2208 2496 2276 meridionali
2528 2201 2569 2248 ¹·
2593 2201 2741 2250 ⁶⁸¹⁰·

287 2313 552 2397 Europa
578 2321 646 2377 et
675 2311 848 2395 apud
875 2311 1212 2376 Gallorum
1236 2311 1595 2394 plerosque,
1620 2311 1977 2394 Artemque
2000 2311 2313 2376 Medendi
2335 2335 2493 2396 qua-
2520 2265 2649 2325 κήαι

287 2419 440 2479 tuor
468 2414 908 2498 qualitatibus,
940 2420 1136 2499 atque
1177 2413 1478 2480 remediis
1522 2413 1757 2498 cuique
1801 2413 2097 2496 qualitati
2134 2416 2491 2498 contrariis,

287 2518 846 2604 superstruebant.
931 2518 1036 2583 De
1087 2539 1314 2585 eorum
1361 2518 1883 2602 polypharmacia
1932 2526 1999 2583 et
2050 2518 2365 2585 debilibus
2422 2520 2496 2587 in

287 2621 586 2687 maximis
615 2621 804 2685 malis
833 2621 1084 2687 auxiliis
1111 2642 1264 2687 cum
1283 2620 1478 2704 vulgo
1507 2621 1756 2704 aegroti
1785 2628 2224 2705 quererentur,
2248 2622 2495 2691 exstitit

287 2726 362 2791 in
381 2727 734 2791 Germania
751 2732 926 2791 secta
948 2727 1234 2789 Chemica
1241 2722 1295 2805 b,
1310 2746 1494 2808 quae,
1504 2724 1713 2788 causis
1731 2724 2102 2789 morborum
2121 2747 2254 2791 non
2271 2728 2495 2811 magni
2520 2748 2567 2795 2.
2599 2745 2799 2795 Chemi-

283 2829 490 2908 factis,
521 2830 776 2914 rejectis
819 2828 1264 2915 qualitatibus,
1295 2828 1502 2893 victus
1531 2826 1784 2893 ratione
1827 2828 2045 2911 exigui
2070 2828 2313 2911 habita,
2345 2830 2493 2895 Me-
2519 2826 2591 2871 ⁰⁸⁹

287 2932 544 2997 dicinae
591 2932 1054 3016 perfectionem
1101 2931 1174 2995 in
1223 2931 1414 2995 certis
1462 2936 1529 2995 et
1579 2930 1955 3013 potentibus
2005 2929 2495 2997 medicamentis

285 3036 591 3119 ponebat,
619 3036 780 3099 Arte
811 3033 1116 3099 Chemica
1134 3034 1412 3119 paratis3
1459 3034 1600 3118 ejus
1630 3030 1939 3113 adseclae,
1963 3034 2493 3099 venae-sectionis

285 3159 504 3203 osores
531 3146 600 3203 et
631 3138 978 3205 Galenicae
1006 3136 1426 3221 purgationis,
1458 3136 1681 3201 calidis
1707 3136 1843 3201 fere
1878 3137 2367 3203 medicamentis
2393 3138 2493 3203 in·

285 3240 667 3325 dulgebant,
713 3248 785 3306 et
827 3240 1026 3305 caldis
1077 3246 1272 3323 atque
1316 3239 1707 3305 sudoriferis.
1796 3240 2029 3319 Tertia,
2075 3262 2151 3305 ex
2206 3240 2497 3313 chemica

287 3350 466 3409 secta
494 3351 561 3409 et
591 3366 674 3409 ex
701 3343 1077 3408 Cartesiana
1096 3342 1348 3407 theoria
1373 3344 1743 3428 composita,
1770 3344 2120 3426 Sylvianass
2143 3344 2493 3429 incipiebat
2518 3365 2565 3413 a.
2603 3364 2796 3429 Sylviu-

285 3447 458 3512 circa
506 3448 668 3513 haec
707 3453 1002 3531 tempora
1042 3446 1116 3509 in
1159 3446 1387 3529 Belgio
1436 3447 1821 3530 praevalere,
1865 3453 1934 3511 et
1983 3448 2177 3531 paulo
2223 3454 2369 3531 post
2418 3449 2493 3519 in
2516 3444 2595 3477 ¹¹⁸·

289 3551 644 3617 Germania
673 3557 740 3615 et
768 3551 908 3635 ipsa
949 3548 1287 3632 regnavit}
1332 3570 1496 3633 quae
1529 3549 1603 3617 in
1630 3550 1965 3615 fermentis
1998 3551 2260 3630 vitiosis,
2290 3551 2495 3636 inque

287 3674 474 3719 acore
518 3654 949 3739 potissimum,
982 3660 1050 3717 et
1093 3652 1166 3716 in
1204 3652 1462 3731 viscore,
1499 3672 1723 3717 causas
1769 3652 2141 3717 morborum
2183 3654 2492 3738 ponebat,

283 3755 488 3840 iisque
527 3758 912 3823 medebatur
949 3754 1282 3840 praesidiis
1313 3777 1476 3841 quae
1510 3756 1613 3819 his
1656 3756 1863 3821 causis
1901 3757 2226 3821 contraria
2252 3765 2487 3839 essent,

284 3860 570 3925 alcalinis
619 3861 764 3925 fixis
823 3867 890 3924 et
938 3858 1325 3939 volatilibus,
1379 3859 1794 3938 aromatibus,
1848 3860 2161 3941 essentiis,
2223 3860 2487 3928 demum

279 3964 474 4049 paulo
503 3972 650 4049 post
681 3960 1190 4029 adtenuantibus
1222 3968 1289 4026 et
1318 3961 1508 4027 theae
1534 3962 1771 4027 infuso·
1816 3967 1823 3977 ’

367 4068 646 4132 Thomas
674 4067 1067 4153 Sydenham,
1090 4062 1361 4130 variolas
1392 4071 1459 4130 et
1487 4065 1746 4131 morbos
1776 4066 2044 4132 acutos
2020 4090 2094 4131 1n
2113 4069 2486 4133 universum
2513 4086 2643 4151 Syde
2644 4088 2765 4137 uha-

278 4168 381 4233 his
441 4170 660 4235 calidis
719 4177 787 4236 et
839 4168 1364 4253 alexipharmacis
1414 4168 1902 4235 medicamentis
1955 4170 2300 4236 deteriores
2348 4172 2487 4237 fieri
2510 4168 2641 4201 ‘⁰¹¹¹‘
2655 4168 2798 4203 ω’

275 4273 630 4352 convictus,
664 4281 732 4341 et
766 4274 1096 4341 Naturam
1133 4274 1319 4339 freno
1361 4273 1732 4357 saepissime
1771 4295 1977 4358 egere,
2008 4296 2145 4339 non
2188 4274 2483 4357 stimulis,
2509 4217 2789 4332 ξήῗιῗιῃειὲιι-

344 4448 368 4473 ⁸
404 4437 485 4485 De
533 4438 710 4501 quibus
755 4440 866 4488 vide
909 4442 1133 4489 Biblioeh.
1167 4440 1338 4490 Medic.
1493 4436 1524 4474 b
1555 4440 1681 4487 Vide
1704 4442 1814 4489 ibid.
1836 4438 1919 4487 lib.
1944 4456 1991 4486 v.

276 4502 441 4553 Pract.
467 4501 550 4551 lib.
574 4502 638 4551 iv.
1495 4511 1514 4535 ⁰
1547 4504 1673 4553 Vide
1694 4508 1806 4553 ibid.
1830 4504 1917 4552 lib.
1938 4504 2005 4555 ix.

1374 4604 1409 4649 Ο
