3138 5006
710 263 839 326 498
1331 259 1722 327 THOMAE
1770 260 2288 326 SYDENHAM

404 439 683 488 DnNoun
710 423 835 486 nisi
876 443 1187 506 perquam
1228 443 1375 487 raro
1425 421 1529 486 hic
1583 422 1842 487 morbus
1891 423 2054 486 mihi
2102 422 2470 502 occurrerit,
2511 444 2649 489 non
2701 424 2920 489 adhuc

404 505 675 617 13:3⁸⁸„
710 526 883 590 idem
914 547 1060 589 sum
1088 533 1409 608 expertus.
1502 523 1635 588 Sed
1661 525 1742 588 de
1771 524 1894 589 hoc
1923 523 2151 589 obiter.

809 627 975 711 [22]
996 625 1024 664 '³
1068 628 1155 690 In
1180 626 1479 690 foeminis
1518 626 1963 690 affectionibus
2001 626 2337 712 hystericis
2377 627 2670 692 obnoxiis
2709 649 2922 712 quan-

710 729 919 814 doque
950 729 1199 808 accidit,
1224 729 1413 811 quod,
1434 727 1551 792 ubi
1579 729 1828 793 curatio
1856 728 2376 794 evacuationibus
2399 729 2584 793 dictis
2613 731 2924 794 commis-

708 855 781 899 sa
803 833 951 912 fuit,
982 833 1205 898 Febris
1242 840 1389 917 post
1418 835 1998 898 venae-sectionem
2035 841 2102 899 et
2129 835 2547 917 purgationes
2585 834 2922 899 istiusmo-

708 936 775 998 di
812 936 1075 998 iteratas
1114 935 1469 998 etiamnum
1510 935 1700 1000 duret
1739 945 2221 1021 procurratque.
2309 938 2394 1001 In
2433 937 2557 1002 hoc
2595 958 2752 1000 casu
2793 939 2922 1002 Fe-

704 1037 857 1116 bris,
882 1039 1205 1121 quaejam
1233 1045 1444 1121 urget,
1465 1038 1808 1122 spirituum
1837 1037 2254 1102 commotioni
2274 1037 2356 1102 ab
2385 1037 2924 1102 evacuationibus

704 1142 1017 1206 excitatae
1054 1141 1461 1206 durationem
1500 1143 1639 1226 ejus
1677 1141 1867 1224 plane
1907 1140 2120 1220 debet,
2151 1161 2226 1204 ac
2263 1140 2531 1224 proinde
2566 1141 2728 1224 jam,
2768 1140 2923 1204 aliis

704 1243 1006 1310 omnibus
1032 1244 1435 1327 posthabitis,
1464 1244 1890 1310 indicationes
1923 1243 2244 1307 curativae
2279 1242 2495 1326 (modo
2523 1243 2712 1324 signa
2739 1243 2918 1325 peri-

702 1347 1131 1429 pneumoniae
1162 1352 1228 1410 et
1256 1346 1782 1410 inflammationis
1818 1345 1988 1410 circa
2019 1352 2237 1429 partes
2264 1344 2489 1409 vitales
2525 1343 2786 1425 absint‚)
2827 1345 2922 1408 ad

704 1449 987 1532 quietem
1010 1447 1339 1532 spiritibus
1362 1446 1796 1512 inducendam
1817 1455 1884 1512 et
1905 1469 2130 1512 eorum
2149 1467 2518 1530 orgasmum
2541 1445 2916 1510 sedandum

702 1553 969 1617 omnino
1012 1558 1167 1616 sunt
1208 1551 1600 1634 dirigendae.
1692 1551 1907 1618 Quem
1948 1551 2019 1613 in
2057 1551 2257 1614 finem
2293 1549 2564 1633 singulis
2601 1548 2916 1614 noctibus

700 1657 1162 1740 paregoricum,
1209 1656 1381 1739 quod
1430 1655 1662 1737 vigiliis
1721 1653 2114 1718 debellandis
2171 1673 2288 1737 par
2338 1652 2441 1730 sit,
2489 1649 2876 1714 exhibeatur
2889 1679 2914 1730 3

699 1765 895 1841 atque
936 1759 1133 1822 etiam
1170 1757 1642 1822 medicamenta
1678 1758 1990 1838 hyster-ica
2025 1755 2280 1839 proprie
2317 1754 2491 1818 dicta
2523 1754 2624 1818 bis
2659 1754 2766 1818 vel
2805 1763 2916 1817 ter

697 1860 769 1923 in
799 1861 903 1924 die
932 1861 1377 1944 injungantm,
1410 1858 1626 1943 qualia
1653 1867 1806 1922 sunt
1835 1857 2070 1941 pilulae
2105 1877 2184 1921 ex
2213 1855 2508 1939 galbane,
2537 1875 2683 1917 assa
2709 1854 2908 1918 foeti-

698 1961 799 2039 da,
830 1969 1138 2040 castore0,
1168 1975 1233 2026 et
1264 1961 1599 2038 similibus,
1631 1969 1696 2024 et
1727 1959 1974 2043 julapia
2001 1958 2288 2042 ejusdem
2322 1956 2557 2021 indolis
2585 1955 2658 2020 in
2685 1956 2906 2039 capite

696 2064 797 2127 De
824 2065 1168 2148 Affectione
1204 2065 1539 2146 Hysia-ica
1589 2064 1884 2148 [Dis-vert.
1915 2062 2121 2143 Epist.
2157 2062 2193 2145 ξ
2227 2062 2354 2124 103
2392 2061 2515 2144 sq.]
2556 2060 2906 2143 descripta.

697 2165 975 2248 Insuper
998 2165 1081 2228 ad
1096 2166 1260 2229 vires
1282 2163 1752 2241 instaurandas,
1772 2170 1838 2227 et
1859 2183 2118 2244 vapores
2145 2163 2327 2247 (quos
2350 2161 2621 2244 dicunt,)
2645 2164 2910 2246 suppri-

693 2268 984 2346 mendos,
1004 2268 1391 2332 concedatur
1420 2286 1648 2349 aegrae
1675 2264 1913 2330 talibus
1935 2264 2245 2343 victitare,
2270 2273 2408 2328 tam
2437 2262 2648 2346 quoad
2677 2263 2910 2328 cibum

696 2391 890 2453 quam
918 2381 1167 2454 potum,
1200 2371 1416 2456 qualia
1442 2369 1758 2454 appetitui
1785 2367 2064 2432 maxime
2093 2367 2506 2432 conveniunt.

388 2494 597 2543 eorticis
795 2473 907 2557 [23
916 2473 960 2558 .]
1016 2475 1059 2539 J
1062 2496 1167 2539 am
1189 2474 1467 2539 diximus
1500 2474 1567 2559 [ξ
1601 2473 1694 2557 5.]
1735 2471 1994 2537 Febrim
2014 2471 2204 2550 hanc,
2226 2477 2372 2535 tum
2393 2490 2565 2535 anno
2585 2466 2908 2533 ultimum

388 2558 665 2670 ξξζᾛζῗ
696 2576 929 2661 elaps0‚
954 2586 1097 2642 tum
1126 2579 1403 2643 maxime
1432 2577 1554 2641 hoc
1583 2577 1722 2660 ipso
1751 2576 1862 2658 qui
1889 2596 2068 2639 nunc
2096 2574 2316 2652 currit,
2341 2571 2906 2637 exacerbationem

386 2687 569 2761 ratione
578 2686 671 2734 hu·
697 2680 1019 2761 quandam
1073 2680 1193 2745 sub
1244 2687 1503 2744 noctem
1548 2677 1836 2762 quotidie
1885 2676 2222 2755 adducere,
2265 2694 2643 2759 paroxysmo
2695 2674 2906 2739 febris

380 2752 657 2863 ffgvffibss‘*
694 2780 1185 2847 intermittentis
1224 2802 1359 2847 non
1404 2779 1784 2845 absimilem.
1876 2777 2314 2845 Quamobrem
2357 2775 2602 2839 Medici
2642 2775 2742 2839 ini
2783 2776 2903 2859 qu'i

386 2880 544 2991 gihun
560 2881 669 2993 <1¹31-
694 2904 819 2946 usu
858 2883 1232 2961 didicerant,
1270 2903 1494 2947 omnes
1532 2881 1675 2945 illas
1716 2880 1926 2945 febres
1967 2902 2130 2964 quae
2169 2880 2267 2943 vel
2303 2880 2534 2943 mimm’
2447 2880 2460 2891 '
2533 2899 2648 2941 um
2692 2878 2900 2941 inter-

383 2960 605 3058 desangro
644 2975 665 2985 “
692 2985 1039 3051 mittebant
1104 2988 1314 3069 (saepe
1371 2983 1568 3048 etiam
1629 3004 1792 3067 quae
1849 3004 1934 3045 ne
2001 2982 2520 3047 intermittebant
2579 2980 2896 3064 quidem,)

688 3108 805 3169 per
852 3088 1031 3151 illam
1084 3108 1403 3151 annorum
1454 3085 1686 3149 seriem
1725 3083 1805 3148 ab
1858 3105 2031 3148 anno
2079 3085 2250 3149 1677
2293 3083 2376 3148 ad
2424 3083 2688 3146 initium
2731 3082 2900 3145 anni

690 3191 856 3253 1685
906 3210 947 3253 a
988 3190 1223 3253 cortice
1268 3188 1630 3253 Peruviano
1673 3186 2022 3251 certissime
2065 3186 2296 3269 fugari,
2336 3186 2561 3250 eodem
2603 3184 2898 3249 remedio

686 3291 855 3354 hanc
884 3292 1080 3355 etiam
1110 3293 1369 3356 Febrim
1401 3292 1875 3357 adoriebantur.
1938 3290 2132 3358 Quod
2163 3290 2440 3373 quidem,
2471 3290 2622 3353 licet
2641 3289 2898 3373 judicio

688 3393 983 3457 Rationis
1014 3396 1409 3478 suffragante
1438 3403 1789 3474 tentarent,
1819 3416 1955 3459 non
1981 3402 2206 3459 tamen
2234 3415 2436 3477 aeque
2463 3394 2737 3457 feliciter
2761 3394 2897 3457 illis

687 3493 895 3569 cessit,
934 3501 1127 3578 atque
1170 3496 1492 3580 prioribus
1530 3497 1673 3561 istis
1715 3496 1912 3577 annis·
1941 3496 2320 3579 plerumque
2359 3502 2671 3559 cesserat:
2727 3496 2896 3558 mihi

686 3596 862 3660 enim
903 3604 1221 3680 quantum
1263 3599 1445 3682 potui
1485 3600 1826 3682 diligenter
1863 3598 2261 3681 perquirenti
2301 3604 2702 3680 compertum
2739 3597 2894 3676 fuit,

686 3700 881 3763 etiam
945 3722 1251 3784 magnam
1316 3702 1565 3766 corticis
1634 3702 2064 3784 quantitatem
2141 3700 2492 3764 exhibitam
2565 3699 2894 3765 rarissime

688 3804 953 3886 aegrum
1004 3826 1044 3867 a
1092 3803 1318 3868 morbo
1376 3804 1715 3883 liberasse3
1779 3803 1974 3886 idque
2023 3804 2120 3867 ita
2168 3824 2446 3887 perram,
2491 3809 2589 3881 ut,
2636 3804 2896 3886 quoties

686 3906 1135 3971 restitueretur
1162 3926 1355 3989 aeger
1390 3905 1698 3989 pristinae
1738 3906 2020 3984 sanitati,
2053 3926 2172 3988 ego
2211 3905 2280 3969 id
2307 3905 2515 3987 magis
2553 3906 2895 3970 fortunato

687 4010 878 4071 alicui
908 4008 1114 4073 morbi
1143 4008 1419 4087 eventui,
1453 4029 1647 4091 quam
1688 4008 1939 4085 corticis
1968 4008 2229 4086 viribus,
2260 4007 2682 4071 tribuendum
2719 4008 2894 4072 arbi-

686 4117 927 4189 trarer3
972 4112 1066 4175 ita
1092 4112 1351 4194 penitus
1392 4117 1612 4174 cortex
1640 4108 1904 4173 descivit
1935 4111 2016 4173 ab
2056 4110 2170 4173 illa
2205 4110 2476 4173 sanandi
2505 4109 2567 4173 vi
2597 4116 2664 4173 et
2695 4106 2896 4175 certiss

686 4214 915 4275 tudine
974 4235 1100 4296 qua
1149 4214 1492 4297 praedictis
1548 4212 1674 4275 illis
1733 4213 1920 4276 annis
1979 4213 2279 4297 pollebat.
2368 4212 2630 4276 Febrim
2689 4213 2898 4278 istam

686 4314 975 4397 intelligo
1016 4337 1291 4398 quacum
1322 4316 1507 4381 nobis
1546 4314 2147 4398 impraesentiarum
2186 4336 2288 4379 res
2325 4323 2441 4393 est,
2475 4336 2640 4398 quae
2670 4317 2896 4400 quoti-

1460 4444 1481 4473 *
1515 4444 1666 4492 Deest
1687 4446 1711 4503 ᾗ
1739 4444 1798 4490 22
1821 4445 1872 4492 in
1895 4442 1968 4490 ed.
1994 4445 2088 4493 ’86.
