3138 5006
725 290 1482 365 OBSERVATIONES
1529 298 2447 365 MEDICAE.11

223 460 549 545 cujusque
581 461 820 544 speciei
857 463 1062 544 signa,
1095 468 1160 526 et
1193 462 1591 525 characteres
1620 460 1853 544 quibus
1893 460 2281 525 abinvicem
2322 460 2449 525 dis·
2520 478 2699 527 Pam

221 563 694 641 criminantur,
725 564 1202 647 contempserit.
1291 564 1538 627 Eodem
1567 564 1759 648 plane
1789 562 1979 627 modo
2008 584 2129 627 nec
2166 564 2321 627 satis
2350 573 2449 628 est
2478 542 2575 591 ¹⁸³⁰·
2594 544 2755 593 '¹⁸²²'

222 666 534 748 scriptori
565 687 946 729 communes
977 666 1290 730 duntaxat
1319 666 1528 730 morbi
1557 666 1829 749 alicujus
1858 663 2227 737 πολυειδοῦς
2256 688 2447 751 appa-

219 768 480 831 rentias
517 776 890 833 annotasse.
981 769 1140 832 Esto
1179 789 1334 831 sane
1381 790 1516 832 non
1549 768 1851 831 omnibus
1886 767 2127 832 morbis
2175 769 2449 833 eandem

219 870 624 952 contingere
668 870 1086 948 varietatem,
1129 877 1352 934 tamen
1395 870 1755 953 complures
1799 890 1957 948 esse,
1994 870 2124 953 qui,
2166 871 2319 935 licet
2366 872 2451 935 ab

221 971 627 1035 authoribus
657 971 778 1035 sub
809 971 1034 1035 eodem
1061 972 1256 1036 titulo
1284 970 1448 1035 citra
1473 971 1676 1035 ullam
1706 970 1937 1055 speciei
1966 970 2449 1037 distinctionem

219 1078 631 1152 tractentur,
675 1073 1099 1138 dissimillima
1149 1074 1282 1138 sint
1316 1073 1552 1153 indole,
1606 1074 1679 1137 in
1722 1073 2139 1157 sequentibus
2180 1076 2451 1159 pagellis

224 1176 358 1256 (ut-i
403 1176 646 1259 sper0,)
685 1176 900 1260 palam
937 1177 1070 1240 fiet.
1170 1176 1292 1260 [8.]
1349 1176 1494 1239 Imo
1547 1176 1745 1241 etiam
1796 1175 1913 1239 ubi
1953 1176 2326 1242 distributio
2374 1179 2449 1242 in

217 1278 482 1359 species
529 1277 868 1359 reperitur,
909 1277 978 1340 id
1013 1278 1087 1341 fit
1129 1278 1506 1361 plerumque
1540 1282 1619 1340 ut
1660 1276 2001 1360 hypothesi
2044 1278 2235 1343 alicui
2284 1300 2449 1363 quae

217 1378 402 1440 veris
453 1377 922 1461 phoenomenis
981 1379 1396 1457 substruitur,
1446 1399 1601 1441 suus
1658 1384 2019 1443 reservetur
2062 1378 2307 1459 honos3
2373 1402 2449 1444 ac

219 1479 516 1561 proinde
561 1480 876 1563 ejusmodi
920 1480 1382 1545 discriminatio
1414 1502 1550 1545 non
1580 1486 1718 1545 tam
1758 1481 1843 1544 ad
1876 1481 2107 1560 morbi,
2138 1504 2335 1564 quam
2365 1482 2448 1546 ad

221 1582 536 1645 authoris
565 1581 922 1664 ingenium,
945 1582 1562 1667 philosophandique
1594 1582 1930 1661 theoriam,
1967 1583 2451 1647 accommodata

225 1692 360 1749 est.
457 1684 798 1751 Quantum
845 1686 1212 1751 Medicinae
1255 1687 1533 1753 obfuerit
1576 1684 1908 1772 ἀκριβείας
1964 1687 2087 1750 hac
2136 1688 2209 1750 in
2264 1694 2449 1771 parte

231 1787 558 1866 defectus,
601 1789 956 1853 ostendunt
993 1790 1347 1853 multorum
1389 1789 1765 1853 morborum
1800 1789 2127 1872 exempla,
2174 1810 2449 1873 quorum

227 1910 481 1974 nempe
507 1891 876 1955 curationes
891 1891 1081 1955 hodie
1111 1913 1244 1956 non
1275 1891 1801 1969 desideraremus,
1824 1891 1877 1953 si
1908 1890 2267 1974 scriptores,
2290 1891 2448 1957 dum

233 1992 688 2075 experimenta
714 2000 782 2057 et
809 1993 1282 2058 observationes
1311 1994 1593 2057 medicas
1630 1993 1941 2058 benevolo
1974 1993 2203 2057 saltem
2232 1993 2449 2059 animo

233 2094 704 2159 communicari
712 2102 806 2173 nt,
837 2096 1032 2160 unius
1061 2097 1301 2160 scilicet
1333 2096 1564 2179 speciei
1594 2096 1877 2174 morbus,
1910 2116 2027 2179 pro
2060 2096 2185 2159 alio
2216 2097 2447 2179 speciei

235 2183 530 2261 diversae
602 2196 1014 2277 substitutus,
1074 2219 1208 2263 non
1280 2198 1629 2263 fefellisset.
1748 2199 1965 2281 Atque
2038 2198 2191 2262 hinc
2249 2199 2448 2263 etiam

236 2297 524 2363 arbitror
553 2299 912 2382 profectum
957 2322 1112 2380 esse,
1145 2302 1318 2385 quod
1345 2302 1619 2365 materia
1650 2300 1899 2365 medica
1927 2302 1998 2364 in
2038 2302 2281 2385 sylvam
2310 2308 2446 2366 tam

237 2399 654 2479 immensam,
685 2402 798 2465 sed
826 2402 1044 2467 fructu
1071 2404 1439 2487 perexiguO,
1471 2404 1837 2469 excreverit.

341 2503 466 2586 [9.]
523 2503 724 2569 Porro
746 2512 965 2569 autem
993 2507 1064 2569 in
1089 2506 1426 2571 scribenda
1447 2507 1819 2570 morborum
1846 2507 2154 2587 Historia,
2180 2529 2445 2594 sepona-

241 2612 356 2668 tur
369 2606 689 2690 tantisper
710 2614 962 2690 oportet
979 2629 1396 2691 quaecunque
1414 2609 1788 2692 hypothesis
1805 2609 2260 2694 philosophica,
2281 2633 2447 2695 quae

245 2707 574 2790 scriptoris
612 2709 932 2792 judicium
975 2711 1569 2794 praeoccupaverit;
1615 2733 1743 2795 quo
1787 2712 1957 2776 facto
1998 2719 2144 2776 tum
2182 2714 2445 2778 demum

243 2809 622 2874 morborum
638 2809 1084 2893 phaenomena
1100 2812 1272 2876 clara
1289 2833 1362 2876 ac
1378 2814 1719 2892 naturalia,
1741 2815 2153 2896 quantumvis
2170 2814 2444 2893 minuta,

241 2931 360 2992 per
389 2931 458 2973 se
487 2911 964 2976 accuratissime
993 2913 1422 2992 adnotentur3
1469 2915 1853 2998 exquisitam
1877 2915 2195 2997 pictorum
2224 2915 2445 2978 indus-

243 3010 442 3073 triam
499 3010 837 3091 imitandO,
879 3013 988 3096 qui
1045 3015 1146 3078 vel
1204 3035 1438 3078 naevos
1497 3022 1563 3078 et
1623 3015 1974 3078 levissimas
2032 3015 2317 3078 maculas
2373 3016 2445 3078 in

241 3113 529 3196 imagine
559 3115 948 3197 exprimunt.
1023 3117 1368 3182 Enimvero
1399 3117 1528 3180 dici
1555 3118 1660 3181 vix
1688 3123 1902 3200 potest
1931 3123 2092 3202 quot
2124 3117 2445 3181 erroribus

243 3235 474 3277 ansam
500 3215 917 3297 praebuerint
943 3217 1328 3302 hypotheses
1358 3219 1520 3282 istae
1548 3218 2041 3303 physiologicas,
2062 3218 2219 3282 dum
2250 3218 2441 3303 scrip-

241 3325 437 3391 tores,
471 3338 746 3399 quorum
776 3319 1024 3383 animos
1058 3319 1220 3384 falso
1249 3319 1458 3384 colore
1501 3321 1649 3384 illae
1679 3319 2051 3398 imbuerint,
2082 3320 2445 3386 istiusmodi

242 3417 696 3499 phaenomena
728 3419 968 3484 morbis
1008 3423 1292 3503 affigant,
1326 3422 1558 3505 qualia,
1590 3422 1717 3486 nisi
1744 3422 1817 3485 in
1854 3423 2139 3506 ipsorum
2168 3423 2441 3502 cerebro,

239 3519 460 3582 locum
499 3540 840 3604 nunquam
875 3521 1260 3601 habuerunt,
1301 3523 1625 3588 debebant
1664 3531 1883 3588 autem
1918 3525 1989 3588 in
2029 3533 2445 3608 conspectum

239 3621 484 3699 venire,
503 3622 560 3684 si
597 3623 988 3707 hypothesis,
1021 3646 1216 3708 quam
1256 3626 1380 3708 ipsi
1419 3647 1536 3709 pro
1565 3647 1867 3691 concessa
1894 3648 1969 3691 ac
2008 3633 2151 3691 rata
2177 3627 2441 3707 habent,

239 3731 570 3789 constaret
599 3727 853 3790 veritas.
943 3728 1132 3792 Adde
1171 3729 1343 3811 quod
1391 3729 1706 3812 siquando
1750 3738 2113 3811 symptoma
2163 3731 2441 3814 aliquod,

241 3827 414 3908 quod
464 3849 616 3891 cnm
660 3828 834 3892 dicta
870 3828 1210 3913 hypothesi
1253 3832 1540 3914 apposite
1600 3832 1889 3914 quadret,
1947 3853 2169 3898 revera
2214 3834 2443 3898 morbo

239 3935 567 4012 competat
624 3931 814 4014 cnjus
869 3938 1100 4015 typum
1159 3933 1542 3997 delineaturi
1602 3940 1775 4012 sunt,
1827 3941 1973 3998 tum
2027 3935 2191 4000 illud
2248 3958 2443 4020 supra

241 4032 509 4096 modum
531 4033 835 4111 evehunt,
855 4054 930 4097 ac
957 4035 1146 4117 plane
1173 4035 1458 4099 reddunt
1488 4035 1558 4100 ἐκ
1592 4034 1874 4120 [μυίας]ῑ)
1896 4035 2233 4123 ἐλέφαντα,
2258 4041 2439 4122 quasi

241 4133 312 4195 in
341 4133 464 4198 hoc
503 4134 748 4199 scilicet
782 4135 982 4199 totius
1019 4137 1264 4219 negotii
1307 4138 1498 4201 cardo
1532 4146 1923 4216 verteretur3
1971 4139 2071 4204 sin
2100 4141 2441 4223 hypothesi

239 4235 456 4301 minus
500 4243 838 4320 congruat,
885 4245 999 4302 aut
1042 4259 1300 4321 prorsus
1345 4239 1619 4318 silentin,
1668 4250 1781 4305 aut
1824 4241 1947 4304 levi
1992 4242 2219 4305 saltem
2278 4243 2441 4325 pede

243 4340 681 4404 transmittere
743 4347 1230 4420 consueverunt,
1291 4341 1416 4404 nisi
1472 4341 1639 4407 forte
1696 4343 2006 4408 beneficio
2066 4342 2442 4410 subtilitatis

263 4487 286 4518 ⁸
320 4489 506 4555 [μυίας]
532 4491 652 4550 μυὸς
675 4489 804 4540 male
829 4492 942 4557 Syd.
965 4512 976 4542 ε
1016 4511 1058 4544 v.
1085 4495 1278 4544 Erasmi
1305 4497 1456 4558 Adag.
1483 4496 1516 4544 i.
1542 4497 1587 4545 9.
1609 4497 1711 4554 69.;
1756 4497 1995 4554 Gaisford,
2024 4499 2227 4546 Paroem.
2254 4501 2417 4548 Graec.
