3138 5006
551 261 1340 327 OBSERVATIONUM
1386 224 1984 324 MEDICARUM'
2013 265 2126 319 111.
2164 268 2214 317 2.

292 423 621 506 arripiant,
681 434 875 507 atque
932 445 1145 488 coram
1201 421 1439 505 iniquis
1489 419 1814 503 judicibus
1872 440 2128 482 causam
2186 417 2489 494 dicente-⁶3,
2519 433 2799 482 Vnuomm

290 529 755 592 severissimam
784 528 1170 592 sententiam
1198 526 1382 589 facile
1412 525 1704 602 eliciant3
1750 546 1825 587 eo
1855 523 2094 587 scilicet
2122 523 2384 587 consilio
2413 528 2489 585 ut
2516 497 2798 609 ξξζξζζξ,

286 632 415 714 ipsi
442 632 639 715 pluris
670 633 1106 711 aestimentur,
1138 637 1202 696 et
1234 652 1423 714 super
1452 630 1721 693 aliorum
1749 627 1953 691 ruinis
1981 628 2151 692 viam
2181 627 2302 691 sibi
2331 632 2488 689 ster-
2529 626 2761 680 .’67-’69·

2368 260 2490 320 135

286 742 453 798 nant
483 735 564 798 ad
591 736 864 799 famam:
909 735 979 798 id
1018 734 1188 818 quod
1216 734 1365 797 viris
1403 732 1672 796 literatis
1710 731 2052 813 indignum
2079 751 2337 813 prorsus
2367 736 2485 807 est,

286 837 421 901 imo
451 845 515 902 et
544 837 872 902 vilioribus
912 838 1279 915 artificibu8‚
1308 836 1499 900 modo
1526 834 1914 919 probitatem
1949 833 2162 898 colant
2170 842 2216 897 Ρ.

2309 833 2485 896 Hinc

285 965 476 1027 porro
516 965 774 1009 cernere
809 950 925 1023 est,
957 944 1167 1026 quodq
1209 942 1425 1005 minus
1460 940 1699 1003 mirum
1734 938 1834 1017 sit,
1867 938 1922 1000 si
1962 936 2341 1015 nutricibus,
2371 957 2488 1018 per

286 1067 357 1110 se
414 1047 690 1110 nimium
745 1047 1121 1130 plerumque
1178 1043 1470 1108 officiosis
1522 1048 1588 1105 et
1647 1040 2104 1123 satagentibus,
2157 1060 2258 1103 res
2314 1040 2484 1103 male

284 1168 745 1229 saepenumero
766 1147 1081 1211 succedat.
1163 1135 1418 1228 Nempe
1445 1165 1547 1207 res
1578 1142 1775 1206 ardua
1804 1149 1920 1219 est,
1939 1148 2004 1205 et
2036 1162 2197 1224 quae
2224 1142 2482 1204 mulier-

283 1248 575 1312 cularum
618 1250 954 1333 ingenium
1000 1256 1193 1333 atque
1235 1246 1551 1332 judicium
1603 1252 1879 1328 superat,
1929 1244 2200 1327 gradum
2257 1244 2481 1309 caloris

281 1350 413 1414 huc
440 1352 731 1434 requisiti
770 1353 1052 1431 definire,
1082 1350 1453 1435 praesertim
1482 1370 1631 1412 cum
1675 1348 1829 1411 anni
1866 1354 2230 1430 tempestas,
2261 1369 2479 1430 aegro-

281 1473 431 1515 rum
476 1460 668 1531 aetas,
700 1460 765 1517 et
808 1453 975 1517 vitae
1018 1452 1201 1530 ratic,
1232 1451 1479 1533 aliaque
1521 1450 1650 1513 huc
1694 1448 2048 1532 spectantia
2091 1448 2282 1511 simul
2323 1472 2479 1532 pen-

282 1554 487 1616 sanda
530 1555 808 1633 veniant,
852 1554 921 1617 id
963 1553 1135 1636 quod
1184 1553 1568 1635 prudentem
1617 1550 1901 1634 profecto
1951 1558 2144 1634 atque
2189 1573 2480 1634 sagacem

282 1654 607 1717 medicum
636 1653 899 1718 omnino
928 1653 1259 1736 postulat'.

384 1754 548 1837 [41.]
609 1755 710 1817 Sis
752 1754 1091 1836 contigerit
1133 1760 1209 1817 ut
1252 1755 1353 1817 vel
1394 1753 1832 1836 phlebotomia
1871 1756 2086 1819 minus
2121 1764 2479 1840 opportune
2509 1768 2764 1821 cardiaco-

2504 1850 2614 1882 l'um
2637 1851 2758 1884 usne

284 1854 621 1934 celebrata,
638 1856 739 1918 vel
768 1855 1043 1918 admisso
1063 1855 1317 1937 frigore,
1340 1856 1638 1937 pustulae
1659 1856 1998 1920 reciderint
2008 1858 2048 1936 t,
2069 1859 2169 1921 vel
2190 1860 2382 1924 facies
2407 1882 2479 1925 ac

284 1979 515 2020 manus
544 1958 980 2021 detumuerint
998 1976 1046 2037 ¹¹,
1077 1958 1377 2022 cardiacis
1406 1958 1722 2021 utendum
1757 1965 1872 2022 est.

280 2065 505 2122 tamen
532 2080 617 2122 ne
644 2058 714 2121 in
742 2059 843 2121 his
872 2058 1246 2122 exhibendis
1276 2059 1460 2123 nimii
1490 2060 1708 2124 simus.
1802 2061 2107 2126 Quamvis
2131 2065 2304 2128 enim
2334 2087 2476 2129 san-

282 2164 551 2247 guinem
580 2164 907 2242 ademeris,
938 2164 1077 2227 fieri
1103 2171 1325 2227 tamen
1362 2169 1576 2247 potest
1603 2170 1678 2226 ut
1708 2164 1939 2228 virium
1967 2166 2118 2231 inde
2155 2170 2476 2252 jacturam
2500 2176 2746 2292 ffiqffitgs

280 2275 600 2344 metuens,
632 2266 915 2348 adeoque
944 2264 1245 2329 cardiacis
1274 2271 1386 2327 aut
1407 2263 1776 2329 fortioribus
1805 2274 1918 2330 aut
1949 2278 2168 2351 saepev
2187 2271 2475 2354 repetitis

280 2374 494 2447 utens,
525 2389 757 2431 novam
794 2366 1234 2431 ebullitionem
1276 2386 1355 2429 ex
1388 2366 1729 2449 improviso
1774 2369 2056 2433 suscites.

282 2472 545 2555 sanguis
596 2471 806 2536 adhuc
854 2470 1135 2534 tenerior
1184 2476 1300 2547 est,
1347 2476 1411 2532 et
1462 2468 1592 2532 vim
1643 2469 1956 2534 calidioris
2007 2472 2250 2536 stimuli
2292 2473 2476 2539 facile
2501 2516 2756 2563 aegrorum

280 2575 502 2653 sentit,
532 2575 705 2638 unde
734 2576 808 2637 fit
851 2581 925 2636 ut
955 2593 1142 2654 saepe
1184 2569 1493 2652 repetitae
1522 2569 1926 2634 ebullitiones
1954 2572 2025 2635 in
2059 2574 2285 2638 eodem
2313 2577 2477 2640 exci—
2503 2579 2633 2641 ¹¹¹91.⁸
2657 2567 2782 2629 poti-

280 2681 525 2754 tentur,
551 2674 781 2759 quibus
810 2695 1147 2756 aegrorum
1172 2694 1344 2736 mors
1376 2672 1602 2755 majori
1623 2673 1768 2756 jure
1789 2674 2132 2740 tribuenda
2160 2685 2256 2741 est
2287 2701 2479 2762 quam
2501 2643 2757 2742 igb'iiiaeffda

2502 2764 2590 2814 est,
2616 2774 2762 2819 quam

283 2800 689 2862 praegressae
705 2777 1218 2842 venae-sectioni.
1272 2777 1537 2858 AtqueW
1558 2776 1714 2840 haec
1738 2779 2093 2861 generatim
2116 2780 2195 2844 de
2215 2781 2294 2845 iis
2317 2804 2479 2865 quae

282 2880 601 2965 primariis
628 2879 1096 2943 intentionibus
1126 2879 1485 2942 satisfacere
1512 2879 1779 2960 possint,
1813 2881 1983 2945 dicta
2011 2890 2222 2947 sunt0.

376 2982 549 3071 [42]
596 2994 623 3021 ¹
635 2985 677 3047 J
680 3006 785 3047 am
805 2990 882 3047 ut
898 2984 1140 3047 calcata
1160 2983 1427 3066 vestigia
1447 2991 1755 3066 repetam,
1777 3007 1850 3048 ac
1868 2987 1950 3049 ad
1971 2988 2200 3069 praxin
2218 2991 2478 3073 propius
2507 3003 2765 3054 Coun-10.

280 3086 653 3150 accedamv:
724 3087 1197 3169 quamprimum
1240 3085 1583 3149 manifesta
1631 3087 1827 3171 hujus
1870 3088 2078 3152 morbi
2121 3090 2361 3155 indicia
2411 3115 2478 3157 se

348 3239 371 3270 Ρ
404 3231 594 3294 colant]
612 3231 721 3281 add.
748 3231 853 3278 edd.
877 3231 978 3288 ’66,
1008 3231 1086 3278 ’68
1111 3245 1235 3292 quae
1258 3245 1333 3277 se-

280 3298 662 3360 quuntur:—Et
692 3312 799 3343 sane
834 3312 967 3357 saepe
998 3298 1209 3343 misertus
1240 3312 1337 3342 sum

272 3364 745 3422 praeclarissimorum
778 3362 1058 3421 quorundam
1096 3363 1339 3421 magnique

276 3429 477 3472 nominis
497 3426 797 3481 Medicorum,
820 3427 899 3485 qui
930 3427 1045 3470 hanc
1068 3431 1231 3471 sortem
1252 3441 1339 3470 non

278 3492 421 3536 semel
439 3493 614 3550 experti
635 3497 756 3543 sunt,
777 3503 963 3550 quorum
973 3485 1109 3548 sama
1126 3505 1212 3534 non
1236 3496 1337 3535 tan-

280 3561 377 3600 tum
392 3571 421 3600 a
436 3555 701 3614 proletariis
716 3555 979 3608 hominibus,
996 3560 1041 3600 et
1053 3554 1131 3600 vul
1164 3551 1341 3614 isaece,

276 3621 364 3665 sed
394 3625 441 3665 et
472 3619 531 3665 ab
562 3621 668 3665 aliis
698 3619 895 3664 Medicis
926 3633 1086 3664 arrosa
1142 3620 1227 3673 uit,
1260 3619 1338 3677 qui

262 3679 478 3743 sor-sitan
510 3685 649 3728 multo
681 3681 847 3743 majori
866 3681 981 3742 jure
1016 3678 1261 3743 (siquidem
1290 3684 1340 3727 in

273 3749 421 3794 simili
443 3750 623 3808 negotio
654 3749 823 3793 versati
842 3744 1091 3807 suissent,)
1116 3745 1339 3806 ejusmodi

276 3813 524 3872 cmv-obriti
533 3808 737 3886 fuissent
754 3812 1009 3871 promeriti.
1074 3811 1167 3857 Sed
1196 3817 1249 3856 ut
1276 3811 1340 3856 ad

273 3891 375 3970 retal
397 3873 743 4000 &ineffiguffi
769 3873 1205 3999 §Qiiueliialrizupiztet
1228 3939 1331 3985 Me-

274 4006 483 4050 dicorum
504 4005 735 4065 negotium
764 4006 813 4049 in
848 4013 1042 4064 angusto
1069 4005 1261 4059 versari,
1282 4011 1335 4049 ut

274 4068 385 4115 edd.
409 4068 505 4124 ’66,
532 4069 629 4124 ’68,
652 4073 761 4130 post
781 4083 990 4114 accomm.
1012 4074 1095 4113 est.

342 4139 363 4160 ⁸
388 4131 623 4194 postulat]
673 4131 782 4180 add.
826 4131 931 4178 edd.
968 4131 1067 4188 ’66,
1100 4131 1163 4178 68
1210 4144 1333 4191 quae

272 4197 777 4260 sequuntur:—Quod
790 4199 832 4242 si
852 4203 1003 4243 autem
1025 4198 1071 4242 in
1088 4198 1169 4242 hoc
1191 4197 1333 4240 morbi

270 4270 473 4322 tempore
494 4263 566 4308 vel
578 4257 800 4320 faciendo
821 4263 1076 4321 quicquam,
1096 4260 1168 4306 vel
1200 4261 1331 4305 omit-

270 4329 427 4380 tendo,
448 4329 638 4388 sanguis
658 4327 722 4372 ad
741 4327 1043 4372 ebullitionem
1063 4327 1205 4371 deuito
1227 4339 1331 4370 con-

268 4395 447 4438 citatus
461 4388 633 4451 suerit,
656 4405 763 4450 opus
784 4396 853 4436 est
873 4396 925 4434 ut
944 4386 1106 4447 servor
1128 4389 1204 4434 ille
1226 4403 1330 4434 con-

268 4457 483 4516 sopiatur
512 4457 671 4502 iisdem
705 4456 899 4510 artibus,
922 4469 1033 4514 quas
1055 4451 1161 4513 jam
1198 4459 1334 4499 antea

1426 3228 1477 3291 [ξ
1506 3229 1612 3292 33.]
1649 3234 1846 3280 diximus
1879 3236 1924 3280 in
1949 3241 2144 3296 tempore
2177 3242 2479 3298 separationis

1423 3297 1704 3343 adhibendas
1723 3313 1834 3344 esse.

1490 3364 1508 3387 ⁸
1542 3358 1620 3420 Si]
1646 3362 1692 3406 E
1713 3365 1940 3409 contrario
1959 3366 2001 3409 si
2024 3363 2129 3410 edd.
2156 3365 2252 3421 ’66,
2277 3367 2374 3414 ’68.

1490 3429 1506 3459 ⁰·
1540 3423 1810 3486 reciderint]
1835 3429 1976 3474 resed.
2001 3427 2107 3475 edd.
2129 3429 2227 3486 ’66,
2250 3430 2345 3477 ’68.

1491 3488 1513 3511 “
1548 3485 2040 3553 velfacies—detum.]
2067 3500 2113 3540 et
2133 3497 2328 3542 materia
2349 3512 2473 3544 rece-

1426 3553 1558 3598 dente
1571 3553 1726 3610 fluxus
1748 3557 1840 3600 alvi
1861 3560 2184 3616 supervenerit,
2211 3557 2336 3618 (nam
2359 3565 2473 3607 resi-

1426 3618 1638 3662 dentibus
1659 3619 1753 3663 iuis
1773 3621 1941 3680 absque
1973 3623 2066 3667 alvi
2073 3624 2227 3680 flua-u,
2247 3639 2334 3670 uon
2365 3627 2477 3672 adeo

1426 3696 1499 3727 res
1504 3682 1705 3741 periculi
1719 3685 1860 3742 plena
1881 3691 1966 3738 est,
1979 3699 2080 3730 cum
2097 3689 2168 3732 vel
2182 3690 2326 3734 noctis
2341 3691 2476 3734 unius

1425 3747 1575 3804 spatio
1595 3761 1728 3805 saepe
1751 3749 1896 3793 denuo
1917 3757 2156 3810 erumpunt
2181 3751 2403 3814 plenius,)
2429 3756 2476 3799 in

1425 3810 1505 3854 hoc
1522 3806 1771 3869 (inquam)
1796 3828 1904 3858 casu
1927 3811 2033 3858 edd.
2059 3814 2154 3870 ’66,
2181 3815 2276 3861 ’68.

1488 3879 1509 3900 '
1540 3871 1908 3936 saeperaepius
1930 3876 2034 3923 edd.
2060 3878 2158 3934 ’66,
2182 3879 2278 3926 ’68.

1487 3947 1518 3972 v
1552 3938 1926 4002 Atque—sunto]
1951 3955 2044 3986 om.
2065 3942 2168 3990 edd.
2190 3943 2286 4000 ’66,
2311 3944 2409 4000 ’68,
2427 3951 2476 3991 et

1420 4001 1527 4049 add.
1565 4002 1800 4063 quaedam
1839 4019 1964 4065 quae
1995 4007 2019 4065 §
2057 4007 2115 4052 51
2154 4008 2472 4068 respondent:

1419 4080 1462 4112 v.
1484 4064 1571 4113 inf.
1591 4081 1635 4127 p.
1665 4067 1771 4113 150.

1482 4135 1505 4158 ¹
1528 4128 1722 4176 Desunt
1755 4133 1806 4191 §5
1841 4134 2033 4180 42-58
2070 4133 2120 4180 in
2152 4133 2222 4180 ed.
2253 4135 2348 4192 ’66,
2388 4151 2474 4197 pro

1421 4193 1599 4269 quibus
1619 4200 1785 4242 extant
1807 4197 2046 4257 quaedam
2059 4212 2181 4258 quae
2194 4197 2278 4246 inf.
2297 4214 2343 4260 p.
2365 4201 2470 4247 150.

1418 4265 1740 4305 invenientur.

1484 4334 1507 4366 5
1540 4322 1778 4384 accedam]
1823 4340 1918 4371 rem
1957 4332 2096 4372 totam
2133 4330 2298 4388 paucis
2335 4343 2469 4390 espe-

1420 4389 1545 4435 diam
1566 4387 1678 4434 add.
1702 4387 1776 4434 ed.
1800 4389 1896 4434 ’68.

2505 1901 2698 1961 quando
2711 1902 2786 1949 in-

1968 1960 2096 2023 Sed
2125 1962 2479 2026 cavendum
2506 1964 2707 2013 dicatur.

2501 2307 2646 2355 nibus
2667 2309 2720 2357 in

2145 2372 2476 2436 ΝΜ
2500 2374 2734 2447 sanguine

2503 2439 2725 2485 excitatis

2503 2836 2783 2896 {mae-sec-

2504 2886 2637 2936 noni.
