3138 5006
713 287 801 347 50
1337 285 1725 353 THOMAE
1774 285 2286 350 SYDENHAM

451 463 647 511 Fama
716 453 833 525 est,
867 447 1176 531 quamdiu
1205 447 1376 510 salus
1406 469 1744 530 aegrorum
1777 469 1966 532 passa
1993 449 2225 526 fuerit3
2272 469 2421 513 cum
2452 456 2671 514 autem
2714 451 2915 513 finem

409 527 689 639 A⁰N⁰J¹Jfflgl
717 556 964 633 spectat
1004 555 1198 633 atque
1239 549 1755 629 declinationem,
1794 552 2145 615 secretione
2177 553 2317 635 jam
2356 552 2723 636 conspicua,
2754 561 2922 616 tunc

447 658 654 704 '61-’64-
717 654 978 738 quidem
1013 654 1422 718 calidioribus
1452 653 1936 718 medicamentis
1978 655 2159 718 illam
2188 676 2229 717 a
2264 661 2448 736 tergo
2476 655 2917 738 insequemur,

718 758 801 821 ad
828 779 967 821 rem
997 778 1074 821 eo
1098 757 1364 821 celerius
1395 777 1468 820 ac
1498 757 1736 820 certius
1764 757 2237 839 perficiendam.
2308 759 2524 840 Atque
2554 757 2677 820 hoc
2706 758 2923 840 reipsa

717 867 835 938 est,
870 859 1140 923 Febrilis
1170 860 1474 924 materiae
1503 861 1985 924 concoctionem
2014 881 2423 942 promovere3
2468 880 2617 922 cum
2648 881 2919 922 evacua-

716 965 928 1027 tiones
971 971 1038 1027 et
1085 963 1532 1045 refrigerantia
1576 983 1787 1026 moras
1830 969 2116 1040 nectant,
2162 970 2228 1026 et
2268 963 2667 1025 curationem
2714 963 2919 1044 impe-

719 1066 921 1144 diant,
957 1067 1288 1149 ipsamque
1337 1066 1683 1130 sanitatem
1723 1065 1861 1148 jam
1910 1066 2531 1148 appropinquantem
2578 1065 2860 1148 abigunt
2871 1073 2919 1141 Ρ,

718 1169 820 1232 uti
847 1169 1098 1251 saepius
1129 1191 1168 1231 a
1196 1191 1302 1232 me
1329 1169 1456 1232 fuit
1485 1168 1913 1232 observatum.

413 1277 690 1353 Despuma-
809 1270 880 1333 Si
920 1265 1332 1334 fermentatio
1377 1271 1532 1334 satis
1575 1271 2039 1354 progrediatur,
2080 1269 2479 1352 despumatio
2524 1269 2695 1332 circa
2745 1269 2923 1332 diem

411 1348 694 1454 ἓζέἳῗω
721 1371 1040 1436 decimum
1087 1380 1387 1456 quartum
1425 1380 1805 1456 peragetur3
1858 1395 2081 1436 verum
2128 1372 2179 1434 si
2228 1371 2676 1454 refrigerantia
2722 1393 2923 1453 quae-

411 1471 671 1560 peragitur.
720 1474 879 1539 libet
931 1475 1132 1538 serius
1180 1474 1566 1552 adhibueris,
1618 1483 1809 1557 atque
1855 1475 1951 1538 ita
2002 1494 2223 1537 eorum
2276 1495 2393 1556 ope
2440 1474 2927 1537 effervescentia

413 1549 696 1676 22:¹3}st
719 1577 1207 1655 sufflaminetur,
1247 1577 1482 1640 mirum
1521 1599 1659 1640 non
1696 1583 1813 1655 est,
1856 1577 1910 1639 si
1951 1576 2171 1639 Febris
2212 1576 2295 1638 ad
2335 1574 2505 1639 diem
2544 1575 2923 1638 vicesimum

413 1677 542 1725 diem
559 1679 696 1724 ΗΜ
719 1680 1019 1762 primum,
1066 1681 1224 1762 quin
1263 1687 1330 1743 et
1373 1679 1444 1742 in
1487 1680 1735 1744 effoetis
1770 1678 2137 1762 corporibus
2174 1679 2339 1741 male
2378 1679 2669 1741 tractatis
2709 1679 2923 1740 multo

415 1742 630 1790 exhibita
880 1783 893 1795 ,

413 1806 641 1854 morbum
719 1783 976 1865 longms
1007 1789 1319 1846 excurrat.

415 1879 602 1984 ffi’ff·
820 1886 984 1968 [28.]
1041 1885 1216 1949 Illud
1235 1905 1422 1968 porro
1441 1883 1783 1949 observatu
1800 1885 2071 1967 dignum
2090 1892 2206 1962 est,
2228 1885 2609 1968 quandoque
2632 1883 2925 1946 accidere

723 1995 800 2052 ut
830 2010 1021 2071 aeger
1054 1989 1400 2072 clysterum
1444 1989 1792 2052 aliorumve
1832 1988 2331 2052 catharticorum
2358 2010 2481 2050 usu
2516 1989 2685 2050 circa
2726 1988 2924 2050 decli-

725 2093 1055 2155 nationem
1093 2091 1302 2154 morbi
1334 2091 1782 2174 intempestive
1812 2090 2347 2174 praescriptorum
2380 2112 2607 2174 parum
2638 2089 2927 2152 alleviari

723 2190 1035 2269 videatur,
1083 2192 1215 2256 imo
1265 2215 1738 2279 nonnunquam
1785 2193 2083 2276 apyrexia
2133 2192 2503 2257 omnimoda
2546 2192 2719 2268 frui;
2780 2199 2927 2274 post

726 2295 896 2358 diem
948 2301 1166 2358 autem
1223 2317 1428 2359 unum
1488 2297 1839 2360 alterumve
1898 2296 2135 2360 senties
2192 2317 2327 2359 non
2383 2303 2521 2358 tam
2577 2295 2925 2377 pristinam

727 2397 987 2462 Febrim
1014 2398 1178 2462 vires
1208 2419 1354 2462 suas
1393 2399 1880 2482 redintegrasse,
1913 2420 2105 2482 quam
2134 2420 2367 2463 novam
2402 2397 2700 2475 accendi,
2752 2397 2929 2479 rigor

724 2501 1034 2567 nimirum
1063 2510 1256 2585 atque
1273 2501 1500 2567 horror
1529 2502 1743 2566 subito
1766 2502 2045 2579 invadet,
2068 2524 2261 2585 quem
2289 2523 2441 2565 mox
2463 2501 2736 2583 excipiet
2754 2501 2928 2563 calor

727 2611 920 2689 atque
965 2604 1208 2684 Febris,
1249 2606 1423 2669 idem
1464 2605 1744 2669 stadium
1791 2606 1939 2687 (nisi
1976 2605 2195 2668 forsan
2236 2605 2308 2667 in
2344 2604 2929 2667 intermittentium

727 2708 995 2771 classem
1035 2728 1100 2770 se
1129 2710 1440 2790 reponat,)
1477 2707 1841 2786 decursura,
1874 2708 2043 2790 quod
2080 2708 2149 2769 in
2178 2705 2708 2790 praecedentibus
2739 2728 2926 2769 mon-

727 2816 1004 2873 stratum
1042 2810 1186 2873 fuit.
1279 2810 1446 2872 Cum
1487 2810 1582 2871 ita
1620 2830 1687 2872 se
1716 2830 1817 2873 res
1861 2808 2116 2886 habeat,
2148 2829 2283 2872 non
2323 2808 2510 2872 aliter
2545 2808 2929 2871 tractandus

727 2918 825 2975 est
865 2932 1053 2994 aeger
1098 2933 1292 2995 quam
1336 2911 1390 2973 si
1435 2917 1629 2974 antea
1663 2910 1871 2975 Febre
1910 2932 2043 2974 non
2079 2910 2381 2975 detentus
2424 2910 2669 2985 fuisset,
2700 2932 2931 2973 verum

727 3013 937 3096 quoad
986 3033 1090 3076 res
1143 3012 1422 3095 agendas
1469 3012 1713 3075 calcata
1755 3014 1892 3096 jam
1942 3012 2213 3095 vestigia
2260 3011 2645 3096 repetenda3
2691 3012 2929 3094 despu-

723 3117 925 3179 matio
963 3115 1157 3193 enim,
1189 3136 1352 3197 quae
1399 3121 1661 3198 coeptae
1700 3117 1837 3198 jam
1878 3114 2239 3179 ebullitioni
2279 3115 2568 3191 debetur,
2613 3135 2753 3177 non
2798 3115 2929 3177 nisi

725 3217 1034 3301 praedicti
1061 3216 1366 3299 temporis
1403 3215 1669 3299 (scilicet
1700 3216 2185 3299 quatuordecim
2216 3216 2508 3298 dierum,)
2546 3216 2755 3297 spatio
2784 3238 2930 3298 per·

727 3326 974 3401 agetur,
1003 3324 1335 3401 utcunque
1369 3319 1716 3381 molestum
1744 3318 1937 3381 fuerit
1968 3340 2177 3402 aegro,
2212 3340 2251 3381 a
2287 3339 2657 3400 praegresso
2698 3318 2931 3381 morbo

729 3422 883 3485 satis
906 3422 1043 3504 jam
1073 3420 1426 3498 debilitato,
1459 3442 1739 3503 eousque
1770 3421 2113 3485 sanitatem
2142 3427 2496 3503 expectare.

425 3532 660 3579 Cardiam
829 3524 992 3607 [29.]
1049 3524 1358 3586 Cardiaca
1403 3544 1567 3605 quae
1615 3522 1887 3586 adhibeo
1926 3524 2164 3605 passim
2212 3530 2365 3585 sunt
2406 3522 2723 3605 ejusmodi
2764 3544 2933 3603 quae

421 3596 644 3707 332⁶&
732 3627 952 3690 statim
1003 3624 1442 3702 subindicabo,
1491 3646 1765 3709 quorum
1815 3626 2351 3689 moderatioribus
2396 3632 2546 3688 utor
2594 3624 2667 3686 in
2719 3625 2935 3687 morbi

421 3724 580 3835 mr‘i’gffi
613 3788 658 3834 io
731 3728 1062 3811 principio,
1113 3726 1511 3791 aestuatione
1559 3728 1835 3790 maxime
1854 3758 1861 3765 ·
1878 3728 2199 3806 fervente,
2248 3726 2569 3809 gradatim
2611 3726 2692 3789 ad
2738 3748 2934 3789 usum

421 3803 673 3899 {andiga'
734 3831 1128 3908 calidiorum,
1169 3832 1359 3914 juxta
1400 3829 1611 3893 morbi
1648 3851 2055 3913 progressum
2097 3830 2197 3894 vel
2237 3828 2628 3893 ebullitionis
2668 3830 2931 3910 graduS‚

423 3915 701 4043 ἑξεξζζαᾶ.
737 3953 1044 4015 pergens3
1091 3953 1340 4015 semper
1381 3952 1629 3995 memor
1672 3933 1881 4009 licere,
1922 3932 2237 4015 siquidem
2272 3932 2556 3994 multum
2595 3932 2933 4013 sanguinis

421 4044 647 4092 hibenda-
737 4036 1026 4110 missum,
1057 4034 1158 4097 vel
1193 4054 1382 4117 aeger
1420 4056 1616 4098 senex
1642 4034 1856 4113 fuerit,
1885 4042 1963 4097 ut
2002 4033 2291 4098 cardiaca
2317 4034 2584 4097 fortiora
2622 4032 2931 4097 adminis-

735 4144 1012 4215 trentur,
1060 4158 1254 4219 quam
1304 4158 1452 4201 cum
1498 4138 1600 4201 vel
1644 4137 1827 4201 nulla
1874 4137 2287 4219 praecesserit
2337 4136 2784 4213 venae-sectio,
2832 4136 2931 4197 vel

737 4262 928 4324 aeger
955 4247 1166 4304 aetate
1196 4240 1503 4303 floruerit.

833 4345 994 4427 [30.]
1038 4344 1372 4405 Moderata
1403 4349 1621 4407 autem
1650 4343 1761 4405 illa
1791 4364 1953 4425 quae
1983 4342 2116 4406 dixi
2136 4342 2426 4407 cardiaca
2447 4344 2615 4405 fiunt
2637 4362 2715 4404 ex
2747 4343 2927 4425 aquis

1091 4482 1112 4512 Ρ
1148 4486 1368 4548 abigunt]
1396 4486 1475 4534 Sic
1499 4485 1628 4533 male
1653 4486 1783 4549 Syd„
1810 4486 1985 4534 melius
2008 4495 2187 4550 —gant
2206 4487 2311 4535 edd.
2336 4492 2510 4533 recent.
