3138 5006
670 257 797 320 176
1274 251 1664 317 ΤΗΟΜΑΕ
1713 249 2234 316 SYDENHAM

377 430 617 480 Duas-r.
662 413 763 478 lac
806 413 1081 478 crudum
1122 411 1317 497 paulo
1363 412 1779 495 tepefactum,
1826 434 1953 495 quo
2005 411 2200 476 etiam
2241 411 2554 474 utebatur
2595 408 2730 472 solo
2779 405 2864 470 ad

358 495 637 612 Λξξοξζ“
665 517 801 580 dies
830 523 963 581 tres
998 517 1099 579 vel
1129 524 1407 599 quatuor
1433 523 1776 599 postquam
1811 533 1850 577 e
1876 514 2046 578 lecto
2075 518 2456 577 surrexerat.
2550 511 2622 573 Si
2649 509 2750 573 vel
2778 509 2864 572 ob

661 620 903 695 lectuli,
935 619 1037 683 vel
1076 619 1281 697 lactis,
1311 639 1509 681 usum
1549 618 1746 680 nimis
1774 623 2184 702 praemature
2209 615 2673 691 intermissum,
2703 613 2868 676 reci-

662 721 877 789 divam
904 727 1238 805 pateretur
1268 741 1477 804 aeger,
1500 720 1728 784 eadem
1748 719 2019 802 vestigia
2040 717 2254 782 denuo
2280 716 2634 800 repetenda
2655 721 2868 778 erant.

665 825 847 889 Haec
890 823 1257 902 methodus,
1301 823 1355 886 si
1398 831 1576 887 certa
1625 830 1818 906 atque
1859 821 2160 906 expedita
2199 820 2416 897 fuerit,
2458 840 2594 884 non
2634 817 2782 882 ideo
2827 838 2868 880 a

659 928 798 991 viro
850 926 1137 1010 quolibet
1178 926 1501 1010 prudente
1548 923 2014 1008 repudiabitur,
2053 923 2232 1007 quod
2269 922 2508 987 fastoso
2549 919 2870 985 remedio-

660 1052 811 1096 rum
845 1036 1161 1114 apparatu
1188 1050 1325 1093 non
1356 1050 1425 1093 se
1451 1029 1764 1093 venditet.
2579 1109 2587 1114 ,

356 1145 605 1210 nysente-
762 1133 927 1216 [1⁷.]
986 1132 1381 1215 Hujusmodi
1430 1131 1678 1196 febrem
1731 1131 2198 1216 symptomatis,
2245 1129 2460 1215 qualia
2511 1150 2704 1212 supra
2753 1127 2868 1191 de-

354 1210 618 1323 ἓᾙζῖζω
664 1235 1055 1318 scripsimus,
1078 1235 1379 1318 stipatam
1412 1235 1491 1298 iis
1520 1235 1593 1297 in
1621 1234 1777 1298 locis
1808 1240 1874 1297 et
1904 1232 2306 1318 temporibus
2333 1232 2600 1317 reperiri
2629 1230 2869 1315 quibus

356 1339 523 1387 Africa
544 1353 630 1400 per
665 1337 1055 1421 Dysenteria
1082 1336 1431 1420 epidemice
1465 1343 1718 1419 regnat,
1749 1341 1818 1400 et
1849 1335 2232 1404 methodum
2261 1335 2451 1413 hanc,
2483 1355 2678 1417 quam
2707 1333 2870 1396 deli-

352 1419 415 1516 ζῖ
432 1410 638 1516 ξίᾘξζ.
664 1439 1019 1518 neavimus,
1046 1439 1258 1503 eidem
1296 1439 1565 1503 omnino
1605 1439 1844 1517 deberi,
1883 1437 2255 1504 testimonio
2295 1437 2415 1500 viri
2449 1436 2633 1521 probi
2674 1443 2872 1519 atque

356 1540 449 1580 ‘¹¹¹-
664 1542 922 1621 eruditi‚
960 1542 1263 1606 Doctoris
1304 1542 1551 1620 Butler,
1591 1542 1866 1625 amplius
1909 1541 2414 1619 confirmabitur,
2452 1541 2565 1623 qui
2600 1539 2870 1604 nobilis-

666 1647 901 1710 simum
936 1645 1109 1708 D¹¹¹¹¹¹¹
1138 1645 1495 1708 Dominum
1530 1645 1891 1709 Henricum
1930 1643 2232 1721 Howard‚
2263 1665 2304 1706 a
2348 1644 2484 1707 Sua
2512 1640 2868 1726 Majestate

666 1749 873 1833 Regia
902 1748 1283 1812 Britannica
1321 1747 1405 1812 ad
1438 1748 1925 1812 Moroccensem
1963 1747 2036 1811 in
2071 1747 2291 1810 Africa
2327 1747 2637 1828 legatum,
2669 1745 2872 1809 comi-

663 1849 958 1920 tabatur‘
969 1876 993 1930 ,⁶
1036 1851 1271 1934 quibus
1299 1851 1373 1914 in
1400 1851 1772 1934 regionibus
1807 1852 1905 1932 (ut
1944 1849 2106 1913 mihi
2141 1849 2316 1933 ipsus
2343 1849 2614 1931 retulit,)
2651 1848 2874 1912 obser-

664 1954 836 2018 vavit
883 1953 1339 2037 Dysenteriam
1384 1974 1499 2036 per
1546 1974 1626 2018 ea
1674 1959 1967 2036 tempora
2017 1952 2140 2034 (uti
2179 1951 2472 2035 semper,)
2517 1950 2876 2035 epidemice

670 2055 962 2138 grassari,
1013 2062 1081 2119 et
1125 2055 1393 2135 febrem,
1442 2077 1608 2139 quae
1657 2077 1808 2120 cum
1842 2055 1956 2119 illa
1998 2053 2416 2139 jungebatur,
2465 2054 2732 2118 omnino
2771 2054 2874 2117 illi

670 2158 945 2222 similem
984 2179 1176 2242 quam
1224 2158 1670 2242 depinximus3
1746 2157 1980 2242 quibus
2030 2158 2140 2222 ille
2181 2156 2566 2222 medebatur
2614 2165 2752 2222 tam
2796 2156 2874 2220 in

669 2261 832 2324 urbe
881 2260 1249 2341 Tingitana,
1299 2283 1493 2344 quam
1552 2261 1693 2325 aliis
1743 2260 1814 2324 in
1871 2261 2048 2339 lociS,
2101 2260 2232 2324 sive
2280 2267 2602 2325 nostrates
2653 2269 2874 2325 essent

673 2363 882 2446 aegri,
902 2362 1032 2426 sive
1070 2361 1311 2441 Mauri,
1342 2363 1516 2428 dicta
1554 2363 1879 2441 methodo,
1909 2363 2082 2427 felici
2119 2384 2371 2447 semper
2405 2364 2618 2428 exitu:
2674 2385 2876 2447 quam

672 2466 933 2550 quidem
970 2471 1205 2531 neuter
1238 2464 1423 2531 alteri
1460 2465 1789 2546 debemus,
1831 2466 1945 2531 sed
1977 2466 2118 2551 pari
2162 2466 2428 2531 fortuna
2471 2467 2544 2532 in
2595 2468 2876 2533 eandem

672 2568 1057 2633 dissitissimi
1106 2568 1470 2632 incidimus,
1560 2568 1996 2633 Profitebatur
2033 2576 2272 2648 autem,
2304 2572 2544 2653 optime
2573 2570 2720 2635 istic
2749 2571 2877 2635 sibi

672 2670 931 2737 cessisse
958 2671 1029 2734 in
1058 2670 1233 2733 illius
1262 2671 1471 2735 morbi
1506 2672 1840 2736 curatione
1869 2672 2250 2737 methodum
2283 2672 2484 2752 illam,
2507 2695 2636 2755 qua
2662 2674 2876 2757 liquo-

669 2774 758 2837 ris
788 2772 1025 2837 diluvio
1056 2773 1565 2857 submerguntur
1595 2774 2041 2859 Dysenteriae.
2131 2777 2350 2859 Atque
2379 2776 2676 2840 existimo
2727 2797 2877 2859 ego,

671 2876 938 2940 omnino
982 2896 1099 2959 par
1142 2896 1279 2941 esse
1326 2884 1404 2941 ut
1454 2875 1526 2940 in
1572 2877 1863 2941 calidiori
1917 2878 2044 2942 isto
2095 2878 2356 2942 climate
2410 2879 2606 2962 longe
2663 2879 2874 2943 rarius

672 3000 970 3047 successu
998 2987 1212 3044 careat
1242 2980 1401 3045 haec
1429 2980 1794 3058 methodus,
1825 3003 2020 3063 quam
2047 2982 2120 3045 in
2147 2989 2371 3046 nostra
2399 2982 2762 3047 Britannia.

370 3102 615 3166 Exempla
772 3082 936 3167 [18.]
992 3081 1211 3145 Primo
1253 3082 1365 3146 illo
1416 3090 1732 3147 autumno
1784 3105 1911 3166 quo
1953 3083 2211 3167 vigebat
2260 3084 2420 3149 haec
2471 3085 2882 3164 constitutio,

366 3170 649 3280 ἔξξξξξιζξ·
675 3183 913 3247 Daniel
954 3184 1147 3261 Coxe,
1180 3184 1392 3263 M.D.,
1423 3184 1521 3248 vir
1562 3184 1828 3269 ingenio
1867 3193 1930 3250 et
1969 3186 2366 3251 eruditioness
2400 3188 2876 3267 ornatissimus,

674 3286 1063 3369 Dysenteria
1112 3287 1481 3352 acutissima
1528 3288 1846 3367 laborans,
1899 3290 2044 3372 (me,
2093 3310 2285 3372 quem
2335 3291 2678 3369 consuluit,
2728 3314 2876 3355 sua-

674 3388 913 3471 dente,)
949 3410 1069 3472 ope
1106 3390 1396 3453 methodi
1428 3391 1569 3474 jam
1595 3390 1895 3456 laudatae
1932 3392 2082 3471 cito,
2111 3400 2279 3471 tute,
2313 3400 2381 3457 et
2416 3393 2744 3478 jucunde12
2773 3416 2880 3460 sa-

672 3498 867 3555 natus
898 3497 1033 3569 est3
1077 3499 1224 3575 post
1252 3492 1521 3557 tertium
1556 3494 1799 3559 scilicet
1830 3502 2210 3577 quartumve
2239 3516 2488 3575 enema,
2521 3496 2679 3560 dum
2707 3498 2876 3561 lecto

674 3594 1041 3672 assiderem,
1086 3602 1153 3658 et
1198 3595 1483 3659 tormina
1525 3603 1592 3659 et
1639 3594 2028 3681 dejectiones
2079 3598 2486 3682 sanguineae.
2523 3621 2876 3678 evanuere;

672 3716 795 3760 nec
834 3698 1118 3780 qualibet
1146 3719 1217 3762 re
1256 3698 1399 3777 alia,
1430 3706 1686 3781 praeter
1713 3699 1864 3763 lecti
1895 3700 1977 3763 ad
2015 3701 2262 3765 dictum
2301 3702 2585 3785 spatium
2623 3703 2875 3786 patien-

675 3799 855 3878 tiam,
888 3807 952 3863 et
982 3799 1256 3864 lacteam
1289 3801 1592 3881 diaetam,
1623 3802 1706 3865 ad
1735 3803 2080 3867 sanitatem
2113 3804 2682 3888 redintegrandam
2714 3828 2876 3890 opus

674 3900 929 3967 habuit.
1016 3902 1265 3967 Eodem
1298 3904 1492 3987 plane
1518 3904 1713 3969 modo
1753 3913 1819 3969 et
1857 3905 2030 3969 idem
2059 3914 2284 3989 postea
2311 3908 2468 3971 alios
2500 3930 2693 3992 quam
2731 3910 2876 3993 plu·

674 4003 872 4067 rimos
914 4002 1039 4067 hoc
1064 4004 1237 4068 malo
1275 4005 1537 4069 affectos
1576 4006 1880 4083 restituit,
1913 4016 2190 4073 exeunte
2233 4029 2309 4072 eo
2351 4016 2703 4087 autumn03
2765 4032 2880 4074 an-

674 4125 764 4169 no
795 4113 1013 4170 autem
1041 4107 1350 4191 proximO,
1374 4107 1559 4171 illum
1591 4108 1788 4172 etiam
1817 4108 1990 4173 idem
2019 4110 2396 4175 molientem
2425 4134 2569 4196 spes
2597 4112 2852 4177 fefellit.

745 4296 764 4327 f
800 4294 876 4341 Sc.
901 4310 1027 4342 anno
1053 4296 1193 4345 1669.
1825 4298 1958 4357 dicit,
1989 4306 2046 4347 ut
2077 4306 2201 4358 tuto,
2224 4307 2282 4349 ut
2313 4300 2546 4359 celeriter,
2569 4310 2627 4351 ut
2659 4304 2878 4365 jucunde

745 4370 771 4401 a·
803 4358 960 4421 erud]
987 4358 1231 4422 omnifaria
1252 4364 1383 4409 erud.
1406 4362 1479 4409 ed.
1508 4362 1602 4415 ⁹76.
1824 4368 2009 4411 curet-'⁹
2047 4365 2204 4428 (Cels.
2227 4368 2302 4414 De
2323 4368 2494 4415 Medic.
2517 4368 2584 4416 iii.
2609 4370 2680 4429 4.)

745 4418 767 4449 ⁵
794 4426 824 4448 ‘⁸
842 4422 1156 4485 Asclepiades
1178 4425 1395 4475 officium
1422 4442 1528 4475 esse
1552 4426 1737 4475 Medici
