3138 5006
512 294 1305 359 OBSERVATIONUM
1350 295 1924 361 MEDIOARUM
1971 296 2053 350 II.
2087 304 2140 353 2.
2324 300 2447 361 111

250 455 409 521 tiam
434 460 514 519 ut
542 455 801 520 Febrim
822 456 1012 534 hanc,
1032 456 1153 521 etsi
1182 457 1696 541 pathognomicis
1723 458 2084 543 pleuritidis
2109 465 2223 523 aut
2252 458 2450 523 etiam
2521 477 2718 526 Fennis

249 560 814 643 peripneumoniae
838 560 1038 643 signis
1060 560 1441 625 destitutam
1457 574 1508 641 Y,
1532 568 1752 626 tamen
1785 563 2232 647 symptomatis
2254 562 2451 627 ratio-
2491 542 2750 656 gssssss¹·⁸

249 676 401 725 nem·
442 662 745 727 habuisse
781 663 1160 747 judicarem,
1205 664 1734 729 inflammationis
1775 664 2110 748 cujusdam
2153 674 2450 748 respectu
2479 671 2760 721 Ausonum
2841 700 2847 705 ·

248 765 421 827 circa
475 772 691 849 partes
750 766 1066 849 spiritales
1111 765 1564 845 delitescentia,
1612 768 1864 831 etiamsi
1880 770 1924 803 2'
1945 767 2166 831 nullus
2225 768 2450 831 aderat
2473 738 2726 874 bff’r'ff'

250 867 467 931 lateris
499 867 699 946 dolor,
723 869 907 933 nulla
932 869 1205 951 insignis
1236 870 1521 953 spirandi
1552 870 1916 935 difficultas·
2005 871 2102 938 Ut
2129 892 2268 934 rem
2299 892 2448 935 con·
2477 844 2666 941 tissiinz
2707 844 2768 891 P-

248 971 525 1049 traham,
556 992 635 1035 eo
674 972 946 1035 tandem
985 971 1211 1036 deveni
1254 980 1330 1036 ut
1362 949 1592 1037 eadem
1637 974 1902 1037 omnino
1945 973 2108 1038 mihi
2147 973 2452 1039 methodo
2479 956 2741 1006 f⁸⁰²⁵⁸¹¹¹¹¹²

246 1072 727 1156 procedendum
756 1074 953 1138 fuisse
980 1075 1053 1137 in
1080 1075 1410 1158 praedicto
1439 1098 1592 1140 casu
1621 1076 1986 1156 arbitrarer,
2017 1097 2144 1161 qua
2171 1077 2242 1141 in
2272 1076 2452 1161 pleu-

238 1177 443 1247 ,ritide
473 1176 723 1260 saepius
752 1198 904 1241 cum
928 1199 1225 1242 successu
1256 1177 1566 1262 singulari
1588 1202 1744 1243 usus
1767 1180 2038 1245 fueram.
2093 1180 2278 1246 Quae
2307 1201 2453 1244 sen-

248 1280 461 1345 tentia
498 1280 797 1363 deinceps
828 1281 1099 1345 feliciter
1130 1288 1325 1365 atque
1361 1304 1439 1346 ex
1466 1289 1617 1348 voto
1647 1283 1862 1348 cessit.
1949 1284 2238 1347 Vocatus
2277 1284 2454 1347 enim

234 1404 387 1447 „non
430 1384 637 1449 multo
665 1390 812 1467 post
856 1385 939 1448 ad
978 1384 1305 1449 hominem
1349 1386 1667 1450 consimili
1705 1407 1965 1469 prorsus
1993 1387 2186 1450 modo
2232 1408 2453 1469 aegro-

245 1494 523 1568 tantem,
568 1490 887 1554 reiteratis
937 1490 1583 1569 venae-sectionibus,
1638 1492 1856 1574 quales
1908 1492 1994 1556 ad
2041 1493 2454 1576 pleuritidem

236 1614 449 1678 supra
502 1592 872 1670 laudantur,
934 1592 1335 1679 curationem
1409 1593 1701 1656 commisi
1776 1602 1842 1658 et
1916 1594 2176 1659 absolvi.
2268 1595 2457 1659 Circa
2483 1613 2653 1663 Febris
2739 1648 2744 1654 -

244 1696 493 1759 mensis
544 1695 737 1763 modo
788 1695 1127 1758 memorati
1175 1694 1421 1759 exitum
1481 1702 1676 1778 atque
1728 1696 1992 1760 initium
2045 1697 2088 1759 J
2091 1696 2230 1760 unii
2281 1718 2454 1761 com·
2479 1678 2748 1807 {3125}ss

238 1798 468 1881 -plures
498 1818 758 1880 operam
785 1818 998 1860 meam
1026 1797 1444 1880 implorantes
1482 1797 1562 1863 ab
1595 1798 1821 1862 eadem
1852 1798 2056 1862 Febre
2093 1800 2278 1883 (quae
2316 1800 2452 1883 jam
2479 1807 2664 1857 bitatur
2683 1826 2748 1861 an

244 1901 437 1965 valde
480 1900 876 1984 populariter
920 1900 1375 1983 grassabatur‚)
1424 1900 1792 1984 praedictae
1829 1922 2096 1986 praxeos
2141 1901 2454 1966 beneficio
2481 1888 2750 1987 sssssstsseffig

240 2003 736 2068 convaluerunt.
824 2003 931 2068 Ab
960 2002 1085 2068 hoc
1113 2010 1401 2087 tempore
1428 2004 1802 2068 immaniter
1838 2003 2216 2069 debacchari
2245 2005 2454 2089 coepit
2480 2000 2773 2112 {perito-tam

246 2105 622 2169 calamitosa
642 2102 1003 2195 illa-Pestis,
1037 2126 1201 2188 quae
1223 2126 1299 2169 eo
1328 2104 1596 2169 tandem
1617 2105 2048 2170 truculentiae
2080 2106 2355 2184 devenit,
2377 2114 2455 2172 ut
2481 2074 2750 2195 ῑῃῖἳξιῖἐιῗῗέ

238 2214 505 2292 septem
538 2208 787 2272 dierum
828 2209 1035 2292 spatio
1079 2207 1351 2272 tot-idem
1381 2208 1746 2273 animarum
1773 2208 1979 2273 millia
2015 2209 2085 2273 in
2115 2209 2237 2274 hac
2255 2219 2286 2253 ⁸
2322 2232 2457 2275 una
2481 2198 2722 2321 {ffiffi

246 2310 437 2375 Urbe
466 2311 829 2375 extinxerit.
2163 2338 2168 2343 ·
2365 2348 2372 2353 ·
2483 2324 2593 2372 dem
2615 2294 2752 2389 par:

246 2454 253 2457 -
350 2414 518 2497 [36.]
576 2412 765 2477 Febri
806 2420 1025 2479 autem
1067 2413 1182 2493 illi,
1226 2413 1307 2477 de
1351 2436 1479 2498 qua
1522 2414 1717 2480 modo
1750 2414 2078 2499 loquebar,
2116 2417 2206 2479 'an
2249 2417 2458 2479 Pestis
2482 2388 2740 2515 3222?er

243 2517 597 2601 appellatio
628 2517 897 2582 attribui
924 2525 1267 2596 mereatur,
1298 2539 1433 2582 non
1470 2519 1678 2582 ausim
1707 2518 1973 2584 definito
2011 2519 2450 2603 pronuntiare.
2479 2518 2700 2570 Authore

242 2621 405 2684 Hoc
433 2628 653 2685 tamen
698 2621 1023 2705 explorate
1054 2621 1385 2704 cognitum
1422 2620 1650 2699 habe0,
1683 2622 2002 2700 omnibus,
2036 2643 2194 2705 quos
2229 2621 2340 2685 illo
2385 2627 2452 2685 et
2475 2599 2764 2700 ξῖζῗξᾷῗξζ.

244 2724 587 2808 aliquanto
620 2730 767 2808 post
808 2732 1098 2808 tempore
1128 2723 1445 2807 ipsissima
1473 2723 1684 2788 Pestis
1714 2746 1864 2789 cum
1902 2725 2202 2790 universo
2239 2746 2452 2809 symp-
2475 2714 2749 2828 ξξξῑξυίῗῑ·

245 2832 577 2892 tomatum
620 2826 743 2892 sibi
789 2826 1210 2910 peculiarium
1262 2833 1576 2909 apparatu
1620 2828 1692 2891 in
1741 2849 1890 2891 mea
1931 2827 2165 2890 vicinia
2211 2827 2454 2905 afflixit,
2699 2817 2710 2829 ⁸

242 2928 547 3006 eandem,
578 2934 715 2992 tam
752 2929 823 2991 in
863 2929 1071 3012 primo
1108 2927 1316 2992 morbi
1350 2928 1602 2992 insultu
1632 2951 1827 3013 quam
1862 2930 1934 2992 in
1965 2929 2258 3007 decursu,
2293 2929 2456 2994 acci-

246 3033 555 3097 dentium
612 3028 967 3118 συνδρομήν
1025 3031 1324 3096 adfuisse.
1432 3031 1780 3095 Caeterum
1838 3053 2007 3110 cum,
2061 3037 2105 3068 “
2120 3031 2409 3114 proximo
2427 3029 2460 3104 ὓ,

244 3136 500 3220 pariete
529 3134 861 3213 ardente,”
891 3135 1153 3218 propius
1190 3133 1454 3198 aedibus
1483 3135 1644 3198 meis
1681 3133 2048 3197 immineret
2077 3134 2454 3217 periculum,

242 3260 377 3322 ego
451 3237 718 3302 tandem
776 3237 1130 3301 amicorum
1188 3259 1384 3302 suasu
1455 3237 1998 3302 numerosissimis
2061 3237 2456 3320 fugientium

246 3339 465 3406 turbis
498 3361 606 3404 me
650 3339 959 3424 adjunxi3
1002 3339 1249 3403 familia
1286 3340 1483 3404 etiam
1526 3360 1674 3403 mea
1720 3339 1804 3403 ad
1854 3340 2098 3423 aliquot
2141 3339 2228 3404 'ab
2275 3339 2456 3404 Urbe

242 3443 499 3529 lapides
540 3442 876 3507 subducta.
966 3443 1065 3506 Eo
1101 3450 1324 3506 tamen
1353 3443 1580 3506 vicinis
1616 3443 1776 3505 meis
1815 3443 2132 3506 maturius
2169 3442 2350 3522 redii,
2384 3463 2458 3508 ac

250 3549 417 3613 dum
446 3548 851 3612 calamitosae
880 3547 1053 3610 illius
1080 3547 1206 3610 luis
1235 3547 1308 3611 in
1337 3553 1600 3610 tantum
1627 3554 2061 3631 perseveraret
2091 3546 2354 3610 saevitia
2381 3553 2458 3610 ut

246 3652 398 3720 fieri
426 3673 559 3715 non
588 3651 801 3734 potuit
832 3650 989 3733 quin
1019 3650 1359 3714 meliorum
1388 3649 1794 3713 Medicorum
1837 3649 2110 3732 penuria
2138 3649 2219 3714 ad
2262 3649 2457 3732 pesti:-

244 3755 539 3821 ferorum
598 3753 909 3817 auxilium
968 3753 1328 3817 advocaret.
1418 3753 1562 3816 Nec
1625 3752 1836 3815 multo
1893 3758 2038 3835 post
2097 3752 2457 3836 complures

244 3856 723 3924 Febricitantes
746 3855 951 3934 invisi,
973 3876 1246 3939 quorum
1266 3855 1534 3920 Febrem
1556 3855 1750 3933 illius,
1772 3875 1936 3937 quae
1954 3861 2106 3918 ante
2126 3854 2457 3922 decessum

242 3983 479 4030 meum
521 3967 661 4025 tam
700 3960 1017 4044 prosperis
1058 3979 1397 4042 aegrorum
1436 3959 1627 4024 rebus
1668 3981 1708 4023 a
1753 3980 1858 4022 me
1891 3964 2171 4022 tractata
2207 3958 2455 4036 fuisset,

244 4086 507 4132 morem
536 4069 729 4147 atque
760 4063 1025 4146 genium
1065 4063 1394 4142 aemulari,
1425 4084 1559 4126 non
1599 4061 1738 4126 sine
1766 4083 2007 4144 magna
2033 4059 2460 4124 admiratione

240 4165 689 4251 deprehendi;
762 4165 1035 4248 ideoque
1084 4165 1342 4248 propria
1399 4162 1792 4248 experientia
1833 4164 2039 4227 fretus
2097 4183 2222 4226 ceu
2276 4159 2457 4239 duce,

256 4329 261 4337 '
333 4355 359 4387 r
391 4345 576 4409 ausa]
618 4346 717 4394 Hic
752 4345 861 4394 aad.
897 4346 969 4394 ea
997 4346 1077 4394 ’68
1112 4346 1311 4409 (qm-ppo
1463 4353 1485 4375 ·
1517 4343 1629 4406 nac]
1656 4359 1752 4392 om.
1775 4343 1881 4392 edd.
1907 4343 2004 4400 268,
2031 4340 2126 4391 ²76.
2219 4405 2230 4416 ⁸

243 4415 415 4462 nullus
432 4415 596 4460 aderat
620 4412 731 4474 ξε.)
754 4419 803 4459 et
822 4411 906 4458 inf.
932 4426 1027 4458 om.
1468 4408 1490 4440 ὓ
1524 4412 1556 4436 “
1575 4409 1704 4458 Nam
1729 4415 1814 4456 tua
1837 4423 1914 4455 res
1937 4407 2113 4469 agitur,
2131 4419 2284 4467 panes
2308 4418 2464 4466 quum

248 4523 269 4534 ,
325 4482 349 4546 ξ
378 4473 593 4538 etiamsi]
618 4481 785 4542 quippe
807 4475 913 4524 edd.
940 4476 1037 4533 ²68,
1062 4474 1157 4528 ’76.
1395 4475 1651 4540 proximus
1665 4474 1852 4525 ardet.”
1897 4471 2096 4537 (Horat.
2109 4471 2197 4532 Ep.
2216 4470 2248 4518 i.
2259 4469 2340 4522 18.
2356 4469 2458 4530 84.)
