3138 5006
673 288 1118 354 EPISTOLA
1163 288 1257 353 ΙΙ.
1306 289 1963 355 RESPONSORIA.
2134 237 2137 242 Ι
2294 294 2419 356 321

217 469 608 534 quocunque
659 448 946 514 sistenda
995 456 1130 528 est,
1193 450 1332 513 fieri
1385 450 1560 513 enim
1608 457 1841 534 potest,
1886 457 1981 529 ut,
2029 449 2225 514 etiam
2272 456 2420 533 post
2482 464 2565 512 Da
2592 464 2707 513 Lon

213 551 622 636 consopitum
657 551 944 616 dolorem
983 560 1179 636 atque
1217 553 1502 616 exiccata
1538 554 1773 632 ulcera,
1812 552 2053 638 aliquid
2094 553 2175 618 de
2208 553 2419 618 morbi
2446 529 2726 606 VERRE&

353 653 367 666 .
715 653 728 666 .
1215 655 1228 667 .
2343 656 2356 668 .
2399 656 2413 671 .
2444 617 2662 673 ahsmus,

213 653 441 718 fomite
472 653 682 717 adhuc
710 675 782 717 m
810 673 1074 738 corpore
1105 655 1456 734 delitescat,
1487 654 1658 720 bella
1687 655 1901 720 denuo
1929 661 2261 720 moturum
2291 678 2417 720 msi
2443 697 2592 744 quam
2614 697 2696 730 ω-

217 756 341 820 sibi
369 756 783 840 permittatur
806 757 1088 840 sputatio
1116 757 1228 821 illa
1254 757 1605 834 moderata,
1632 778 1813 840 quae,
1837 765 2179 841 postquam
2203 756 2416 821 redin-
2443 745 2623 794 hiberi:

216 865 474 941 tegrata
495 858 770 922 sanitate
792 859 986 925 homo
1017 881 1085 924 se
1109 880 1300 924 aurae
1321 859 1606 924 liberiori
1636 859 2014 942 aliquandiu
2032 859 2416 942 exposuerit,

217 961 506 1025 desitura
534 966 652 1025 est.
743 962 1184 1026 Periculosum
1213 961 1432 1044 itaque
1461 981 1601 1024 esse
1630 959 1905 1024 arbitror
1934 959 2259 1044 ptyalismi
2280 959 2421 1044 jam

216 1062 628 1127 abiturientis
667 1069 735 1127 et
763 1083 914 1127 mox
953 1062 1270 1127 evanituri
1305 1062 1608 1148 reliquias
1638 1062 1739 1125 vel
1777 1060 2054 1126 catharsi
2084 1047 2416 1138 deducere,

217 1164 320 1228 vel
347 1165 676 1247 lignorum
705 1165 967 1231 decocto
1003 1165 1286 1230 exiccare
1314 1165 1510 1244 velle;
1559 1186 1598 1228 a
1631 1185 1758 1248 qua
1794 1165 1975 1249 praxi
2014 1164 2201 1248 (quae
2230 1165 2420 1248 vulgo

218 1266 493 1345 obtinet,
531 1267 738 1350 specie
777 1267 878 1330 vel
923 1267 1226 1331 mercurii
1269 1289 1305 1330 e
1343 1288 1607 1352 corpore
1652 1267 2047 1348 eliminandi,
2081 1269 2183 1332 vel
2228 1270 2421 1334 corri-

220 1369 470 1452 gendae
515 1370 654 1453 ejus
704 1369 1172 1452 malignitatis,)
1221 1377 1581 1434 nascuntur
1631 1370 1769 1434 sine
1814 1369 2010 1435 dubio
2052 1370 2421 1455 frequentes

218 1472 385 1534 istae
443 1471 754 1535 recidivae
819 1492 982 1554 quae
1047 1471 1296 1536 miseris
1363 1471 1684 1553 accidunt,
1746 1473 2091 1537 sanitatem
2154 1473 2423 1537 tandem

220 1572 572 1656 aliquando
611 1579 758 1656 post
799 1579 1060 1638 tantum
1103 1575 1558 1657 impensarum,
1599 1580 1701 1639 tot
1744 1573 2102 1638 exantlatos
2152 1575 2421 1653 labores,

221 1683 486 1740 tantum
513 1675 712 1739 taedii
743 1675 1134 1755 devoratum,
1167 1675 1619 1739 anhelantibus
1629 1702 1649 1754 3
1686 1677 1768 1740 ad
1800 1697 1994 1759 quam
2022 1677 2217 1740 etiam
2249 1684 2424 1740 certo

221 1775 682 1865 pervenissent,
730 1779 786 1842 si
835 1779 1119 1844 salivatio
1169 1799 1305 1841 non
1353 1777 1481 1840 nisi
1533 1798 1649 1841 suo
1700 1785 1989 1861 tempore
2038 1776 2425 1840 determina-

223 1889 428 1946 retur.
519 1881 744 1963 Longe
801 1883 1026 1964 itaque
1076 1879 1432 1944 consultius
1491 1883 1657 1943 esset
1705 1878 2124 1962 ptyalismum
2173 1898 2425 1961 promo-

223 2004 375 2048 vere
432 1983 752 2048 mercurio
809 1983 982 2046 dulci
1041 1982 1239 2046 semel
1294 1981 1367 2044 in
1423 1979 1825 2045 hebdomade
1876 1979 2182 2058 exhibito,
2229 1980 2427 2044 etiam

225 2091 570 2170 postquam
596 2085 864 2148 omnino
893 2083 1287 2150 convaluerit
1315 2090 1383 2147 et
1405 2084 1543 2168 jam
1572 2082 1694 2147 sub
1724 2083 1832 2147 dio
1852 2089 2160 2162 versetur,
2186 2082 2383 2167 (quod
2398 2079 2429 2120 ‘¹

223 2193 296 2251 et
319 2207 438 2270 ego
467 2207 582 2270 per
599 2208 856 2251 menses
887 2187 1132 2271 aliquot
1153 2186 1294 2252 fieri
1317 2186 1664 2271 aliquando
1684 2186 1895 2272 jussi,)
1922 2207 2117 2271 quam
2148 2187 2428 2251 eundem

225 2290 700 2372 praematurius
729 2288 1041 2354 inhibere.

329 2389 493 2476 [29.]
551 2391 1046 2458 Quantumlibet
1092 2398 1312 2456 autem
1359 2413 1400 2456 a
1448 2391 1727 2456 catharsi
1770 2392 1841 2455 in
1884 2390 2274 2456 salivationis
2318 2390 2426 2456 de-
2456 2411 2632 2460 refrae-

225 2494 578 2559 clinatione
601 2493 683 2560 ob
706 2495 844 2580 jam
869 2494 1072 2561 dictas
1101 2516 1324 2560 causas
1355 2493 1753 2575 abhorream,
1776 2494 1918 2560 fieri
1948 2501 2167 2559 tamen
2194 2500 2427 2579 potest,
2454 2476 2691 2591 ffissgffin

227 2605 308 2661 ut
345 2598 417 2660 in
461 2597 748 2681 ejusdem
787 2605 964 2663 statu
1003 2620 1080 2663 ea
1115 2620 1238 2663 nec
1274 2598 1705 2684 praetermitti
1742 2598 1963 2681 possit,
1993 2618 2116 2661 nec
2157 2596 2427 2675 debeat3
2452 2612 2597 2683 statu,
2622 2607 2665 2683 εξ

223 2700 483 2783 quoties
513 2699 772 2779 scilicet,
803 2720 875 2764 re
903 2701 1072 2765 male
1103 2708 1303 2783 gesta,
1334 2722 1618 2785 eousque
1645 2700 1843 2765 fuerit
1871 2706 2091 2764 evecta
2118 2700 2426 2779 salivatio,
2447 2672 2733 2785 ’,ζζξζῗὲζῃ

226 2808 308 2867 ut
339 2802 477 2885 jam
515 2802 693 2885 aegri
727 2802 896 2867 vitae
937 2810 1302 2868 metuatur:
1351 2824 1480 2888 quo
1513 2804 1587 2867 in
1620 2824 1775 2869 casu
1807 2824 1943 2867 non
1976 2808 2197 2865 tutum
2236 2800 2429 2865 modo
2453 2800 2617 2849 ‘ssim-

227 2911 352 2983 est,
383 2904 496 2969 sed
525 2913 590 2969 et
617 2906 1052 2969 necessarium
1081 2906 1298 2985 etiam,
1330 2906 1683 2970 cathartico
1719 2904 1974 2989 ingesto
2013 2902 2429 2988 ptyalismum

229 3006 318 3069 ad
358 3026 510 3071 eum
551 3006 827 3090 gradum
866 3007 1241 3091 deprimere,
1277 3014 1356 3071 ut
1395 3028 1548 3072 cum
1587 3006 1763 3091 aegri
1806 3004 2067 3093 εὐφορίᾳ
2105 3004 2427 3091 procedat,

227 3108 350 3193 qui
377 3108 610 3172 deinde
639 3130 757 3175 suo
777 3110 914 3193 juri
941 3109 1421 3193 relinquendus.

331 3209 495 3294 [30]
553 3209 627 3273 Si
671 3212 812 3294 quis
849 3212 986 3295 jam
1031 3219 1314 3296 quaerat,
1363 3234 1447 3276 an
1497 3211 1676 3276 nuda
1720 3210 2089 3277 salivatione
2138 3211 2429 3276 contenti
2453 3228 2571 3277 Post
2594 3226 2706 3277 nli-

229 3332 372 3378 esse
398 3312 762 3394 debeamus,
793 3334 913 3379 nec
951 3315 1334 3395 catharticis,
1371 3336 1492 3380 nec
1529 3316 1671 3381 aliis
1708 3315 2007 3380 remediis
2036 3314 2425 3396 solennibus,
2451 3293 2731 3406 ζζξοζζξζϋ

230 3418 306 3481 in
353 3438 544 3481 usum
586 3425 731 3501 post
777 3438 921 3483 eam
969 3425 1294 3503 peractam
1335 3419 1689 3483 revocatis?
1752 3418 2104 3503 respondeo
2154 3420 2428 3503 (praeter
2450 3422 2579 3471 saria
2599 3430 2673 3497 es}

223 3522 366 3606 jam
417 3520 604 3599 dicta,
657 3518 888 3605 quibus
946 3528 1014 3585 et
1061 3521 1228 3585 ratio
1271 3520 1671 3604 astipulatur,
1716 3527 1781 3585 et
1832 3521 2265 3605 experientia,)
2322 3540 2428 3585 me
2451 3487 2697 3537 catharam.

231 3624 394 3687 velle
419 3621 654 3703 doceri,
685 3644 878 3708 quam
909 3622 992 3688 ob
1031 3644 1290 3687 causam
1323 3622 1530 3705 magis
1571 3622 1655 3685 sit
1688 3621 2114 3685 accesserim
2152 3640 2428 3705 purgare

229 3734 380 3811 post
408 3726 864 3807 salivationem,
897 3749 1090 3811 quam
1125 3726 1565 3792 salivationem
1594 3726 1872 3791 excitare
1910 3734 2055 3810 post
2084 3726 2427 3805 catharsin,

227 3848 386 3893 cum
425 3828 707 3893 remedia
745 3830 1093 3913 purgantis
1141 3828 1623 3913 (scammoniata
1662 3830 1957 3909 maxime,
2003 3838 2069 3896 et
2110 3832 2181 3895 id
2225 3852 2429 3915 genus

227 3930 444 4015 acria)
507 3930 928 4015 malignitatis
987 3932 1315 4016 quidpiam
1361 3932 1436 3997 in
1494 3952 1755 4017 corpore
1812 3934 2204 4016 relinquant,
2259 3930 2429 4014 quod

231 4032 527 4098 Naturae
577 4042 796 4099 tamen
847 4035 1328 4115 committimus,
1382 4036 1564 4120 cujus
1623 4036 1685 4101 vi
1734 4036 1999 4101 tandem
2050 4035 2432 4117 subjugatur

233 4135 412 4199 istud
465 4137 765 4220 quicquid
809 4146 906 4202 est
950 4138 1200 4218 veneni,
1246 4159 1321 4202 eo
1366 4138 1603 4203 scilicet
1656 4140 1768 4223 qui
1808 4144 2119 4223 purgatus
2161 4135 2304 4212 fuit,
2351 4133 2432 4196 ad

233 4237 525 4321 regimen
570 4244 967 4319 consuetum,
999 4240 1390 4319 exercitium,
1423 4246 1488 4305 et
1516 4240 1882 4306 liberiorem
1920 4238 2085 4303 aeris
2122 4256 2333 4312 usum,
2366 4256 2433 4298 se

234 4340 604 4424 recipiente.
693 4344 912 4428 Atque
939 4343 1007 4408 id
1035 4364 1222 4428 porro
1259 4344 1536 4409 libenter
1576 4346 1735 4409 scire
1770 4342 1977 4419 velim,
2012 4360 2137 4421 qua
2174 4336 2435 4403 demum

966 4475 990 4510 ‘¹
1024 4472 1350 4536 quod—juni]
1376 4489 1469 4523 om.
1497 4474 1569 4521 ed.
1595 4475 1688 4521 ’80.

1277 4574 1314 4617 ‘r
1343 4560 1374 4617 t
