3138 5006
703 1528 1340 1619 EDITORIS
1441 1526 2093 1617 MONITUM.

1239 1791 1556 1831 ...-..0--.

383 1980 654 2085 QmD
688 1994 762 2059 in
803 1994 926 2059 hac
969 2016 1136 2059 nova
1164 1994 1448 2058 Thomae
1481 1991 1855 2076 Sydenham
1887 1991 2177 2077 Operum
2218 1990 2501 2057 editione

295 2110 672 2177 adornanda
711 2113 1162 2197 praestiterim,
1210 2134 1453 2197 aequus
1494 2112 1744 2195 judicet
1793 2110 2063 2191 Lector3
2116 2112 2273 2195 quid
2318 2134 2499 2196 prae-

299 2236 468 2295 stare
496 2232 828 2311 voluerim,
857 2231 966 2296 hic
993 2232 1276 2296 breviter
1305 2253 1645 2315 exponam.

382 2464 693 2549 Inprimis
726 2465 799 2529 in
834 2466 1052 2530 animo
1083 2473 1222 2531 erat
1257 2472 1509 2532 textum
1542 2466 1845 2532 exhibere
1885 2490 1923 2532 a
1962 2466 2235 2545 mendis,
2267 2466 2501 2551 quibus

297 2591 548 2648 scatent
599 2583 914 2648 editiones
960 2607 1265 2669 nuperae,
1317 2607 1512 2670 quam
1561 2587 1746 2670 potui
1786 2586 2220 2670 purissimum.
2304 2586 2501 2652 Quod

299 2709 375 2767 ut
433 2704 770 2782 efficerem,
824 2703 907 2768 ad
965 2705 1266 2786 antiquas
1325 2712 1392 2769 et
1453 2707 1771 2789 genuinas
1830 2703 2310 2770 ascendendum
2362 2710 2501 2769 erat

300 2821 630 2900 editiones,
678 2843 822 2886 eam
873 2823 1212 2906 praecipue
1266 2845 1461 2907 quam
1513 2826 1823 2909 cujusque
1866 2823 2206 2888 Tractatus
2256 2829 2499 2906 postre-

297 2960 470 3004 mam
511 2941 762 3003 Auctor
802 2939 1014 3005 adhuc
1056 2943 1236 3006 vivus
1279 2943 1643 3021 recensuit;
1688 2962 1903 3025 neque
1946 2940 2027 3004 ab
2071 2941 2173 3004 his
2210 2961 2501 3024 unquam

297 3063 504 3128 sciens
532 3063 784 3141 recessi,
809 3063 935 3126 nisi
963 3063 1018 3126 si
1050 3063 1309 3147 quando
1338 3063 1762 3128 manifestum
1794 3069 2159 3128 occurreret
2188 3062 2499 3127 mendum

295 3181 855 3265 typographicam,
883 3183 987 3246 vel
1020 3182 1370 3247 memoriae
1408 3183 1597 3266 lapsu
1635 3183 1771 3266 ipse
1815 3181 2200 3265 peccavisset
2228 3181 2497 3245 Auctor.

301 3301 483 3366 Sicut
521 3309 746 3366 tamen
775 3303 1025 3366 Auctor
1055 3301 1463 3367 Clarissimus
1508 3302 1781 3366 eandem
1817 3322 2035 3365 vocem
2073 3323 2209 3365 non
2249 3322 2500 3385 semper

299 3420 526 3484 eodem
587 3419 779 3485 modo
839 3421 1112 3505 scripsit,
1173 3422 1264 3484 sic
1321 3423 1458 3505 ipse
1516 3421 1788 3485 fortasse
1846 3441 1981 3484 non
2039 3420 2279 3503 ubique
2337 3420 2499 3483 mihi

301 3538 664 3603 constitisse
701 3539 1030 3616 inveniam
1073 3541 1145 3604 in
1186 3561 1313 3623 quo
1357 3541 1411 3603 si
1456 3540 1855 3623 deliquerim,
1886 3538 2096 3602 fraudi
2136 3538 2261 3602 fuit
2300 3538 2497 3602 editio

299 3676 522 3721 recens
561 3656 951 3721 Germanica
990 3679 1186 3741 quam
1220 3657 1622 3744 typographo
1656 3657 1897 3723 tradidi
1938 3659 2009 3721 in
2042 3679 2296 3737 manus,
2334 3679 2497 3741 quae

305 3783 552 3840 sextam
580 3775 714 3840 fere
741 3783 991 3860 partem
1019 3777 1470 3842 vocabulorum
1502 3778 1687 3842 aliter
1716 3785 1911 3861 atque
1941 3777 2020 3841 ab
2050 3777 2189 3861 ipso
2211 3779 2496 3842 Auctore

300 3897 602 3980 scriptam
630 3895 967 3960 referebat.

379 4133 611 4196 'l'extui
641 4131 865 4198 breves
888 4133 1449 4200 adnotatiunculae
1479 4136 1744 4220 subjeci,
1769 4117 2039 4219 quarum
2062 4135 2221 4199 aliae
2247 4133 2495 4218 Syden-

295 4252 586 4316 hamium
629 4275 670 4316 a
712 4274 780 4318 se
823 4253 962 4337 ipso
998 4254 1340 4335 illustrare,
1384 4256 1544 4320 aliae
1583 4277 1769 4321 voces
1815 4263 1929 4320 aut
1966 4257 2228 4340 phrases
2272 4253 2494 4316 diffici-

293 4372 482 4436 liores
527 4379 642 4436 aut
679 4372 1116 4439 inusitatiores
1166 4376 1526 4459 explanare,
1573 4381 1929 4455 conantur3
2006 4381 2073 4438 et
2118 4394 2274 4456 quas
2318 4373 2495 4436 haud

295 4490 557 4554 omnino
587 4490 824 4556 otiosas
854 4499 968 4556 aut
997 4493 1262 4558 inutiles
1290 4493 1543 4558 futuras
1575 4515 1785 4578 spero=
