3138 5006
553 324 1345 391 OBSERVATIONUM
1389 325 1957 391 MEDICARUM
2005 331 2118 384 III.
2156 338 2207 386 2.
2362 328 2486 390 139

285 489 480 553 ciliat.
572 489 767 554 Quod
812 490 867 551 si
918 496 1030 552 aut
1076 489 1367 572 frigidior
1418 489 1574 552 anni
1619 494 1986 571 tempestas,
2017 492 2130 548 aut
2173 486 2484 569 copiosior
2507 496 2790 546 vinoun

285 592 811 655 exanthematum
856 591 1141 674 eruptio,
1187 598 1497 673 perpetuo
1554 589 1982 654 decumbendi
2038 590 2485 652 necessitatem
2506 560 2790 675 ἓξὲξζῇζ

286 693 651 773 aegrotanti
676 694 987 775 imponat,
1015 693 1330 775 prospicio
1358 701 1434 756 ut
1462 714 1598 757 non
1624 692 1974 756 intensiore
2003 691 2230 755 caloris
2258 692 2482 774 gradu,
2545 690 2590 735 ’6
2599 689 2754 739 7-’69-

284 795 389 857 vel
418 795 682 878 adjectis
705 794 996 878 pluribus
1025 794 1325 877 stragulis
1354 794 1425 856 in
1451 794 1620 857 lecto
1650 792 2010 870 decumbat,
2031 813 2224 875 quam
2253 791 2485 875 quibus
2507 792 2604 824 ”¹¹⁸
2625 794 2740 827 ⁰⁰¹²·

2509 851 2744 891 sueverat.

284 899 359 961 in
398 920 701 982 prospera
731 898 1098 962 valetudine
1136 898 1238 961 uti
1280 895 1541 974 solebat,
1576 916 1839 960 accenso
1881 894 2144 957 interim
2185 915 2319 957 non
2358 894 2486 957 nisi
2511 920 2722 970 sudore·

286 1000 521 1083 hyeme
548 999 963 1064 incumbente
990 1020 1182 1063 mane
1210 1005 1275 1062 et
1306 1019 1446 1062 sero
1472 998 1615 1063 foco
1643 996 1968 1061 mediocri.
2027 996 2261 1078 Neque
2291 995 2488 1059 etiam
2510 986 2734 1112 3ξέωάἒο

286 1101 475 1183 exigo
525 1109 637 1164 ut⁰
680 1102 753 1163 in
796 1100 1024 1165 eodem
1071 1101 1211 1165 loco
1263 1121 1511 1183 semper
1554 1100 1787 1182 jaceat,
1826 1119 2060 1180 nempe
2097 1120 2182 1162 ne
2227 1098 2486 1163 sudores
2510 1114 2726 1175 periculo

2511 1192 2704 1239 promo-

287 1211 651 1286 erumpant,
677 1223 836 1285 quos
864 1224 985 1286 ego
1005 1211 1149 1267 tmn
1176 1202 1533 1268 rationibus
1564 1211 1792 1285 supraP
1827 1198 1898 1287 [ξ
1927 1199 2064 1286 19.]
2093 1200 2320 1279 allatis,
2343 1208 2488 1264 tum
2511 1252 2698 1290 ventur.

285 1309 429 1391 ipsa
470 1308 863 1390 experientia
900 1308 1121 1386 fretus,
1174 1308 1447 1373 fidenter
1486 1309 1732 1372 affirmo
1775 1329 1910 1371 non
1955 1306 2196 1389 absque
2233 1308 2488 1391 ingenti

286 1409 571 1491 periculo
599 1410 991 1492 promoveriq
1018 1431 1222 1493 posse.

388 1510 551 1592 [47]
572 1518 593 1545 ¹
637 1510 1126 1573 Determinante
1167 1511 1410 1591 morbo,
1444 1534 1592 1577 cum
1630 1514 1951 1579 halituum
1980 1537 2019 1578 a
2049 1514 2316 1578 materia
2344 1515 2482 1599 jam
2507 1525 2689 1601 Vinum
2702 1524 2796 1573 ca-

287 1612 361 1673 in
388 1632 509 1693 pus
538 1631 843 1674 conversa
878 1611 1335 1693 prodeuntium
1378 1617 1632 1697 eruptio
1669 1617 1927 1681 liberior
1956 1640 1996 1681 a
2035 1618 2310 1699 pustulis
2340 1623 2485 1681 tan-
2507 1606 2750 1702 ἲζῖᾚᾚ

290 1714 443 1777 dem
470 1713 771 1777 crustosis
800 1734 875 1775 ac
919 1713 1299 1777 duriusculis
1338 1716 1742 1798 impediatur,
1773 1719 1885 1782 abs
1926 1740 1994 1781 re
2032 1739 2167 1804 non
2202 1718 2324 1781 erit
2351 1717 2485 1781 vini
2509 1719 2787 1794 pax-diacum

292 1817 599 1879 Canarini
628 1816 951 1879 semicocti
972 1816 1323 1880 cochlearia
1343 1818 1628 1900 quinque
1648 1818 1750 1882 vel
1771 1840 1880 1882 sex
1888 1830 1931 1897 ⁸,
1954 1819 2055 1881 vel
2083 1818 2258 1881 aliud
2286 1818 2486 1881 medi·
2510 1783 2679 1894 Ξοῗὲῗ
2691 1862 2776 1894 ex-

291 1927 663 1981 camentum
693 1918 1054 1982 cardiacum
1096 1926 1526 2002 temperatum
1572 1920 1888 1995 exhibere,
1921 1942 2006 1984 ne
2051 1921 2289 1985 scilicet
2327 1920 2483 1984 hali-
2511 1911 2793 2023 ffibffiflffi·

290 2028 401 2082 tus
431 2020 525 2081 illi
563 2020 805 2102 putridi
846 2021 917 2082 in
951 2022 1281 2104 sanguinis
1322 2043 1598 2085 massam
1625 2021 2020 2105 postliminio
2048 2026 2485 2084 revertantur:
2513 2039 2696 2101 putridi
2715 2039 2767 2086 in

292 2130 361 2185 et
394 2143 549 2186 sane
586 2124 723 2205 jam
766 2144 959 2200 nunc,
991 2145 1201 2206 neque
1240 2124 1436 2207 prius,
1468 2124 1772 2188 cardiacis
1813 2124 1990 2189 locus
2034 2130 2154 2188 est.
2243 2125 2489 2189 Eodem
2513 2104 2765 2215 ἓξὲξ*

286 2229 531 2310 pariter
556 2236 845 2311 tempore
874 2228 1087 2291 diaeta
1112 2227 1305 2310 paulo
1334 2227 1596 2291 calidior
1625 2234 1690 2291 et
1719 2227 2008 2291 cardiaca
2035 2226 2240 2309 magis
2275 2232 2489 2309 potest
2512 2232 2752 2306 1)ρεῦἰωί-

290 2330 554 2392 concedi
563 2357 582 2409 3
621 2330 874 2413 juscula
900 2329 1100 2411 (verbi
1121 2330 1370 2411 gratia,)
1400 2350 1478 2392 ex
1496 2349 1666 2412 pane
1689 2334 1753 2392 et
1783 2329 2082 2393 cerevisia
2103 2329 2488 2408 saccharata,
2514 2311 2777 2409 ffitffiver-

292 2452 329 2493 e
350 2430 559 2493 farina
586 2452 901 2495 avenacea
929 2451 1077 2494 cum
1106 2430 1407 2493 cerevisia
1435 2439 1500 2494 et
1530 2432 1848 2510 saccharo,
1874 2440 1995 2496 etc.
2085 2430 2318 2514 Neque
2349 2431 2489 2493 aliis
2515 2440 2692 2518 Dgaeta
2755 2505 2768 2516 ⁰

291 2535 559 2598 omnino
582 2535 703 2598 erit
726 2554 905 2616 opus,
926 2535 995 2596 in
1018 2554 1253 2615 genere
1276 2533 1515 2596 scilicet
1538 2533 1834 2598 Discreto
1857 2557 1930 2598 ac
1951 2536 2201 2614 leniori,
2227 2536 2283 2598 si
2303 2557 2490 2618 aeger
2515 2505 2793 2617 {fflffiffib

290 2633 413 2696 hac
450 2633 755 2696 methodo
786 2654 859 2696 ac
894 2632 1125 2710 diaeta,
1156 2633 1445 2714 utrisque
1484 2634 1850 2714 moderatis,
1882 2655 1949 2698 se
1988 2637 2250 2700 tractari
2287 2638 2490 2719 patia-
2517 2634 2630 2682 dem
2651 2635 2712 2680 ⁰¹³

290 2741 443 2806 tur,
494 2732 650 2794 nisit
692 2731 944 2794 fortean
990 2729 1387 2812 inquietudO,
1419 2732 1690 2812 vigiliae,
1722 2743 1835 2797 aut
1875 2734 2001 2797 alia
2043 2744 2490 2820 symptomata,
2518 2713 2728 2746 causam.

289 2835 724 2917 phrenitidem
754 2834 1139 2911 minitantia,
1171 2834 1523 2916 paregorici
1552 2857 1744 2900 usum
1774 2837 2047 2900 subinde
2077 2838 2360 2903 suadeat.

392 2938 559 3022 [48.]
616 2939 799 3002 Haec
850 2959 1003 3000 sane
1045 2937 1453 3020 (reclamante
1510 2939 1662 3004 licet
1703 2942 1973 3005 immani
2017 2943 2143 3005 isto
2203 2965 2276 3007 ac
2327 2945 2496 3008 male

288 3043 565 3106 fundato
603 3044 940 3106 hominum
978 3042 1368 3124 praejudicio
1400 3043 1572 3125 quod
1615 3065 1693 3107 ex
1734 3044 1995 3110 adverso
2033 3046 2314 3129 militat,)
2349 3067 2498 3110 vera

290 3153 391 3208 est
422 3165 495 3206 ac
525 3144 807 3225 genuina
833 3141 1174 3206 methodus
1203 3143 1355 3206 huic
1384 3143 1792 3209 Variolarum
1821 3147 2042 3230 generi
2074 3148 2394 3227 medendi,
2425 3157 2493 3212 et

291 3247 614 3311 obtinebit
638 3246 918 3325 demum,
948 3267 1054 3310 me
1082 3244 1215 3308 vita
1241 3244 1487 3309 functo.
1548 3247 1637 3310 Et
1667 3248 1816 3312 licet
1837 3269 1972 3312 non
2001 3271 2234 3332 negem
2255 3251 2493 3314 multos

290 3353 611 3434 regimine
670 3351 1019 3416 admodum
1077 3351 1367 3434 opposito
1418 3359 1725 3417 tractatos
1783 3353 2205 3418 nihilominus
2263 3375 2490 3420 conva—

290 3458 550 3535 lescere,
580 3455 917 3520 fatendum
952 3462 1049 3518 est
1079 3460 1300 3516 tamen
1336 3454 1423 3536 (et
1468 3476 1622 3519 sane
1654 3454 2002 3518 dolendum
2046 3456 2261 3534 etiam,
2293 3455 2352 3520 si
2375 3477 2490 3520 no·
2519 3468 2800 3516 Dis-:retum

288 3557 544 3622 hiscum
586 3568 955 3641 reputemus
986 3578 1178 3640 quam
1223 3557 1399 3620 omni
1440 3577 1700 3638 prorsus
1741 3557 2024 3640 periculo
2058 3565 2239 3622 vacat
2269 3577 2348 3620 ex
2377 3579 2493 3621 sua
2517 3548 2802 3645 {gffffifffm

288 3673 531 3726 natura
556 3663 678 3727 hoc
708 3662 1077 3725 Discretum
1112 3661 1359 3742 genus)
1394 3659 1702 3740 plurimos
1745 3660 1963 3724 etiam·
1982 3659 2245 3724 interire
2267 3685 2286 3737 3
2335 3661 2492 3743 quin
2519 3661 2800 3735 ompivaeat

289 3775 361 3832 et
392 3767 501 3830 alii
529 3767 883 3849 complures
911 3766 1061 3828 fatis
1090 3765 1327 3848 pariter
1355 3763 1798 3842 concederent,
1819 3765 1945 3827 nisi
1973 3764 2074 3827 vel
2102 3786 2148 3828 a.
2166 3765 2492 3847 frigidiore
2515 3725 2746 3788 penculo.

286 3879 677 3956 tempestate
704 3871 775 3933 in
805 3891 997 3953 quam
1035 3867 1263 3932 incidit
1292 3867 1573 3945 morbus,
1601 3866 1705 3930 vel
1743 3888 1782 3929 a
1819 3867 2253 3950 phlebotomia
2286 3867 2497 3949 (aliter

290 3995 761 4063 supervacanea
816 3979 1007 4054 atque
1073 3970 1334 4052 inutili,)
1397 3989 1608 4051 nuper
1663 3967 1998 4048 celebrata,
2071 3975 2494 4033 servarentur.

360 4181 383 4204 ⁰
417 4171 495 4236 ut]
528 4175 715 4220 brachia
748 4185 921 4230 semper
954 4170 1179 4230 stragulis
1214 4183 1350 4214 accu-
1441 4166 1491 4212 in
1515 4165 1588 4214 ed.
1614 4165 1694 4212 ’68
1725 4178 1883 4225 usque
1906 4163 1968 4210 ad
2001 4167 2114 4212 Cum
2141 4167 2260 4211 enim
2289 4163 2342 4209 in
2366 4163 2389 4222 ξ
2417 4163 2495 4236 59,

292 4248 397 4288 rate
420 4243 631 4298 cooperta
652 4238 855 4283 detineat
877 4241 959 4280 aue
982 4231 1089 4279 add.
1113 4231 1186 4278 ed.
1211 4232 1307 4278 ⁹68.
1440 4245 1529 4292 pro
1564 4228 1742 4290 quibus
1787 4234 1956 4275 extant
1997 4227 2235 4288 quaedam
2275 4242 2398 4287 quae
2445 4240 2495 4271 m

361 4310 383 4340 Ρ
416 4318 558 4362 cupra
598 4300 707 4362 jam
728 4314 871 4360 supra
894 4297 965 4345 ed.
992 4298 1085 4344 ⁹68.
1442 4293 1535 4341 fine
1560 4293 1711 4354 hujus
1733 4307 1836 4353 cap.
1863 4292 2171 4338 invenientur
2191 4306 2238 4352 p.
2268 4292 2374 4337 151.

360 4375 383 4405 ¹¹
412 4382 555 4426 prom.
612 4366 885 4424 praesertim
916 4365 964 4408 in
997 4362 1354 4408 adolescentibus
1508 4363 1525 4386 ⁸
1558 4359 1754 4418 quinque
1776 4358 1848 4403 vel
1867 4355 1969 4415 sex]
1993 4357 2021 4402 3
2053 4358 2124 4402 vel
2148 4357 2179 4400 4
2199 4354 2272 4401 ed.
2301 4355 2394 4403 ¹76.

291 4434 504 4482 accidere
527 4429 599 4476 ed.
624 4429 717 4476 ’68.
744 4427 817 4474 cf.
844 4425 927 4473 inf.
954 4441 999 4486 p.
1028 4424 1132 4471 150.
1160 4438 1205 4470 n.
1512 4425 1527 4451 ²
1562 4418 1934 4481 nisi—madeat]
1960 4434 2056 4466 om.
2079 4419 2150 4466 ed.
2175 4418 2270 4468 '76.

362 4503 381 4525 ¹
414 4497 760 4542 Deles-minante
774 4489 882 4554 φη]
902 4489 1095 4536 Desunt
1109 4488 1359 4550 sequentia
