3138 5006
640 190 769 254 376
1262 184 1654 249 THOMAE
1703 182 2218 249 SYDENHAM

362 368 445 415 Du
467 367 571 415 An·-
634 354 1008 433 spectantur
1035 350 1481 433 phaenomena
1510 350 1649 433 jam
1687 348 1884 412 missa
1919 348 2085 411 facio
2107 348 2147 430 :)
2195 346 2277 411 ab
2307 346 2432 411 hac
2473 347 2614 431 ipsa
2655 347 2880 431 spiri-

334 431 609 544 ζξζζὲζ·
634 461 824 517 tuum
842 454 1315 519 inordinatione
1331 455 1620 520 nascitur
1639 456 2040 540 perturbatio
2060 456 2190 533 illa,
2201 462 2266 519 et
2287 455 2539 518 varians
2561 453 2882 518 subinde

326 576 533 625 Infirma
636 565 772 621 tam
802 558 1001 621 animi
1026 581 1219 641 quam
1244 560 1522 644 corporis
1543 559 1976 643 intemperieS,
2002 579 2166 642 quae
2193 564 2338 621 tum
2359 557 2430 619 in
2455 554 2875 640 Hystericisx,

326 642 585 754 0323?
635 668 777 724 tum
803 660 1399 745 Hypochondriacis
1428 661 1834 727 dominatur:
1881 683 2030 725 cum
2053 662 2226 725 enim
2250 660 2542 744 utrisque
2567 658 2746 723 desit
2781 680 2876 721 ea

326 778 445 832 quot
469 770 573 817 ani·
638 764 981 846 spirituum
1025 766 1313 844 firmitas,
1355 788 1519 850 quae
1560 766 1632 829 in
1675 765 2164 844 robustioribus,
2197 774 2390 849 atque
2433 765 2512 828 iis
2561 766 2876 848 quorum

326 834 466 961 {213³ss
480 850 590 945 εἷ’
636 866 973 931 facultates
998 868 1142 952 jugi
1173 871 1516 953 spirituum
1546 876 1921 952 vegetorum
1956 868 2242 933 subsidio
2271 876 2639 948 actuantur,
2675 890 2868 933 sem·

326 964 581 1090 3320&ss
634 990 749 1051 per
778 969 1122 1051 invenitur,
1152 971 1600 1057 impressiones
1637 994 1855 1037 rerum
1885 974 2100 1036 minus
2140 978 2470 1055 gratarum
2499 984 2870 1055 nequeunt

459 1062 472 1075 ”
633 1073 949 1155 perferre,
1004 1075 1111 1138 sed
1158 1075 1258 1139 vel
1300 1078 1399 1140 ira
1433 1077 1534 1140 vel
1580 1077 1796 1140 dolore
1840 1075 2053 1139 subito
2099 1074 2342 1158 perciti,
2373 1074 2642 1157 perinde
2685 1085 2865 1137 sunt

634 1176 977 1241 irritabiles
1028 1186 1221 1262 atque
1268 1180 1362 1243 illi
1414 1202 1688 1263 quorum
1739 1173 2106 1259 ἡγεμονικόν
2145 1178 2402 1241 mollius
2447 1184 2512 1241 et
2559 1178 2864 1241 debilius

633 1280 734 1343 vel
780 1280 1039 1347 Natura
1088 1284 1293 1365 primo
1344 1282 1661 1367 procudit,
1710 1290 1823 1346 aut
1872 1282 2126 1363 longior
2171 1279 2658 1361 aegritudinum
2716 1280 2860 1342 sive

634 1383 827 1446 series
872 1384 1000 1448 sive
1047 1407 1229 1449 mora
1270 1386 1535 1450 tandem
1579 1384 1876 1449 reddidit.
1965 1384 2230 1447 Etenim
2275 1382 2478 1445 animi
2519 1383 2735 1446 robur
2783 1390 2855 1445 et

630 1484 1013 1563 constantia,
1047 1486 1355 1569 quamdiu
1380 1488 1505 1551 hoc
1538 1486 1818 1569 corporis
1846 1488 1986 1551 luto
2027 1486 2084 1549 is
2121 1486 2535 1563 incrustatur,
2569 1506 2612 1547 a
2639 1486 2853 1549 firmi-

632 1584 859 1649 tudine
911 1587 1255 1669 spirituum
1306 1589 1514 1653 eidem
1564 1590 2019 1653 famulantium
2068 1588 2348 1653 maxime
2395 1588 2640 1672 pendet
2657 1614 2682 1665 3
2735 1590 2852 1670 qui

634 1689 895 1771 quidem
940 1712 1311 1775 supremum
1344 1692 1417 1757 in
1448 1693 1619 1757 scala
1653 1694 1960 1757 materiae
2001 1692 2272 1776 gradum
2301 1693 2744 1770 constituunt,
2777 1693 2848 1754 in

632 1793 770 1875 ipso
800 1793 989 1856 Entis
1020 1795 1472 1859 Immaterialis
1503 1796 1784 1860 confinio
1817 1795 2030 1879 positi.
2107 1796 2402 1877 Cumque
2437 1793 2644 1857 animi
2678 1814 2848 1855 com-

620 1916 821 1977 payes
854 1895 931 1977 (si
960 1897 1056 1959 fas
1086 1904 1183 1962 est
1213 1898 1307 1961 ita
1328 1897 1583 1980 dicere,)
1619 1899 1810 1980 longe
1838 1898 2043 1980 magis
2073 1897 2318 1961 affabra
2346 1896 2430 1958 sit
2459 1903 2527 1959 et
2559 1896 2846 1959 delicata

633 2020 825 2080 quam
862 2006 958 2062 est
998 2000 1275 2082 corporis
1316 2008 1659 2077 structura,
1689 2008 1918 2084 utpote
1956 2021 2118 2083 quae
2154 2000 2228 2063 in
2256 2000 2598 2062 harmonia
2635 2000 2843 2063 facul-

630 2107 842 2163 tatum
897 2102 1590 2183 praestantissimarum
1641 2112 1708 2167 et
1764 2124 1932 2187 pene
1982 2102 2344 2166 divinarum
2393 2102 2734 2179 consistat,
2788 2104 2840 2163 si

631 2202 824 2287 hujus
855 2203 1169 2273 σύστασις
1199 2206 1646 2289 quoquomodo
1684 2206 1878 2269 fuerit
1905 2206 2268 2287 interrupta
2295 2204 2838 2286 conturbataque,

632 2308 835 2390 major
856 2306 1007 2371 inde
1038 2314 1342 2390 sequetur
1362 2308 1569 2386 ruina,
1597 2313 1840 2390 quanto
1860 2305 2346 2390 praecellentius
2376 2312 2514 2368 erat
2535 2314 2606 2367 et
2627 2306 2842 2387 magis

632 2410 1017 2492 exquisitum
1041 2410 1383 2494 opificium,
1410 2410 1565 2473 dum
1587 2410 1916 2492 integrum
1945 2415 2276 2492 perstaret.
2321 2409 2410 2472 Et
2431 2408 2536 2471 hic
2569 2408 2840 2490 quidem

631 2513 1011 2577 miserorum
1040 2535 1196 2596 quos
1228 2514 1651 2597 depinximus,
1673 2513 2016 2596 animoque
2048 2512 2419 2589 fioetom,
2451 2517 2662 2574 status
2697 2521 2840 2586 est;

631 2615 735 2677 cui
777 2616 949 2679 malo
991 2637 1124 2680 non
1169 2616 1358 2679 citius
1402 2615 1760 2680 remedium
1805 2616 2048 2679 adferet
2091 2614 2386 2698 pertinax
2425 2613 2689 2696 aliquod
2739 2615 2842 2676 vel

631 2715 1111 2780 insolentissimi
1145 2718 1343 2781 Stoici
1372 2717 1724 2796 decretum,
1757 2739 1951 2800 quam
1981 2713 2404 2801 ὀδονταλγίαν
2434 2717 2842 2798 praecaverit

630 2820 685 2882 is
715 2820 831 2905 qui
848 2819 1116 2883 firmiter
1146 2821 1464 2898 statuerit,
1498 2841 1565 2884 se
1594 2821 1775 2884 nullo
1797 2820 1988 2884 modo
2004 2819 2464 2903 permissurum
2489 2825 2566 2881 ut
2595 2817 2842 2882 dentes

630 2922 847 2987 dolore
876 2929 1347 3005 pertententur.

728 3025 891 3108 [91.]
950 3025 1119 3088 Satis
1148 3025 1366 3109 itaque
1389 3025 1525 3108 jam
1548 3029 1821 3103 constat,
1850 3024 2142 3108 (opinor,)
2171 3045 2428 3088 omnem
2448 3023 2629 3086 hunc
2656 3044 2840 3086 mor-

629 3125 784 3188 bum
818 3125 901 3188 ad
936 3125 1195 3207 spiritus
1236 3126 1543 3189 animales
1587 3147 1723 3191 non
1749 3127 1876 3190 rite
1913 3127 2247 3210 dispositos
2285 3126 2508 3190 referri
2549 3125 2836 3202 debere;

627 3247 749 3290 nec
780 3249 817 3289 a
845 3227 1089 3290 semine
1120 3234 1232 3290 aut
1256 3227 1572 3310 sanguine
1593 3235 1926 3292 menstruo
1947 3229 2280 3312 corruptiS,
2311 3229 2508 3312 (quod
2529 3239 2840 3292 asserunt

627 3329 924 3392 nonnulli
954 3330 1297 3412 authores)
1335 3337 1399 3393 et
1437 3328 1678 3392 halitus
1713 3328 2032 3412 malignos
2067 3330 2138 3392 in
2165 3337 2378 3413 partes
2409 3329 2668 3392 affectas
2699 3331 2838 3392 ele-

627 3433 946 3513 vantibus,
976 3434 1244 3518 produci
1251 3461 1269 3512 3
1301 3454 1423 3497 nec
1454 3454 1493 3496 a
1520 3453 1858 3497 succorum
1886 3433 2100 3497 nescio
2123 3455 2252 3516 qua
2277 3453 2570 3516 perversa
2599 3431 2834 3515 deprae

626 3538 901 3616 vatione,
955 3538 1086 3601 sive
1144 3538 1340 3601 etiam
1397 3536 1746 3600 humorum
1797 3537 2042 3600 acrium
2085 3537 2517 3619 congestione,
2568 3538 2666 3618 (ut
2719 3537 2834 3600 alii

626 3639 895 3721 volunt,)
944 3639 1057 3702 sed
1105 3639 1185 3702 ab
1230 3639 1309 3702 iis
1355 3659 1511 3721 quas
1557 3636 1750 3701 modo
1801 3637 2265 3720 assignavimus
2311 3638 2536 3702 causis.
2629 3637 2834 3703 Quod

628 3743 803 3807 enim
843 3742 1057 3807 morbi
1098 3743 1300 3806 fomes
1344 3741 1415 3803 in
1458 3738 1732 3802 materia
1771 3760 1905 3802 non
1949 3739 2298 3818 delitescat,
2328 3740 2524 3803 unica
2563 3739 2688 3803 hac
2727 3741 2836 3803 in·-

322 3863 486 3911 Morbi
506 3863 579 3910 fo-
628 3845 869 3909 stantia
896 3844 1051 3909 satis
1081 3843 1413 3908 elucescet.
1504 3843 1831 3920 Foemina‚
1869 3841 2070 3924 (verbi
2107 3842 2356 3924 gratia,)
2395 3863 2556 3926 quae
2599 3844 2836 3906 rectis-

318 3928 565 4042 ζζῗξζξζῑι
627 3947 789 4012 sima
831 3969 1083 4032 semper
1111 3944 1478 4010 valetudine
1517 3945 1619 4008 uti
1661 3945 1843 4022 solet,
1873 3944 2066 4008 modo
2107 3943 2451 4009 delicatula
2479 3944 2563 4008 sit
2601 3944 2718 4008 illa
2761 3953 2838 4010 et

319 4073 417 4106 non
439 4055 561 4134 doli:
626 4051 943 4115 teneriore
971 4049 1251 4134 corporis
1288 4047 1535 4127 habitu,
1568 4047 1622 4111 si
1649 4047 1816 4112 forte
1861 4069 2072 4112 errore
2103 4047 2333 4130 aliquo,
2367 4048 2497 4111 sive
2527 4049 2832 4128 emetico,

317 4129 603 4235 ξξζῗέξᾏὶῗιῖ
628 4153 757 4218 sive
800 4153 1153 4218 cathartico
1198 4151 1420 4235 quovis
1463 4150 1743 4229 fortiore,
1784 4149 2060 4213 nimium
2097 4149 2292 4214 fuerit
2335 4149 2673 4213 debilitata
2717 4171 2834 4214 ex-

321 4249 523 4298 cidatur.
625 4255 1002 4340 haustaque,
1034 4261 1209 4319 certo
1246 4255 1481 4318 certius
1523 4259 1952 4339 symptomate
1982 4252 2194 4336 aliquo
2223 4273 2300 4314 ex
2344 4251 2422 4313 iis
2453 4250 2688 4334 quibus
2721 4250 2838 4314 hie

626 4359 888 4423 morbus
928 4359 1223 4441 stipatur,
1255 4357 1676 4435 multabitur3
1725 4355 1892 4438 quod
1935 4364 2154 4418 tamen
2201 4355 2513 4438 ejusmodi
2558 4355 2838 4420 vomitio
