3138 5006
659 291 807 356 468·
1278 283 1671 350 THOMAE
1721 282 2240 352 SYDENHAM

389 465 474 511 Da
498 461 615 510 Hr—
660 449 1235 528 tumultuarentur,
1286 453 1514 512 venter
1571 447 1850 514 maxime
1898 469 2118 514 versus
2169 451 2498 534 superiora
2555 451 2888 515 intumes-

412 541 603 576 onore.
664 551 871 630 cebat,
892 557 1206 632 tanquam
1232 555 1411 612 novo'
1430 569 1744 632 aquarum
1773 557 2088 632 proventu
2111 552 2326 617 denuo
2355 555 2638 637 repletus
2665 555 2840 619 foret
2859 579 2886 633 ;

665 655 839 740 quod
876 659 1100 716 tamen
1138 650 1279 715 fieri
1317 673 1451 715 non
1483 672 1670 734 posse
1709 650 2008 732 sciebam,
2039 673 2192 718 cum
2225 654 2320 719 ita
2353 677 2544 738 parce
2581 656 2888 734 bibisset,

664 779 741 823 ac
768 755 1037 842 proinde
1071 763 1395 819 tumorem
1422 754 1608 819 illum
1639 775 1678 817 a
1703 755 1987 835 flatibus,
2019 777 2177 840 quos
2205 758 2456 840 peperit
2483 756 2720 838 ἀταξία.
2753 759 2892 821 ista

668 883 707 926 a
732 857 1099 924 catharticis
1127 863 1489 939 provocata,
1519 863 1782 921 tantum
1817 858 1990 922 oriri.
2081 859 2278 925 Quod
2309 881 2526 924 meum
2554 861 2890 944 judicium

669 970 935 1029 eventus
980 960 1450 1044 comprobavit:
1510 961 1665 1024 licet
1709 960 1884 1024 enim
1927 961 2030 1024 vel
2067 963 2374 1045 congium
2413 983 2614 1045 aquae
2653 983 2734 1026 eo
2773 962 2892 1026 die

669 1088 797 1151 quo
846 1063 1248 1150 purgabatur
1294 1063 1604 1147 ejecisset,
1654 1083 1807 1128 mox
1863 1069 2085 1128 tamen
2143 1065 2353 1152 coepit
2403 1065 2888 1142 intumescere;

670 1192 791 1236 nec
824 1167 1197 1233 remittebat
1226 1173 1445 1230 tumor
1472 1165 1602 1244 ille,
1636 1166 1718 1230 ad
1748 1174 1978 1249 guttur
2013 1189 2216 1252 usque
2257 1189 2596 1251 assurgens
2631 1175 2696 1232 et
2730 1168 2892 1252 dys-

670 1295 881 1358 pnoea
930 1272 1239 1354 affligens,
1282 1269 1485 1334 donec
1537 1290 1788 1354 corpus,
1831 1289 1874 1333 a
1908 1271 2329 1353 purgantium
2369 1270 2666 1334 molestia
2717 1269 2896 1334 libe-

670 1383 907 1454 ratum,
952 1379 1198 1437 statum
1247 1371 1612 1436 naturalem
1657 1393 1732 1435 ac
1781 1373 2066 1456 quietem
2109 1374 2456 1457 reciperet3
2511 1396 2639 1458 quo
2680 1373 2894 1452 facto,

672 1485 740 1544 et
790 1486 1010 1543 tumor
1068 1483 1134 1540 et
1184 1480 1436 1539 caetera
1492 1479 1929 1557 symptomata
1986 1474 2333 1558 derepente
2391 1475 2892 1553 evanescebant,

676 1586 880 1649 donec
921 1604 960 1646 a
1006 1579 1391 1647 succedente
1424 1577 1705 1643 catharsi
1741 1579 1823 1643 de
1855 1600 2024 1644 novo
2056 1580 2486 1644 irritarentur.
2576 1579 2894 1661 Denique

676 1693 743 1751 et
786 1686 911 1750 hoc
960 1681 1606 1748 animadvertendum
1649 1688 1808 1761 erat,
1845 1681 2037 1766 quod,
2067 1704 2218 1747 cum
2267 1683 2556 1769 praefata
2597 1681 2898 1744 foemina

674 1811 923 1854 annum
960 1808 1157 1872 agens
1195 1785 1802 1870 quinquagesimum
1839 1787 2159 1871 quintum,
2189 1787 2440 1850 fluxum
2471 1792 2896 1850 menstruum

668 1896 808 1980 jam
833 1892 914 1957 ab
946 1891 1134 1955 annis
1164 1890 1409 1973 aliquot
1431 1911 1566 1954 non
1593 1889 1805 1954 fuerat
1826 1911 2031 1973 passa,
2057 1897 2348 1955 attamen
2367 1911 2620 1954 menses
2641 1909 2900 1972 magno

676 1995 860 2079 quasi
885 1993 1155 2059 flumine
1194 1992 1620 2076 erumpebant
1649 1991 1900 2071 denu03
1947 1994 2058 2076 qui
2095 1992 2430 2076 sanguinis
2457 1993 2666 2057 fluxus
2703 1991 2898 2055 debi-

674 2097 846 2162 litati
887 2103 953 2160 et
989 2095 1511 2161 evacuationibus
1550 2093 1937 2176 praegressis
1983 2093 2240 2160 additus
2267 2095 2500 2177 ingens
2528 2094 2892 2158 affectuum

679 2200 1150 2285 hystericorum
1202 2219 1438 2280 agmen
1496 2197 1874 2276 adducebat,
1929 2197 2216 2262 dolorem
2267 2197 2510 2261 scilieet
2559 2195 2634 2262 in
2691 2195 2894 2259 dorso

678 2312 745 2368 et
780 2305 949 2368 circa
983 2302 1317 2385 regionem
1358 2301 1597 2384 splenis
1611 2301 2100 2382 vehementem,
2131 2300 2614 2386 cephalalgiam,
2645 2307 2714 2364 et
2747 2307 2896 2364 tus-

379 2420 573 2486 Ἀταείᾳ
594 2421 654 2469 ab
678 2406 800 2470 sim
858 2404 1152 2469 ferinam.
1242 2402 1529 2482 Adhaec,
1577 2403 1857 2483 tametsi,
1901 2411 2047 2488 post
2102 2411 2243 2468 tam
2291 2403 2614 2487 insignem
2677 2423 2893 2487 aquae

370 2496 651 2603 ξζζξξζξῗ
682 2510 1113 2595 quantitatem
1168 2528 1287 2592 per
1333 2530 1423 2586 οε,
1470 2507 1708 2587 sedem,
1754 2514 1820 2573 et
1870 2508 2111 2588 urinaS,
2158 2509 2574 2588 eliminatam,
2621 2507 2896 2574 omnino

372 2620 565 2731 ἓξὲξ
565 2624 629 2729 11²st
681 2612 989 2679 credibile
1020 2618 1187 2676 esset
1207 2632 1343 2675 non
1370 2612 1653 2675 multum
1675 2612 1745 2675 in
1776 2632 2037 2696 corpore
2065 2620 2326 2692 restare,
2351 2620 2640 2677 attamen
2657 2619 2896 2675 venter

378 2748 511 2796 dum.
679 2716 859 2780 haud
884 2714 1103 2779 minus
1130 2714 1594 2798 protuberabat
1624 2736 1818 2797 quam
1847 2714 2030 2779 nulla
2057 2714 2269 2781 adhuc
2299 2717 2716 2781 evacuatione
2743 2722 2901 2779 ten-

680 2826 823 2883 tata
852 2818 1117 2883 solebat.
1196 2817 1636 2882 Quamobrem
1665 2818 1748 2881 ad
1775 2818 1893 2881 hos
1933 2825 2149 2883 motus
2179 2818 2493 2884 sedandos
2528 2819 2664 2903 (qui
2691 2817 2900 2883 etiam

686 2924 769 2988 ad
800 2922 1225 3007 septimanam
1255 2944 1294 2987 a
1308 2928 1635 3004 postrema
1659 2921 2044 3005 purgatione
2073 2922 2410 3005 negotium
2437 2922 2894 3005 faeessebant,)

687 3031 949 3090 coactus
994 3046 1137 3088 sum
1180 3023 1263 3086 ad
1306 3030 1584 3106 quatuor
1610 3030 1834 3087 noctes
1873 3024 2215 3090 continuas
2251 3025 2522 3090 diacodii
2555 3025 2900 3108 sesquiun-

688 3130 854 3193 ciam
883 3128 1261 3212 propinare3
1308 3148 1471 3210 quae
1502 3127 1699 3191 etiam
1721 3128 1890 3192 dosis
1921 3140 2060 3193 erat
2079 3130 2448 3213 repetenda,
2471 3130 2599 3195 nisi
2627 3150 2900 3194 somnus

687 3232 863 3294 intra
918 3229 1109 3294 horas
1169 3234 1299 3292 tres
1358 3228 1826 3313 insequeretur.
1920 3232 2068 3297 Quo
2129 3233 2396 3297 tandem
2453 3240 2682 3317 pacata
2739 3242 2902 3298 sunt

690 3331 925 3410 omnia,
958 3339 1025 3397 et
1053 3338 1271 3394 tumor
1299 3332 1634 3415 disparuit.

382 3443 613 3555 {saian
790 3434 954 3518 [29.]
1014 3433 1161 3497 Hoc
1188 3432 1453 3498 interim
1483 3435 1806 3501 observari
1834 3436 2042 3516 velim,
2075 3437 2266 3523 quod,
2299 3440 2353 3503 si
2380 3439 2650 3504 leviculo
2680 3439 2900 3523 aliquo

384 3571 518 3619 venit
538 3578 595 3618 ut
690 3539 933 3603 ventris
977 3544 1232 3602 tumore
1285 3544 1580 3603 tentetur
1621 3560 1829 3622 aeger,
1875 3562 2011 3606 non
2055 3541 2149 3606 ita
2190 3550 2486 3626 prompte
2529 3544 2900 3607 educuntur

384 3642 625 3751 {2232—
694 3664 899 3727 aquae
944 3662 1060 3725 per
1104 3641 1497 3707 infusionem
1538 3644 1708 3708 croci
1753 3644 2180 3724 metallorum,
2223 3666 2298 3709 ac
2333 3646 2404 3709 in
2444 3647 2666 3712 Ascite
2705 3668 2897 3730 gran.

387 3766 529 3843 gibus·
542 3779 628 3825 per
697 3745 871 3809 diore
913 3744 1029 3808 ubi
1074 3745 1307 3827 ingens
1348 3767 1664 3829 aquarum
1702 3745 1884 3830 copia
1921 3755 2188 3830 aggesta
2235 3749 2468 3813 fuerit:
2515 3749 2758 3835 etenim
2795 3748 2902 3813 vel

389 3831 617 3944 ξὲξᾞὲ
694 3849 835 3933 ipsa
885 3868 1217 3931 aquarum·
1248 3848 1467 3927 moles,
1522 3848 1681 3912 dum
1737 3849 1996 3914 emetici
2053 3852 2424 3934 operatione
2483 3852 2768 3935 agitatur
2827 3872 2904 3915 ac

395 3968 539 4009 tatur-
698 3951 1085 4030 concutitur,
1128 3949 1212 4015 ad
1246 3951 1597 4017 earundem
1642 3951 2127 4017 evacuationem
2164 3954 2327 4018 mire
2371 3954 2656 4032 confert;
2705 3962 2902 4038 atque

701 4077 845 4119 eam
874 4054 956 4119 ob
997 4075 1277 4133 causam,
1309 4054 1437 4119 nisi
1464 4060 1689 4140 venter
1717 4054 1788 4118 in
1825 4062 2152 4120 tumorem
2187 4056 2514 4141 insignem
2547 4058 2906 4137 attollam,

702 4158 969 4223 omnino
1004 4159 1304 4223 convenit
1334 4166 1409 4223 ut
1436 4164 1580 4223 tota
1615 4180 1718 4223 res
1753 4162 2212 4226 evacuantibus
2247 4184 2362 4246 per
2393 4163 2698 4227 inferiora
2731 4184 2910 4228 com-

701 4263 1023 4327 mittatur.

392 4378 673 4491 Reiegsstpm
802 4365 967 4449 [30.]
1023 4366 1142 4428 Est
1166 4371 1231 4429 et
1262 4364 1437 4431 aliud
1465 4365 2010 4432 medicamentum
2041 4368 2196 4433 satis
2218 4369 2483 4453 vulgare
2511 4390 2586 4434 ac
2615 4368 2912 4453 simplex,

394 4520 475 4553 ote
500 4504 678 4552 cortice
706 4467 877 4551 quod
910 4468 1287 4551 Hydropem
1317 4470 1457 4553 pari
1494 4470 1747 4537 ratione
1777 4493 1904 4555 qua
1937 4472 2100 4537 illud
2146 4473 2224 4537 de
2265 4495 2392 4556 quo
2427 4472 2618 4537 modo
2653 4474 2916 4556 egimus
