3138 5006
1092 293 1618 366 TRACTATUS
1665 294 1760 358 ΙΙ.
2397 300 2525 362 467

330 453 386 520 ei
438 473 660 538 parem
712 471 1049 539 nunquam
1109 455 1427 520 hactenus
1473 455 1765 521 viderim.
1857 455 2002 538 Ego
2049 457 2525 543 sesquiunciam
2585 477 2670 526 Da
2697 479 2812 527 HY-

328 557 659 624 infusionis
694 559 865 624 croci
902 559 1315 624 metallorum
1358 558 1632 642 singulis
1677 558 1904 624 diebus
1955 559 2040 623 ad
2079 559 2369 624 triduum
2417 583 2522 626 ex-

328 661 522 740 hibui,
552 683 705 726 mox
747 662 1011 726 alternis
1052 661 1279 727 diebus
1314 683 1433 744 pro
1470 662 1706 726 virium
1747 683 1976 745 aegrae
2015 663 2284 742 ratione,
2315 685 2524 750 usque

326 761 474 829 dum
524 763 709 828 doses
754 765 1021 830 omnino
1068 785 1181 828 sex
1224 765 1551 830 hauserat.
1643 765 1879 828 Primis
1927 765 2176 851 aliquot
2223 767 2524 832 vomendi

324 864 561 930 vicibus
590 867 781 930 urina
808 868 1069 951 penitus
1100 867 1638 951 supprimebatur,
1663 889 1862 953 quam
1891 874 2118 952 postea
2138 869 2524 953 quandoque

324 987 433 1052 per
461 969 795 1034 intervalla
822 970 1153 1049 reddebat,
1187 970 1301 1034 sed
1337 991 1485 1034 raro
1522 970 1870 1034 admodum
1890 997 1911 1048 ;
1965 992 2090 1054 quo
2119 972 2526 1058 frequentius

326 1071 665 1136 emeticum
706 1073 1059 1156 repetebat,
1091 1095 1167 1137 eo
1210 1074 1523 1158 majorem
1561 1094 1770 1158 aquae
1809 1074 2060 1157 copiam
2101 1073 2348 1138 solebat
2378 1075 2524 1159 reji-

324 1193 481 1252 cere,
512 1175 709 1261 idque
754 1174 875 1240 sub
905 1177 1103 1240 finem
1142 1184 1283 1241 tam
1319 1197 1437 1260 per
1476 1198 1547 1240 os
1580 1198 1772 1258 quam
1803 1197 1918 1260 per
1947 1177 2185 1242 sedem.
2274 1177 2524 1242 Verum

324 1283 463 1360 post
490 1278 751 1342 tertiam
780 1279 967 1343 dosin
995 1287 1217 1342 tumor
1260 1277 1592 1344 subsidere
1631 1285 1827 1361 atque
1863 1278 2165 1343 imminui
2195 1280 2424 1362 coepit,
2457 1287 2524 1344 et

320 1387 462 1462 post
509 1382 998 1466 quatuordecim
1044 1382 1181 1446 dies
1225 1382 1375 1465 (filo,
1414 1403 1542 1464 quo
1589 1381 1943 1448 crassitiem
1990 1382 2270 1465 corporis
2315 1383 2524 1446 inflati

313 1484 497 1567 jussu
524 1505 673 1560 meo
700 1485 909 1549 fuerat
939 1485 1246 1564 dimensa,
1265 1485 1483 1570 judice
1512 1505 1588 1549 ac
1615 1485 1826 1567 teste,)
1854 1485 1992 1568 jam
2021 1485 2230 1549 tribus
2251 1485 2524 1568 pedibus

321 1587 611 1668 gracilior
656 1588 1035 1671 comparuit,
1086 1595 1283 1673 atque
1328 1587 1574 1670 aliquot
1625 1609 1830 1672 aquae
1881 1587 2142 1670 congios
2192 1588 2524 1672 (supputa-

318 1688 493 1754 tione
522 1711 601 1754 ex
630 1689 709 1754 iis
738 1712 903 1774 quae
931 1691 1093 1754 mihi
1122 1692 1263 1775 ipsa
1290 1691 1577 1754 narravit
1604 1690 1819 1772 facta,)
1847 1687 1977 1756 ἄνω
2007 1687 2116 1754 καὶ
2143 1688 2316 1754 κάτω
2345 1712 2523 1772 eges-

237 1838 256 1853 .
318 1799 523 1871 serat3
569 1793 665 1857 ita
690 1800 768 1857 ut
797 1803 961 1876 quae
989 1795 1167 1877 prius
1197 1793 1269 1856 in
1298 1793 1466 1857 lecto
1486 1815 1624 1858 non
1652 1793 1778 1856 nisi
1799 1801 2013 1858 erecta
2035 1793 2413 1872 dormiebat,
2437 1815 2524 1858 ne

316 1893 706 1959 decumbens
750 1896 833 1960 ab
873 1917 1185 1980 aquarum
1228 1896 1511 1981 pondere
1556 1896 1998 1975 suffocaretur,
2022 1897 2160 1980 jam
2204 1896 2414 1980 capite
2450 1896 2522 1960 in

314 1996 611 2080 pulvinar
630 1998 943 2063 reclinato
966 2019 1193 2064 secura
1213 2000 1477 2083 jaceret,
1504 2007 1569 2063 et
1603 1999 1684 2062 de
1712 2000 1912 2064 latere
1933 2000 2004 2063 in
2033 2000 2203 2064 latus
2219 2021 2337 2085 pro
2355 1999 2523 2064 arbi·

313 2099 439 2164 trio
462 2122 531 2165 se
551 2122 803 2166 movere
830 2103 1135 2186 potuerit.
1206 2103 1373 2166 Cum
1394 2123 1544 2166 vero
1568 2102 1742 2166 dicta
1770 2103 2044 2166 emetica
2063 2102 2370 2186 operandi
2391 2103 2520 2167 vio-

312 2203 516 2268 lentia
556 2225 815 2286 vapores
860 2205 1061 2288 (quos
1091 2205 1362 2289 dicunt,)
1412 2205 1496 2268 ad
1538 2226 1693 2269 eum
1735 2205 2008 2288 gradum
2048 2205 2403 2270 excitarent
2445 2212 2522 2268 ut

236 2323 253 2336 ·
308 2306 543 2370 iisdem
584 2307 828 2372 diutius
869 2307 1171 2378 morbum
1204 2308 1513 2372 lacessere
1550 2315 1773 2372 tutum
1805 2329 1942 2372 non
1985 2309 2172 2390 foret,
2203 2316 2271 2373 et
2299 2317 2522 2372 tamen

315 2409 479 2490 (tam
506 2430 583 2474 ex
612 2410 871 2474 residua
900 2410 1111 2474 adhuc
1141 2411 1379 2474 ventris
1410 2410 1598 2490 mole,
1633 2433 1826 2494 quam
1857 2433 2169 2495 aquarum
2199 2412 2522 2476 rotatione

309 2534 507 2595 quam
543 2514 737 2579 toties
778 2514 1171 2598 percipiebat
1212 2515 1461 2597 quoties
1507 2536 1576 2579 se
1619 2515 1692 2578 in
1735 2515 2120 2581 alterutrum
2159 2516 2330 2580 latus
2371 2537 2522 2580 con-

306 2616 619 2697 vertebat,
630 2624 697 2681 et
716 2618 999 2701 vestigiis
1016 2617 1279 2701 insuper
1294 2618 1389 2682 rei
1406 2618 1750 2701 cujuslibet
1771 2620 2122 2702 prementis
2137 2619 2209 2681 in
2225 2619 2403 2683 tibiis
2427 2628 2522 2683 et-

305 2720 438 2792 iam
456 2741 635 2784 nunc
654 2720 1114 2805 manentibus)
1142 2720 1286 2803 plus
1310 2721 1465 2785 satis
1486 2721 1763 2804 liqueret
1783 2721 2068 2785 multum
2089 2742 2293 2804 aquae
2311 2721 2521 2785 adhuc

302 2822 379 2885 in
420 2837 681 2905 corpore
710 2830 987 2900 restare3
1033 2822 1116 2887 ob
1147 2844 1407 2887 causam
1441 2822 1580 2906 jam
1611 2822 1871 2901 dictam,
1901 2822 2214 2905 reliquam
2243 2822 2520 2885 curatio-

302 2946 462 2988 nem
480 2925 906 3008 purgantibus
927 2925 1181 3009 proprie
1204 2926 1391 2989 dictis
1414 2925 1690 3007 cogebar
1713 2924 2055 2989 absolvere.
2102 2923 2382 2987 Posthac
2398 2924 2517 3007 igi-

300 3034 421 3091 tur
456 3028 556 3092 vel
590 3028 921 3112 potionem
963 3035 1353 3111 purgantem
1394 3027 1696 3111 supra.[§
1733 3026 1866 3110 15.]
1907 3026 2166 3104 dictam,
2198 3025 2300 3087 vel
2343 3026 2519 3089 aliud

298 3132 631 3215 quoddam
659 3133 1127 3217 hydragogum,
1157 3130 1572 3214 praescripsi3
1618 3128 1813 3211 idque
1859 3127 1957 3191 vel
1994 3127 2200 3191 rarius
2245 3127 2344 3189 vel
2381 3148 2515 3191 sae-

296 3236 472 3319 pius,
500 3244 694 3319 prout
724 3237 885 3301 vires
924 3238 1062 3321 ejus
1099 3235 1365 3313 ferrent,
1398 3239 1512 3297 aut
1538 3253 1802 3316 vapores
1839 3232 2057 3295 minus
2094 3230 2513 3297 infestarent:

294 3338 549 3401 etenim
595 3346 661 3403 et
704 3338 1012 3403 catharsis
1051 3359 1166 3424 per
1208 3337 1515 3402 inferiora
1563 3336 1831 3409 affectus
1870 3335 2224 3420 hystericos
2272 3336 2514 3419 aliqua·

294 3452 501 3509 tenus
538 3444 876 3524 invitabat,
906 3445 1057 3508 licet
1088 3464 1223 3507 non
1255 3443 1353 3507 ita
1392 3464 1616 3525 graves
1658 3450 1724 3507 et
1752 3441 2068 3507 violentos
2104 3462 2178 3506 ac
2218 3441 2511 3507 solebant

293 3548 593 3611 emetica.
685 3550 903 3630 Atque
940 3547 1012 3611 in
1051 3547 1173 3611 hac
1207 3545 1512 3610 methodo
1550 3544 1971 3628 persistebam
2007 3544 2210 3609 donec
2247 3567 2508 3628 prorsus

2605 558 2797 594 DROPE·

290 3649 699 3713 convaluisse
742 3650 1085 3715 videretur.
1187 3648 1352 3732 [26]
1410 3648 1596 3713 Quae
1647 3648 1806 3712 dum
1849 3650 2098 3727 fierent,
2139 3650 2298 3713 haec
2345 3649 2506 3713 mihi
2533 3665 2648 3713 Tria
2671 3666 2752 3713 hie

288 3753 643 3837 praecipue
687 3752 1083 3818 observanda
1120 3752 1582 3817 occurrebant:
1645 3753 1882 3831 Primo,
1929 3754 2102 3836 quod
2147 3754 2226 3819 iis
2279 3754 2505 3820 diebus

290 3854 537 3937 quibus
566 3878 607 3920 a
644 3856 1031 3939 purgatione
1064 3854 1432 3931 feriebatur,
1464 3875 1934 3938 nonnunquam
1972 3878 2276 3938 magnam
2312 3879 2506 3939 aqua-

282 3977 449 4021 rum
487 3958 616 4021 vim
660 3979 775 4041 per
814 3958 1031 4021 sedem
1072 3955 1476 4036 excernebat,
1516 3964 1711 4041 atque
1755 3958 1950 4021 etiam
1997 3958 2116 4023 sub
2155 3959 2354 4021 finem
2393 3980 2510 4043 per

284 4066 555 4123 meatus
612 4060 931 4124 urinarios
983 4059 1083 4123 vel
1133 4058 1216 4122 ad
1266 4059 1482 4141 congii
1532 4080 1920 4138 mensuram,
1969 4058 2322 4141 quamlibet
2373 4082 2508 4124 non

282 4164 475 4229 ultra
519 4163 962 4247 sesquilibram
1001 4161 1099 4225 vel
1140 4160 1337 4225 libras
1381 4161 1540 4225 duas
1581 4168 1772 4246 potus
1811 4183 1928 4245 pro
1973 4162 2241 4243 singulis
2283 4160 2507 4225 diebus

280 4264 755 4342 concederem3
800 4264 893 4327 ita
930 4269 1006 4327 ut
1040 4269 1263 4346 portae
1304 4284 1525 4327 omnes
1564 4270 1758 4346 atque
1799 4264 2051 4327 canales
2091 4264 2508 4347 undicunque

278 4372 521 4447 patere
550 4365 937 4431 viderentur.
1020 4365 1317 4431 Secundo
1349 4374 1581 4431 notatu
1611 4366 1880 4449 dignum
1913 4374 2068 4443 crat,
2103 4367 2294 4449 quod,
2327 4388 2508 4431 cura-

278 4468 480 4531 tione
524 4469 653 4533 fere
698 4470 1009 4549 absoluta,
1054 4470 1368 4553 siquando
1408 4489 1670 4557 vapores
1711 4492 1744 4532 a
1795 4470 2162 4535 catharticis
2203 4471 2508 4534 commoti

2531 3746 2562 3779 n

2531 3811 2562 3843 n

2565 3737 2697 3779 otatu
2706 3732 2813 3793 dig-

2565 3812 2580 3843 ι
2585 3810 2686 3842 aaaa
2689 3812 2698 3817 ·
2709 3812 2751 3843 a.
