3138 5006
665 269 712 327 4
1283 264 1677 329 THOMAE
1725 261 2242 329 SYDENHAM

363 438 630 486 Emi-om
667 447 832 490 mum
874 427 944 489 in
973 427 1231 508 publica
1278 427 1595 490 commoda
1646 427 1957 504 cesserint,
1998 426 2096 488 illi
2134 429 2323 507 yrato
2370 423 2575 485 animo
2622 431 2877 502 accepta
2950 477 2957 482 .

361 503 640 618 {3³5⁰}ssssss-
665 529 990 611 referenda
1020 536 1218 605 erunt,
1248 550 1367 612 quo
1381 535 1740 611 promotore
1768 535 1954 613 atque
1993 529 2241 609 auspice
2268 547 2343 589 ea
2370 525 2580 589 studia
2596 525 2879 606 primum

616 636 638 642 ”
664 653 802 695 sum
831 653 1176 716 aqqressus.
1238 634 1393 695 Post
1423 653 1617 695 annos
1646 633 1883 713 aliquot
1908 633 1977 694 in
2006 631 2341 694 Palaestra
2369 628 2749 691 Academica
2776 628 2875 688 in-

661 742 956 818 sumptos,
975 736 1326 798 Londinum
1345 755 1644 813 reum-sus,
1670 736 1759 798 ad
1770 736 2039 798 Praoeim
2054 734 2373 797 Medicam
2396 733 2626 795 accessi
2643 757 2665 804 ;
2688 751 2877 812 quam

665 858 802 901 cum
831 839 1065 902 intento
1095 839 1424 901 admodum
1453 839 1625 901 oculo
1654 840 1934 920 omnique
1972 837 2252 900 adhibita
2282 835 2607 918 diligentia
2636 835 2877 897 curiose

665 942 1066 1020 observarem,
1120 961 1266 1005 mooe
1319 941 1390 1003 in
1445 961 1584 1004 eam
1638 942 1778 1004 veni
1834 941 2217 1017 sententiam,
2272 941 2452 1022 (quae
2496 957 2730 1001 mecum
2786 937 2879 998 ad

663 1045 1024 1107 hodiernum
1053 1063 1243 1126 usque
1272 1044 1434 1106 diem
1463 1045 1700 1125 crevit,)
1736 1045 1897 1105 hanc
1922 1044 2158 1105 scilicet
2185 1043 2408 1105 Artem
2436 1041 2609 1104 haud
2644 1041 2877 1103 rectius

653 1148 1130 1228 perdiscendam
1172 1167 1320 1226 esse,
1354 1166 1538 1230 quam
1584 1145 1663 1208 ab
1706 1147 1903 1228 ipsius
1931 1146 2113 1208 Artis
2154 1144 2450 1208 exercitio
2490 1148 2675 1226 atque
2711 1163 2871 1214 usu,-

663 1270 925 1335 veroque
955 1250 1282 1312 admodum
1309 1269 1439 1312 esse
1465 1249 1687 1327 simile,
1722 1247 1888 1330 quod
1912 1249 2018 1329 qui
2053 1247 2143 1310 ad
2175 1247 2494 1311 naturalia
2522 1245 2873 1308 morborum

653 1353 1079 1432 phaenomena
1123 1353 1330 1415 oculos
1372 1352 1759 1432 animumque
1798 1351 2262 1413 accuratissime
2304 1351 2687 1430 mazimeque
2727 1348 2871 1410 dili-

657 1459 875 1534 ¹qenter
905 1454 1262 1532 adverterit,
1293 1454 1362 1516 in
1399 1453 1717 1516 eliciendis
1750 1452 2049 1515 curativis
2091 1451 2570 1514 indicationibus
2601 1450 2767 1513 veris
2795 1471 2873 1514 ac

656 1558 942 1637 ¹qenuinis
970 1558 1238 1619 maxime
1252 1557 1492 1638 pollere
1515 1555 1752 1619 debeat.
1812 1556 1983 1618 Huic
2009 1557 2220 1637 itaque
2248 1575 2343 1617 me
2364 1554 2645 1618 methodo
2675 1558 2874 1617 totum

663 1659 922 1738 tradidi,
951 1660 1110 1722 satis
1135 1679 1404 1736 securus,
1438 1658 1618 1740 quod,
1649 1659 1967 1721 Naturam
1994 1659 2053 1720 si
2080 1677 2365 1740 sequerer
2392 1657 2628 1736 ducem
2658 1657 2851 1720 etiam

923 1781 956 1806 “
973 1781 1095 1826 Avia
1117 1787 1345 1828 terrarum
1359 1792 1623 1842 peragrans
1642 1781 1758 1837 loca,
1780 1781 1953 1826 nullius
1972 1786 2079 1827 ante
2334 1749 2341 1757 Δ

977 1862 1112 1908 Trita
1131 1856 1568 1921 solo,''—[Lucret.
1594 1861 1667 1908 De
1684 1861 1792 1909 Ber.
1817 1861 1935 1908 Nat.
1956 1860 1989 1906 i.
2014 1861 2137 1908 925:
2174 1858 2237 1907 iv.
2266 1857 2338 1921 1.]

663 1985 962 2047 nusquam
995 1966 1095 2028 vel
1135 1966 1329 2029 latum
1363 1985 1629 2047 unquem
1670 1985 1713 2028 a
1752 1971 1923 2029 recto
1962 1965 2213 2029 tramite
2249 1963 2643 2028 discederem.
2728 1965 2875 2027 Hoc

662 2089 760 2131 me
792 2067 912 2149 filo
961 2087 1196 2149 regens,
1237 2068 1448 2148 primo
1499 2068 1589 2130 ad
1630 2071 2005 2149 pressiorem
2048 2065 2337 2131 Febrium
2388 2067 2873 2131 observationem

664 2172 936 2233 animum
975 2170 1206 2251 appuli,
1236 2175 1317 2248 et,
1335 2176 1485 2252 post
1528 2171 1887 2234 devoratum
1927 2170 2103 2234 haud
2138 2170 2444 2234 mediocre
2486 2169 2779 2248 taedium
2810 2175 2877 2232 et

663 2275 1126 2338 molestissimas
1169 2275 1390 2338 mentis
1433 2276 1824 2358 ayitationes,
1868 2275 2085 2358 quibus
2128 2296 2227 2340 me
2268 2276 2357 2338 ad
2400 2297 2593 2340 annos
2634 2277 2877 2359 aliquot

649 2377 1054 2459 fatigandum
1097 2377 1381 2458 permisi,
1443 2377 1694 2441 tandem
1748 2379 1817 2441 in
1874 2379 2221 2442 methodum
2279 2379 2474 2442 incidi
2530 2399 2655 2462 qua
2710 2379 2877 2442 istae

653 2485 908 2562 possent
957 2481 1212 2554 sanari;
1287 2500 1472 2562 quam
1527 2481 1736 2560 etiam,
1789 2481 2009 2545 amicis
2051 2481 2511 2565 flagitantibus,
2558 2483 2627 2547 in
2676 2481 2877 2546 lucem

653 2584 1060 2664 promendam
1082 2583 1460 2665 jamdudum
1474 2584 1502 2624 θ
1546 2586 1835 2648 concessi.
1931 2586 2084 2648 Cum
2132 2606 2275 2649 vero
2320 2586 2401 2649 ab
2446 2586 2555 2649 illo
2602 2592 2875 2667 tempore

666 2704 857 2747 novas
891 2682 1178 2748 Febr-ium
1222 2687 1472 2767 species,
1515 2686 1671 2749 mihi
1715 2688 2011 2750 hactenus
2050 2687 2417 2770 incoynitas,
2453 2687 2575 2751 sibi
2616 2688 2877 2751 invicem

647 2788 896 2868 jupiter
933 2789 1318 2852 succedentes
1369 2789 1928 2868 animadverterim,
1972 2792 2168 2853 statui
2218 2792 2390 2872 apud
2426 2810 2540 2870 me,
2586 2810 2743 2873 quae
2786 2791 2881 2857 ad

667 2910 774 2952 eas
803 2891 1202 2971 pertinebant
1243 2892 1508 2974 singula,
1547 2893 1647 2955 vel
1686 2892 1766 2955 ab
1809 2893 2037 2956 eisdem
2064 2894 2437 2975 pendebant,
2467 2914 2705 2957 summa
2748 2914 2876 2975 qua

653 3014 900 3074 possem
943 2994 1266 3076 diligentia
1309 2996 1378 3057 in
1417 3016 1606 3058 unum
1649 2990 2011 3078 congerere,-
2085 3017 2204 3079 quo
2246 2998 2494 3061 tandem
2537 2998 2875 3079 aliquando

654 3098 897 3176 prioris
925 3098 1125 3178 coepti
1149 3096 1272 3159 mei
1301 3098 1661 3161 tenuitatem
1700 3105 1884 3182 atque
1920 3101 2243 3181 angustias
2266 3102 2462 3182 paulo
2492 3102 2877 3164 accuratiori

667 3220 744 3261 ac
771 3200 970 3280 mayis
1013 3198 1298 3262 absoluta
1340 3200 1556 3262 horum
1600 3201 1949 3265 morborum
1990 3203 2255 3265 historia
2284 3224 2555 3284 pensare
2582 3205 2871 3266 valerem.

668 3301 799 3365 Sed
845 3301 990 3363 dum
1038 3302 1192 3362 haec
1245 3302 1450 3364 animo
1499 3321 1828 3382 vet-sarm,
1882 3310 2066 3385 atque
2115 3306 2479 3388 indagarem
2526 3306 2755 3385 sedulo,
2808 3312 2873 3369 et

651 3406 920 3486 proinde
929 3406 1074 3487 jam
1103 3405 1172 3466 in
1199 3425 1268 3468 eo
1299 3411 1463 3469 totus
1491 3426 1683 3470 essem
1708 3414 1781 3470 ut
1804 3427 1931 3489 pro
1960 3408 2324 3491 multifariis
2351 3410 2641 3473 Naturae
2668 3416 2871 3473 muta·

665 3507 932 3569 tionibus
973 3512 1035 3571 et
1071 3509 1352 3570 versatili
1390 3510 1633 3590 ingenio
1676 3510 1957 3573 medendi
1999 3512 2365 3591 methodum,
2402 3532 2512 3575 ceu
2546 3513 2831 3594 ¹qladium
2846 3522 2872 3549 ⁰

663 3610 1050 3690 Delphicum,
1075 3610 1485 3690 procuderem
1513 3612 1791 3675 omnibus
1820 3632 2083 3693 parem;
2128 3615 2345 3677 statim
2373 3615 2571 3679 didici
2597 3635 2694 3679 me
2729 3616 2871 3679 ideo

666 3717 904 3774 tantum
940 3714 1252 3793 aperuisse
1296 3714 1519 3791 oculos,
1549 3720 1619 3777 ut
1645 3716 1903 3795 pulvere
1938 3716 2435 3798 (haudquaquam
2470 3738 2613 3780 vero
2643 3716 2869 3801 Olym-

664 3814 806 3896 pico
825 3810 897 3896 ‘¹,)
949 3814 1136 3877 iidem
1179 3817 1643 3896 complerentur,
1680 3823 1864 3900 atque
1906 3819 2005 3880 his
2047 3820 2308 3900 quidern,
2341 3822 2593 3901 proprii
2634 3821 2873 3883 cerebri

653 3918 1121 3997 phantasmata,
1173 3919 1321 3996 illis,
1372 3920 1607 3983 nullum
1664 3940 1759 3982 me
1796 3940 2063 4001 prorsus
2112 3921 2337 3985 habere
2394 3922 2626 4001 ducem,
2674 3924 2873 4004 plane

735 4127 755 4157 b
787 4130 1090 4193 jamdudum]
1139 4146 1204 4179 sc.
1250 4146 1377 4179 anno
1425 4132 1583 4190 1666„
1628 4148 1725 4196 quo
1815 4134 2035 4195 (Erasmi
2070 4138 2226 4198 Adag.
2262 4134 2375 4182 chil.
2409 4134 2459 4184 ii.
2496 4139 2622 4183 cent.
2656 4136 2699 4181 3.
2728 4150 2868 4198 prov.

666 4194 816 4256 hujus
855 4194 1012 4258 operis
1047 4197 1226 4258 prodiit
1259 4198 1332 4244 ed.
1378 4198 1462 4244 1¹⁰·
1495 4212 1611 4245 cum
1648 4200 1719 4246 tit.
1811 4198 1916 4259 69.)
1944 4200 2018 4248 Cf.
2044 4200 2128 4247 inf.
2153 4200 2215 4247 iv.
2242 4202 2287 4247 3.
2316 4202 2390 4247 14.

669 4261 910 4307 Metleodus
936 4262 1142 4307 Curanda·
1175 4263 1346 4308 Febr-es
1379 4262 1597 4323 Propriis
1628 4265 1719 4311 Ob·
1874 4260 1897 4292 ‘¹
1934 4264 2196 4327 Olympico]
2247 4266 2277 4291 ‘⁶
2292 4264 2421 4311 Sunt
2464 4278 2587 4325 quos
2628 4263 2873 4312 curriculo

664 4327 992 4371 ser-sationibus
1013 4327 1348 4385 Superstructa.
1809 4328 2061 4389 pulverem
2093 4328 2411 4392 Olympicum
2438 4326 2447 4391 Ι
2478 4327 2745 4389 0011εςὶεεε
2780 4330 2867 4390 ju-

733 4394 752 4415 ο
787 4388 818 4413 “
833 4390 1027 4436 Gladius
1048 4390 1302 4449 Delphicus
1325 4390 1384 4436 de
1405 4404 1456 4437 re
1474 4390 1725 4438 dicebatur
1811 4396 1940 4439 ΠΕ*
1972 4392 2166 4455 (Horat.
2196 4396 2279 4440 Od.
2306 4394 2336 4440 i.
2361 4394 2393 4441 1.
2418 4393 2491 4453 3.)

668 4452 728 4497 ad
793 4452 1004 4499 diversos
1075 4468 1196 4499 usus
1272 4454 1721 4518 accommodabili.’'
