3138 5006
391 438 587 488 anr.

359 502 459 550 En.
473 502 640 551 Tnu‘r.

660 260 748 322 20
1285 254 1675 321 THOMAE
1720 252 2239 319 SYDENHAM

661 424 944 495 tescere3
1020 438 1184 501 quae
1239 416 1404 481 mihi
1469 416 1774 482 videntur
1842 416 2127 499 reliquae
2200 414 2397 492 omni,
2458 434 2588 496 qua
2656 414 2865 496 patet,

665 520 974 585 materiae
1001 519 1286 583 medicae
1313 520 1598 603 palmam
1626 517 2006 602 praeripere,
2038 522 2106 581 et
2136 536 2299 599 quae
2327 513 2869 581 inveniendorum

665 621 748 685 de
783 620 1016 704 quibus
1053 622 1191 705 jam
1227 620 1506 685 diximus
1548 619 1981 684 remediorum
2019 617 2413 683 uberrimam
2452 616 2639 680 nobis
2684 636 2868 699 spem

665 722 950 801 faciunt3
995 743 1146 786 cum
1167 722 1544 787 animalium
1574 728 1788 805 partes
1818 742 1967 785 cum
1984 720 2274 785 humano
2302 735 2564 802 corpore
2584 718 2867 781 nimium

665 824 1007 889 convenire
1045 824 1404 902 videantur,
1435 824 1711 888 nimium
1756 822 2062 887 dissidere
2106 822 2476 899 mineralia3
2522 820 2699 884 unde
2742 826 2873 897 est,-

668 924 839 1009 quod
865 926 1204 990 mineralia
1229 925 1733 991 indicationibus
1754 924 2085 1008 potentius
2114 922 2519 1005 respondere,
2548 942 2742 1005 quam
2764 920 2869 983 vel

665 1028 886 1112 planta
895 1050 944 1106 s,
974 1028 1076 1092 vel
1115 1048 1195 1091 ex
1237 1027 1625 1093 animalibus
1671 1026 2030 1110 desumpta,
2072 1025 2303 1089 lubens
2331 1024 2575 1102 fateor-3
2620 1030 2689 1087 at
2728 1043 2869 1086 non

667 1130 956 1212 specifice
984 1136 1206 1195 tamen
1235 1130 1498 1209 mederi,
1529 1150 1607 1195 eo
1637 1150 1764 1212 quo
1800 1128 2081 1192 diximus
2110 1148 2305 1192 sensu
2333 1147 2409 1191 ac
2444 1125 2656 1191 modo.
2746 1124 2871 1187 Me

669 1232 842 1313 quod
883 1238 1148 1314 spectat,
1180 1252 1316 1295 non
1357 1231 1466 1294 hic
1503 1229 1680 1295 aliud
1726 1230 1889 1294 mihi
1932 1244 2119 1293 sumo
2162 1235 2415 1311 praeter
2459 1226 2745 1291 laborem
2790 1246 2871 1289 ac

667 1333 954 1397 taedium
998 1332 1156 1397 haec
1195 1341 1389 1417 atque
1431 1332 1803 1418 hujusmodi
1834 1333 1946 1397 diu
1984 1332 2393 1414 multumque
2429 1330 2567 1413 jam
2604 1345 2721 1413 per
2748 1329 2869 1392 ali-

669 1444 826 1519 quot
855 1458 1058 1502 annos
1089 1436 1308 1501 animo
1335 1436 1660 1515 versandi3
1690 1436 1970 1500 necdum
1998 1436 2161 1499 mihi
2188 1441 2327 1499 tam
2354 1434 2626 1499 feliciter
2654 1432 2869 1510 oessit,

667 1545 744 1602 ut
771 1556 924 1603 cum
961 1538 1268 1622 prudenti
1295 1538 1533 1603 fiducia
1562 1559 1727 1622 quae
1756 1537 1839 1602 de
1868 1538 1947 1601 iis
1988 1536 2401 1620 cogitaverim
2430 1536 2502 1599 in
2528 1534 2869 1619 publicum

667 1641 821 1705 dare
851 1640 1078 1705 ausim.

769 1741 937 1825 [25]
1007 1742 1507 1809 Quantumlibet
1562 1762 1714 1808 vero
1786 1740 1947 1805 mihi
2001 1762 2157 1824 prae
2214 1740 2480 1805 caeteris
2538 1738 2871 1803 arrideant

665 1844 946 1927 plantae,
975 1864 1112 1907 non
1149 1851 1372 1907 tamen
1409 1844 1466 1907 is
1509 1864 1655 1907 sum
1696 1843 1809 1925 qui
1847 1843 2081 1907 eximia
2121 1844 2235 1906 illa
2274 1842 2747 1906 medicamenta
2786 1860 2871 1905 ex

668 1946 794 2009 alia
813 1946 992 2010 tribu
1013 1946 1372 2030 desumpta,
1395 1966 1558 2028 quae
1576 1946 1673 2011 vel
1703 1946 1827 2009 hoc
1848 1946 1949 2009 vel
1977 1945 2104 2009 alio
2130 1946 2347 2028 aliquo
2376 1944 2629 2009 saeculo
2657 1942 2869 2007 homi-

666 2068 830 2111 num
863 2047 1184 2111 industria
1221 2054 1416 2129 atque
1444 2046 1663 2111 labore
1700 2046 2175 2113 intentionibus
2218 2054 2367 2131 apte
2408 2045 2873 2129 respondentia

666 2154 922 2231 reperta
962 2148 1161 2227 fuere,
1197 2155 1633 2212 contemnam.
1724 2150 1912 2213 Inter
1952 2170 2118 2233 quae
2160 2149 2442 2233 primum
2482 2148 2607 2212 sibi
2648 2145 2869 2211 locum

665 2246 1010 2314 vendicant
1037 2270 1204 2333 quae
1240 2252 1504 2315 nomine
1539 2252 1872 2315 Guttam
1914 2252 2208 2315 Doctum
2256 2251 2561 2314 Goddard
2592 2248 2866 2331 insigni-

667 2359 890 2430 untur,
921 2358 990 2415 et
1019 2373 1063 2415 a
1077 2352 1212 2416 viro
1242 2352 1611 2417 doctissimo
1638 2360 1709 2416 et
1737 2353 2150 2417 solertissimo
2170 2360 2309 2417 tam
2336 2350 2641 2417 Methodi
2667 2371 2871 2434 quam

673 2453 1130 2520 Remediorum
1158 2454 1554 2538 indagatore,
1580 2455 1703 2518 D¹¹⁰
1732 2454 2014 2520 Doctore
2044 2454 2337 2534 Goodall‚
2358 2458 2827 2538 praeparantur
2846 2477 2865 2516 ε

669 2576 944 2637 quorum
994 2557 1125 2620 vim
1181 2578 1256 2620 ac
1307 2557 1655 2622 efficaciam
1710 2557 1783 2620 in
1843 2558 2244 2640 attingendo,
2298 2557 2383 2620 ad
2430 2574 2625 2640 quem
2667 2555 2867 2638 vulgo

665 2656 1055 2738 diriguntur,
1111 2679 1320 2743 scop0,
1373 2659 1643 2723 caeteris
1698 2658 2059 2742 quibusque
2110 2659 2440 2742 spiritibus
2496 2657 2867 2722 volatilibus

658 2761 806 2842 jure
834 2759 1141 2842 praefero.

765 2861 930 2946 [26]
985 2863 1328 2927 Coronidis
1386 2865 1544 2940 loeo,
1598 2883 1749 2928 cum
1798 2863 1868 2926 in
1920 2863 2043 2928 hac
2093 2862 2585 2928 Introductione
2622 2861 2867 2926 fuerim

665 2965 988 3048 pollicitus
1027 2987 1132 3030 me
1163 2966 1470 3030 daturum
1509 2967 1833 3049 specimen
1874 2987 2100 3031 eorum
2143 2987 2305 3049 quae
2344 2966 2416 3028 in
2458 2965 2651 3048 hujus
2680 2964 2867 3028 Artis

667 3075 1094 3150 augmentum
1157 3076 1492 3151 utcunque
1557 3077 1831 3134 conatus
1892 3090 2073 3147 sum3
2148 3070 2339 3134 fidem
2400 3069 2671 3133 liberare
2722 3069 2867 3150 jam

664 3170 933 3234 tentabo
975 3171 1046 3233 in
1089 3169 1420 3234 tradendis
1463 3171 1753 3234 Historia
1810 3173 2256 3255 Curationeqae
2296 3174 2640 3236 Amorum
2680 3173 2867 3234 Mor-

667 3271 898 3335 borum.
989 3271 1141 3338 Qua
1185 3273 1258 3335 in
1305 3293 1377 3336 re
1423 3273 1575 3338 licet
1630 3275 1788 3338 satis
1834 3274 2164 3339 advertam
2212 3296 2319 3339 me
2370 3275 2617 3358 supinis
2668 3281 2867 3357 atque

663 3371 1114 3454 ignorantibus
1151 3373 1437 3437 fructum
1467 3396 1727 3440 omnem
1756 3397 1999 3455 eorum,
2032 3397 2191 3462 quos
2227 3398 2344 3459 per
2372 3377 2665 3440 meliores
2691 3377 2865 3442 vitae

666 3495 869 3538 annos
929 3496 1189 3558 corpore
1233 3477 1578 3560 animoque
1636 3480 1977 3558 exantlavi,
2021 3478 2354 3544 laborumh
2398 3479 2859 3563 expositurum,

663 3575 906 3639 malum
947 3583 1167 3642 tamen
1197 3579 1452 3662 pessimi
1491 3581 1687 3664 hujus
1726 3582 1964 3646 saeculi
2004 3583 2269 3664 genium
2298 3583 2453 3646 satis
2483 3581 2690 3646 habeo
2718 3601 2862 3665 per-

663 3685 976 3759 spectum,
1021 3687 1098 3742 ut
1144 3701 1281 3744 non
1331 3682 1522 3744 aliam
1574 3703 1653 3746 ex
1699 3683 1820 3747 hac
1864 3692 2153 3748 semente
2198 3705 2393 3767 quam
2436 3683 2867 3748 convitiorum·

661 3787 856 3862 atque
886 3782 1422 3846 contumeliarum
1459 3803 1735 3849 messem
1765 3792 2094 3868 expectem
2116 3812 2135 3864 3
2180 3807 2412 3869 meque
2441 3787 2651 3850 famae
2677 3807 2863 3850 meae

660 3881 856 3964 longe
893 3883 1125 3946 melius
1169 3885 1584 3964 consuluisse,
1616 3887 1671 3950 si
1702 3887 1967 3952 inanem
2008 3889 2305 3972 aliquam·
2328 3896 2523 3972 atque
2558 3887 2862 3953 inutilem

662 3985 1164 4066 speculationem
1187 3994 1660 4052 commentatus
1688 3989 1957 4054 fueram.
2052 3991 2199 4055 Hoc
2226 4009 2375 4055 vero
2404 3991 2565 4054 mihi
2594 3989 2861 4074 perinde

662 4091 800 4150 est:
846 4086 1206 4150 mercedem
1251 4089 1510 4152 aliunde
1552 4093 1925 4172 praestolor.
2026 4093 2192 4176 [22]
2250 4093 2321 4155 Si
2366 4092 2507 4174 quis
2544 4092 2657 4156 hic
2696 4092 2861 4176 obji-

661 4188 789 4252 ciat
833 4189 990 4253 alios
1035 4209 1235 4272 aeque
1277 4190 1350 4253 in
1389 4190 1510 4254 hac
1551 4192 1715 4256 Arte
1765 4200 2046 4260 versatos
2088 4215 2225 4258 non
2267 4194 2441 4258 idem
2482 4213 2739 4258 mecum
2778 4195 2861 4259 de

660 4288 760 4354 his
790 4291 982 4356 rebus
1011 4293 1270 4371 sentire,
1301 4313 1522 4356 meum
1549 4315 1685 4357 non
1716 4303 1813 4359 est
1842 4296 1999 4378 quid
2033 4298 2319 4362 sentiant
2350 4299 2462 4362 alii.
2488 4297 2858 4381 disquirere,

1406 4416 1429 4448 ¹¹
1462 4420 1691 4484 laborum]
1718 4425 1892 4472 labores
1914 4424 1986 4471 ed.
2014 4425 2107 4476 ¹76.
