3138 5006
720 244 855 317 334
1198 296 1206 302 -
1356 252 1748 319 ΤΗΟΜΑΕ
1794 250 2314 317 SYDENHAM
2439 250 2446 255 ’

414 418 500 467 Dn
525 415 693 463 Vnt·
818 414 941 501 [6.]
995 415 1230 499 Neque
1258 434 1414 479 sane
1442 412 1786 477 mirabitur
1813 420 1952 477 tam
1980 412 2215 496 ingens
2245 410 2596 475 discrimen
2626 430 2673 473 a
2707 408 2938 492 majori

414 480 693 595 οζζζὲἕέ
720 518 1128 601 pustularum
1170 536 1443 580 numero
1484 515 1788 599 pendere,
1817 515 1930 598 qui
1967 535 2189 579 secum
2231 512 2632 598 reputaverit
2665 510 2846 595 quod
2887 511 2938 573 si

414 648 651 697 pawn„
722 618 1069 703 cujuslibet
1112 619 1243 683 sive
1285 618 1609 696 humeros,
1651 618 1782 681 sive
1832 616 2112 695 brachia,
2159 616 2290 681 sive
2333 617 2530 681 aliam
2573 613 2936 697 quamlibet

414 712 654 823 Ξσξέὲθὲ·
719 728 991 804 partem,
1012 720 1405 803 phlegmone
1432 718 1648 803 (vulgo
1669 740 1710 783 a
1731 720 1972 802 Boyle,)
2004 719 2174 783 forte
2202 719 2530 797 invaserit,
2561 717 2750 781 idem
2779 724 2936 779 tem·

411 853 661 903 compars-
716 842 872 906 pore
898 820 1373 900 maturationis,
1407 841 1534 904 qua
1567 822 1708 905 jam
1735 842 1858 903 pus
1887 820 1982 899 fit,
2011 819 2442 898 febricitabit3
2487 840 2652 883 cum
2693 817 2936 881 scilicet

410 904 493 953 ⁶⁰·
716 925 999 1008 sanguis,
1024 946 1065 988 a
1083 924 1446 1008 purulentis
1474 924 1808 1008 particulis
1837 945 1952 1008 per
1979 944 2175 987 venas
2203 945 2284 988 ex
2310 924 2454 1007 lege
2483 922 2930 987 circulationis

715 1026 787 1089 in
830 1026 969 1109 ejus
1011 1046 1291 1089 massam
1332 1026 1637 1108 resorptis
1679 1026 2008 1106 incitatus,
2037 1026 2386 1090 febriculae
2426 1026 2744 1091 fomitem
2788 1025 2932 1089 sub-

716 1130 1061 1194 ministret.
1152 1128 1417 1194 Quanto
1445 1128 1654 1211 magis
1683 1127 2002 1207 Medicus,
2029 1128 2168 1208 ubi,
2197 1128 2422 1211 primis
2447 1128 2677 1192 morbi
2709 1126 2934 1191 diebus

716 1251 984 1312 aegrum
1022 1229 1323 1307 invisens,
1354 1228 1586 1293 faciem
1625 1228 1709 1293 ad
1749 1228 1956 1292 instar
1991 1228 2271 1311 pulveris
2300 1250 2338 1293 e
2370 1230 2700 1293 limatura
2728 1228 2934 1293 acicu-

714 1330 927 1395 larum
968 1328 1257 1412 undique
1299 1350 1657 1413 respersam
1685 1329 2247 1414 contemplabitur,
2275 1337 2561 1395 mortem
2599 1331 2938 1414 praedicet

714 1451 849 1496 uno
880 1432 1095 1515 aliquo
1122 1452 1159 1494 e
1190 1430 1414 1496 diebus
1446 1432 1588 1514 jam
1615 1432 1985 1497 memoratis
2019 1432 2486 1511 involaturam3
2533 1433 2746 1515 idque
2781 1455 2936 1516 prae

716 1533 1035 1597 indomita
1060 1534 1125 1597 vi
1152 1532 1349 1597 febris
1379 1533 1830 1612 succedaneae,
1861 1555 2076 1616 quam,
2105 1555 2224 1617 pro
2251 1535 2507 1598 ratione
2537 1536 2938 1617 quantitatis

714 1634 893 1717 puris
944 1654 1023 1697 ex
1067 1633 1425 1697 innumeris
1474 1633 1616 1699 istis
1667 1635 2080 1718 apostematis
2121 1637 2195 1699 in
2219 1637 2636 1719 ‘sanguinem
2689 1639 2932 1721 rejecti,

718 1733 1039 1799 desaevire
1068 1754 1329 1799 necesse
1366 1740 1485 1799 est.
1579 1734 1764 1800 Quae
1794 1737 2056 1819 quidem
2092 1736 2373 1803 hominis
2401 1738 2681 1803 funesta
2721 1740 2932 1818 ruina,

717 1837 961 1922 aliquot
982 1837 1208 1903 diebus
1240 1842 1588 1919 antequam
1607 1838 1892 1922 ingruat,
1923 1839 2108 1905 facile
2130 1840 2484 1923 praevideri
2513 1847 2766 1923 potest,
2786 1849 2934 1905 utut

715 1940 884 2005 belle
928 1961 995 2004 se
1024 1940 1261 2005 habere
1300 1960 1492 2023 aeger
1519 1946 1588 2004 et
1618 1940 1741 2004 sibi
1767 1941 2080 2022 videatur,
2111 1950 2176 2007 et
2209 1942 2576 2009 astantibus
2625 1944 2838 2007 etiam
2865 1944 2930 2007 in

716 2042 913 2126 hujus
940 2041 1151 2106 morbi
1176 2041 1445 2105 historia
1470 2040 1690 2105 minus
1720 2044 2105 2108 exercitatis.

414 2164 585 2214 Densa
817 2144 887 2228 [7
896 2145 940 2228 .]
998 2144 1313 2210 Quocirca
1340 2145 1396 2208 si
1423 2165 1561 2207 non
1601 2145 1863 2209 aliunde
1901 2146 2299 2230 periclitetur
2332 2166 2526 2230 aeger
2559 2148 2928 2231 (purpureis

412 2228 693 2357 {unffielssp-
722 2248 988 2312 maculis
1018 2255 1085 2312 et
1128 2246 1459 2330 sanguinis
1488 2245 1694 2311 mictu
1725 2248 1864 2330 jam
1898 2249 2233 2331 sepositis,)
2279 2270 2474 2331 quam
2519 2270 2602 2313 ex
2631 2251 2928 2332 pustula-

412 2357 481 2404 tio
502 2359 638 2405 coiit-
722 2370 869 2413 rum
898 2350 1278 2433 frequentia,
1310 2350 1474 2413 serio
1506 2348 1666 2413 mihi
1693 2348 2224 2431 perpendendum
2252 2356 2370 2428 est,
2403 2349 2640 2433 quibus
2670 2352 2929 2433 potissi-

414 2421 653 2548 {ffi’f‘
719 2473 903 2516 mum
941 2451 1022 2517 de
1056 2453 1263 2516 causis
1305 2453 1399 2516 ita
1436 2452 1674 2516 densae
1712 2451 2202 2535 protruduntur,
2233 2458 2300 2516 et
2345 2452 2424 2535 (si
2458 2460 2610 2517 tuto
2641 2455 2788 2518 fieri
2819 2476 2928 2540 po-

717 2557 892 2637 test,)
926 2554 1153 2618 iisdem
1184 2555 1361 2619 omni
1388 2576 1509 2639 ope
1536 2555 1910 2620 coercendis
1937 2553 2466 2620 incumbendum.
2551 2554 2756 2619 Quod
2789 2557 2930 2639 qui·

716 2657 867 2720 dem
894 2656 989 2720 rei
1018 2664 1211 2740 caput
1254 2663 1372 2735 est,
1405 2666 1472 2720 et
1508 2657 1582 2722 in
1617 2678 1745 2739 quo
1782 2656 2121 2740 praecipue
2149 2674 2342 2738 aegro
2381 2655 2711 2738 suppetias
2759 2657 2931 2721 ferre

719 2778 985 2841 queam:
1022 2779 1175 2822 cum
1195 2758 1588 2841 periculosae
1614 2759 1882 2841 plenum
1913 2758 1998 2821 sit
2026 2757 2200 2821 aleae
2231 2757 2536 2840 quicquid
2555 2758 2930 2836 moliamur,

706 2861 847 2945 jam
877 2863 1231 2925 constituto
1270 2862 1343 2924 in
1369 2860 1491 2924 hac
1535 2861 1745 2943 specie
1773 2859 2034 2938 morbo,
2079 2879 2220 2937 nec,
2253 2859 2309 2922 si
2345 2858 2613 2921 tandem
2641 2867 2932 2922 mortem

718 2984 911 3046 aeger
954 2963 1242 3041 evaserit,
1272 2963 1341 3026 id
1382 2969 1520 3026 tam
1563 2983 1746 3026 mese
1791 2961 2063 3025 debetur
2102 2960 2412 3038 solertiae,
2445 2981 2642 3042 quam
2676 2961 2787 3024 vel
2831 2962 2934 3023 in-

720 3065 890 3148 signi
931 3065 1186 3128 narium
1218 3064 1765 3146 haemorrhagiae,
1796 3062 1898 3126 vel
1925 3061 2227 3126 fortuitae
2272 3060 2463 3124 alicui
2498 3081 2665 3142 quae
2693 3061 2932 3124 morbo

416 3184 545 3232 unde
565 3185 657 3232 ori-
722 3166 1050 3231 accidebat
1078 3167 1443 3230 mutationi.
1503 3164 1953 3230 Profusissima
1981 3169 2200 3227 autem
2221 3157 2342 3225 'ina
2367 3159 2748 3224 crebrarum
2775 3183 2933 3245 pus·

720 3267 1007 3330 tularum
1044 3268 1295 3351 eruptio
1340 3269 1419 3351 (si
1457 3267 1615 3350 quid
1649 3287 1768 3349 ego
1807 3266 2122 3349 conjicere
2159 3263 2466 3349 possum,)
2507 3285 2550 3327 a
2583 3264 2931 3347 praecipiti

720 3367 913 3430 nimis
956 3371 1262 3433 materiae
1301 3370 1674 3433 Variolosae
1721 3367 2175 3432 assimilatione
2221 3371 2438 3429 ortum
2481 3364 2698 3444 ducit3
2761 3387 2932 3447 quae

722 3465 982 3548 quidem
1032 3470 1471 3553 praecipitatio
1516 3470 1795 3534 maxime
1845 3469 2098 3532 videtur
2143 3467 2538 3550 contingere,
2590 3467 2693 3531 vel
2750 3467 2932 3550 quod

723 3569 899 3650 aegri
918 3577 1155 3634 natura
1182 3572 1660 3654 (medicamenti
1683 3571 1765 3635 ad
1793 3571 1996 3636 instar
2017 3570 2336 3654 cardiaci,)
2363 3571 2572 3634 calore
2594 3575 2664 3636 et
2683 3571 2928 3654 spiritu

721 3672 865 3755 plus
910 3674 1063 3736 satis
1108 3681 1387 3758 turgeat,
1426 3675 1530 3739 vel
1573 3675 1746 3758 quod
1785 3675 1924 3758 ipse
1967 3693 2156 3755 aeger
2197 3672 2350 3754 (sive
2393 3679 2812 3755 praemature
2855 3694 2930 3738 se

720 3776 957 3841 lectulo
998 3777 1407 3857 includendo,
1450 3779 1582 3842 sive
1629 3777 1933 3842 adhibitis
1977 3775 2283 3842 cardiacis
2325 3773 2762 3853 calidioribus,
2809 3783 2932 3838 aut

720 3879 967 3962 liquore
996 3880 1215 3962 quovis
1246 3880 1630 3965 spirituos0,)
1657 3881 2049 3944 fermentum
2077 3876 2224 3961 plus
2253 3875 2472 3942 debito
2501 3877 2932 3956 exaltaverit3

722 3979 955 4062 quibus
999 3982 1297 4046 omnibus
1330 3982 1536 4046 modis
1581 3982 1943 4066 disponitur
1985 3981 2248 4063 sanguis
2283 3980 2368 4044 ad
2405 3979 2818 4064 excipiendas
2859 3989 2934 4046 et

719 4082 1013 4148 intimius
1064 4084 1496 4149 admittendas
1546 4085 1757 4148 morbi
1799 4085 2268 4168 impressiones,
2320 4083 2587 4165 ipsaque
2635 4083 2932 4164 Natura,

722 4205 841 4249 ceu
882 4185 1063 4250 furiis
1100 4187 1360 4270 agitata,
1387 4207 1543 4270 prae
1579 4185 1958 4251 exuberanti
1993 4186 2298 4250 materiae
2325 4184 2698 4249 Variolosae
2739 4188 2938 4270 eopia

721 4294 787 4350 et
820 4289 1240 4370 plenitudine,
1272 4309 1531 4354 omnem
1568 4287 1702 4352 fere
1743 4309 2078 4353 succorum
2116 4295 2181 4353 et
2229 4285 2520 4352 carnium
2562 4287 2810 4352 molem
2855 4289 2935 4352 in

722 4390 1173 4454 exanthemata
1202 4411 1494 4456 evomere
1524 4390 1780 4473 satagit.
