3138 5006
351 411 567 458 Annen-

339 489 517 522 AAAAA
522 487 578 522 ε-

631 234 763 297 238
990 238 1199 302 ΤΗΟ.
1252 239 1770 307 SYDENHAM
1815 243 2193 308 OBSERV.
2241 241 2464 306 MED.

625 416 775 458 eum
826 400 1247 480 opportunius
1290 402 1634 467 confodere
1674 403 1970 484 valerem,
2015 401 2240 468 Febris
2280 402 2383 466 vel
2432 407 2662 484 sponte
2715 421 2848 462 sua

401 554 435 586 ο
466 553 527 589 η,
626 496 865 560 sensim
909 503 1186 581 evanuit,
1222 503 1327 567 vel
1367 503 1438 567 in
1482 525 1634 568 eum
1679 527 1748 570 se
1789 513 2020 589 typum
2058 505 2328 589 redegit,
2366 511 2442 568 ut
2485 506 2624 588 jam
2667 503 2840 567 mihi

624 598 1053 666 innotesceret
1094 605 1325 687 quibus
1370 608 1564 670 armis
1605 617 1772 672 esset
1811 609 2208 673 debellanda.
2303 608 2433 672 Sed
2477 608 2674 691 (quod
2715 607 2836 672 do—

624 701 890 768 lendum
954 705 1221 774 omnino
1286 711 1427 791 est,)
1490 731 1832 794 aegrorum
1899 712 2374 797 quamplurimi,
2431 709 2610 774 haud
2671 710 2840 773 satis

626 814 812 896 gnari
855 816 1025 898 quod
1068 817 1336 900 perinde
1379 818 1463 882 sit
1492 817 1740 883 Medici
1779 820 1968 904 periti
2009 819 2390 904 quandoque
2425 819 2590 882 nihil
2617 838 2832 900 agere,

626 925 819 1002 atque
859 919 982 984 alio
1019 928 1308 1004 tempore
1352 922 1784 986 efficacissima
1827 922 2130 986 adhibere
2157 922 2459 1000 remedia,
2491 921 2836 1004 probitatis

626 1029 819 1104 atque
853 1021 1003 1086 fidei
1036 1023 1321 1086 fructum
1355 1023 1533 1088 hunc
1568 1011 1794 1107 capere
1825 1024 2083 1103 nolunt,
2113 1025 2228 1088 sed
2261 1024 2363 1087 vel
2396 1023 2838 1104 negligentiae

624 1127 724 1190 vel
751 1126 1153 1210 ignorantiae
1190 1127 1257 1190 id
1286 1128 1649 1212 imputant3
1673 1151 1846 1192 -cum
1883 1128 2334 1212 empiricorum
2367 1125 2838 1190 insulsissimus

626 1227 893 1311 quilibet
932 1228 1402 1294 medicamenta
1438 1229 1926 1294 medicamentis
1967 1230 2240 1312 adjicere
2281 1250 2482 1313 aeque
2517 1228 2718 1306 novit,
2753 1249 2840 1291 ac

626 1329 787 1393 solet
816 1331 1042 1413 magis,
1075 1351 1269 1412 quam
1298 1328 1706 1395 Medicorum
1734 1330 2293 1414 prudentissimus.

722 1435 845 1518 [9.]
902 1434 1083 1498 Haec
1121 1439 1275 1498 sunt
1304 1433 1436 1497 fere
1472 1454 1638 1516 quae
1669 1433 1986 1497 hactenus
2015 1432 2363 1511 observavi,
2395 1432 2622 1497 saltem
2661 1455 2838 1517 quae

628 1537 709 1602 ad
737 1559 1031 1603 normam
1062 1537 1342 1620 aliquam
1370 1537 1592 1600 reduci
1619 1537 1969 1620 potuerint,
1992 1536 2074 1600 de
2101 1537 2476 1601 morborum
2500 1536 2834 1620 Epidemi-

626 1667 849 1710 corum
876 1645 1225 1728 speciebus,
1251 1650 1444 1727 atque
1473 1643 1699 1708 ordine
1727 1644 1838 1708 illo
1868 1665 1995 1727 quo
2023 1644 2311 1707 invasere
2340 1642 2421 1707 ab
2452 1665 2624 1707 anno
2655 1645 2828 1707 1661

628 1748 712 1812 ad
748 1749 948 1812 finem
990 1768 1195 1831 usque
1243 1745 1397 1810 anni
1444 1747 1653 1826 16753
1701 1768 1828 1830 quo
1871 1747 2132 1831 quidem
2175 1754 2468 1831 tempore
2509 1748 2834 1826 Variolae,

629 1863 695 1919 et
738 1852 974 1918 Febres
1022 1849 1391 1914 continuae
1433 1871 1657 1914 earum
1701 1851 1985 1929 comites,
2033 1871 2194 1933 quae
2239 1849 2441 1914 ferme
2483 1873 2524 1914 a
2563 1851 2837 1915 biennio

629 1957 994 2022 dominatae
1052 1961 1223 2032 sunt,
1275 1953 1561 2016 mitiores
1619 1954 1759 2036 jam
1813 1953 2042 2030 factae,
2093 1952 2395 2017 videntur
2451 1954 2834 2018 exolescere.

630 2060 763 2127 Qui
790 2064 936 2143 post
966 2062 1316 2142 sequentur
1342 2053 1572 2135 morbi,
1605 2057 1778 2120 solus
1805 2054 2004 2134 novit,
2037 2054 2208 2121 QUI
2234 2056 2413 2120 novit
2442 2056 2676 2120 omnia.
