3138 5006
696 251 826 316 502
1324 251 1714 318 THOMAE
1763 253 2284 321 SYDENHAM
2368 321 2374 324 ,

384 424 665 474 DnNovm
690 433 987 478 normam
1030 413 1547 498 suprascriptam,
1597 415 1682 480 ad
1729 415 2206 484 medicamenta
2253 419 2472 486 nescio
2523 442 2700 506 quae
2755 425 2930 490 cele-

382 490 653 606 Ῑᾷῗὲζυ
688 516 1013 596 facientia,
1064 523 1204 580 tam
1252 517 1427 581 intro
1474 519 1863 582 assumenda
1909 541 2104 603 quam
2153 529 2336 586 extra
2383 525 2804 607 applicanda,
2859 550 2932 592 se

684 619 935 684 confert
956 644 977 698 3
1022 641 1099 684 eo
1130 619 1372 684 scilicet
1416 621 1656 699 animo,
1687 628 1764 686 ut
1797 622 2012 701 flatuS,
2045 644 2211 706 quos
2237 624 2434 710 hujus
2463 628 2624 692 mali
2653 629 2930 696 fontem

685 743 823 787 esse
863 729 1237 805 auguratur,
1282 722 1387 788 his
1436 723 1668 790 mediis
1715 723 2062 790 discutiat:
2109 726 2314 793 donec
2358 730 2630 794 tandem
2677 754 2930 816 auges-

682 830 871 889 cente
914 824 1150 904 dolore,
1200 832 1267 890 et
1304 825 1654 892 visceribus
1705 825 2096 893 diuturniori
2139 851 2323 895 mora
2369 833 2550 915 quasi
2597 834 2926 928 impacto,

680 933 898 990 motus
954 927 1418 993 intestinorum
1473 929 1929 1012 peristalticus,
1989 953 2119 1015 quo
2177 953 2258 996 ex
2314 933 2612 1000 Naturae
2673 938 2928 1004 ordine

682 1031 903 1096 omnia
939 1031 1241 1096 deorsum
1283 1033 1638 1118 propellere
1681 1033 1944 1116 debent,
1973 1035 2210 1102 inverti
2253 1038 2504 1122 occipit,
2541 1047 2610 1104 et
2649 1041 2930 1108 inclusa

684 1135 903 1200 omnia
946 1157 1202 1200 sursum
1230 1137 1556 1217 tendunt3
1599 1137 1778 1202 unde
1817 1159 2010 1222 aeger
2045 1139 2412 1205 saevissimo
2439 1141 2744 1208 cruciatu
2771 1151 2926 1208 tor-

683 1247 939 1324 quetur,
986 1247 1053 1305 et
1098 1247 1481 1324 provocatur
1528 1241 1612 1306 ad
1653 1243 2096 1324 vomitionem,
2142 1245 2352 1308 malo⁸
2395 1246 2532 1330 jam
2585 1247 2658 1310 in
2713 1248 2926 1314 iliaca

679 1345 975 1430 passione
1013 1345 1367 1410 desinente.
1478 1345 1608 1410 Hic
1641 1345 1715 1410 iu
1759 1345 2065 1410 medendi
2109 1347 2364 1412 ratione
2407 1370 2604 1432 quam
2649 1351 2922 1432 Febris,

682 1471 847 1532 quae
874 1448 1143 1532 hujusce
1172 1446 1621 1532 symptomatis
1665 1467 1860 1514 causa
1897 1455 2036 1512 erat
2077 1449 2485 1529 antecedens,
2515 1450 2642 1514 sibi
2671 1459 2919 1534 postu-

678 1551 876 1630 labat,
908 1550 1179 1614 ulterius
1206 1549 1547 1634 procedere
1577 1550 1805 1634 nequit
1834 1550 2150 1626 Medione,
2177 1572 2374 1634 quam
2401 1558 2476 1614 ut
2505 1553 2920 1635 sanguinem

678 1674 761 1718 ex
789 1654 966 1738 aegri
992 1653 1258 1720 brachio
1288 1653 1485 1718 semel
1514 1652 1984 1718 extrahendum
2021 1654 2408 1737 praecipiat:
2455 1655 2706 1718 etenim
2739 1666 2916 1740 quot

678 1763 746 1821 et
793 1757 1261 1841 qualiacunque
1312 1756 1576 1821 demum
1624 1755 1980 1820 cathartica
2033 1756 2489 1840 propinaveriS,
2537 1778 2618 1821 ea
2665 1761 2912 1826 statim

676 1859 949 1924 emetica
996 1860 1155 1939 fieri,
1210 1866 1405 1943 atque
1448 1859 1543 1922 ita
1590 1879 1848 1922 sursum
1897 1859 2227 1922 inversum
2271 1858 2586 1922 viseerum
2633 1870 2912 1927 motum

676 1963 882 2045 magis
925 1983 1315 2046 promovere,
1363 1961 1612 2039 solent3
1671 1981 1822 2024 cum
1871 1967 1949 2025 ut
1992 1961 2345 2044 plurimum
2387 1961 2494 2024 vix
2537 1961 2914 2029 fortissima

678 2066 939 2150 quidem
982 2066 1455 2130 medicamenta
1490 2064 1839 2148 purgantia
1875 2064 1978 2128 vel
2020 2064 2292 2128 minima
2331 2085 2556 2128 eorum
2591 2087 2750 2149 pars
2799 2068 2908 2132 in.

373 2188 571 2237 Curatio
584 2191 637 2238 in
675 2171 916 2235 testina
940 2189 1269 2254 permeare
1303 2169 1562 2232 valeant
1602 2188 1676 2232 ac
1715 2166 1933 2232 sedem
1975 2175 2215 2251 petere.
2318 2168 2483 2252 [30.]
2543 2169 2776 2234 Rebus
2809 2173 2908 2238 sie

370 2251 463 2301 ¹¹⁰⁰
486 2270 617 2303 “⁸⁸¹'‘
676 2271 1019 2350 stantibuS,
1042 2271 1592 2336 consultissimum
1614 2292 1753 2335 esse
1776 2270 2054 2336 arbitror
2074 2270 2322 2335 brachii
2342 2283 2580 2335 venam·
2598 2273 2904 2355 primum

672 2375 1099 2460 pertundere;
1142 2395 1313 2453 mox,
1341 2374 1685 2459 interjecta
1711 2374 1871 2438 hora
1905 2395 2044 2438 una
2071 2375 2366 2452 alterave,
2397 2375 2743 2458 clysterem
2779 2379 2902 2441 ali-

675 2500 868 2564 quem
914 2499 994 2544 ex
1042 2479 1120 2543 iis
1169 2477 1281 2562 qui
1320 2477 1651 2562 potentius
1697 2483 2050 2562 operantur
2091 2477 2391 2562 injicere3
2459 2499 2580 2563 ego
2623 2478 2900 2546 fumum

672 2582 1035 2647 nicotianae
1074 2581 1205 2645 sive
1242 2580 1473 2661 tabaci,
1504 2602 1584 2645 ex
1612 2580 1844 2646 tubulo
1883 2581 2134 2644 inverso
2174 2601 2289 2664 per
2326 2581 2605 2645 vesicam
2640 2586 2894 2667 majus-

672 2686 886 2751 culam
930 2685 1002 2749 in
1044 2684 1358 2748 intestina
1403 2684 1792 2748 validissime
1838 2683 2260 2762 insufflatum,
2308 2704 2538 2748 enema
2583 2687 2894 2751 omnium

672 2810 838 2873 quae
881 2788 1046 2852 mihi
1090 2786 1511 2852 innotescunt
1554 2786 1873 2851 hactenus
1921 2787 2431 2851 efficacissimum
2478 2808 2620 2851 esse
2670 2787 2851 2853 duco
2873 2816 2892 2855 ε

672 2892 785 2976 qui
836 2891 1033 2956 etiam
1081 2896 1227 2974 post
1272 2910 1520 2953 moram
1580 2889 1862 2973 aliquam
1911 2889 2204 2954 reiterari
2250 2895 2482 2973 potest,
2529 2890 2660 2953 nisi
2703 2893 2895 2974 prior

668 2995 1016 3072 immissuS,
1074 2994 1289 3057 soluta
1344 2992 1505 3071 alvo,
1550 2998 1804 3056 meatus
1858 2992 2160 3057 deorsum
2204 3014 2424 3057 versus
2469 2996 2890 3059 reseraverit.

672 3096 885 3163 Huich
936 3103 1153 3161 autem
1208 3094 1494 3160 remedio
1544 3101 1977 3179 symptomate
2032 3094 2214 3159 haud
2268 3095 2558 3173 cedente,
2603 3099 2890 3165 omnino

666 3221 925 3266 necesse
976 3206 1074 3264 est
1119 3206 1196 3263 ut
1247 3198 1676 3263 catharticum
1723 3199 1917 3282 paulo
1965 3198 2200 3263 fortius
2247 3220 2322 3263 ac
2371 3196 2890 3289 δραπωεώτερον

664 3304 736 3366 in
763 3324 956 3367 usum
983 3302 1220 3381 veniat,
1244 3307 1397 3365 utut
1428 3302 1684 3365 difficile
1713 3301 1909 3365 fuerit
1940 3301 2172 3365 exinde
2193 3301 2363 3365 viam
2390 3302 2639 3366 facere:
2685 3312 2886 3384 ut,—

666 3446 879 3515 [Form.
908 3440 1082 3509 112]i
1118 3441 1183 3522 R
1224 3444 1520 3499 Pilularum
1545 3462 1615 3499 ex
1640 3444 1866 3499 Duobus
1889 3462 2058 3513 grana
2074 3446 2296 3516 triginta
2317 3445 2568 3516 quinque,

1228 3530 1485 3585 Mercurii
1512 3531 1703 3586 Dulcis
1723 3532 2028 3603 scrupulum
2053 3549 2240 3596 unum,

1225 3636 1349 3673 cum
1372 3618 1663 3673 sufficiente
1687 3620 1985 3688 quantitate
2011 3617 2251 3671 Balsami
2277 3618 2590 3683 Peruviani3

944 3706 1107 3761 Fiant
1127 3706 1322 3777 pilulae
1338 3714 1586 3776 qua-tuor,
1605 3705 1895 3777 capiendae
1913 3724 1942 3759 e
1960 3706 2218 3759 cochleari
2237 3723 2344 3760 uno
2365 3708 2556 3779 Syrupi
2571 3706 2882 3777 violarum

938 3794 1147 3849 nullum
1169 3795 1383 3863 insuper
1404 3793 1663 3863 liquorem
1687 3792 2022 3857 assumendo,
2045 3808 2114 3845 ne
2135 3792 2315 3846 minus
2337 3796 2681 3849 retineantur.

662 3934 781 3998 Sin
810 3940 1029 3998 autem
1060 3952 1248 4015 aeger
1272 3930 1397 3994 hoc
1425 3930 1782 3994 remedium
1809 3950 1927 4013 per
1965 3949 2036 3994 os
2063 3930 2372 4014 rejecerit,
2402 3930 2526 3995 hac
2553 3934 2882 4002 methodo

657 4036 1157 4123 procedendum.
1232 4033 1531 4098 Laudani
1558 4032 1790 4116 liquidi
1819 4038 2046 4115 guttae
2074 4032 2306 4116 viginti
2337 4034 2626 4119 quinque
2657 4058 2880 4122 aquae

654 4139 1052 4207 cinnamomi
1076 4138 1260 4203 fortis
1284 4136 1640 4203 semiuncia
1665 4136 2018 4200 instillatae
2043 4137 2264 4200 statim
2291 4138 2730 4221 propinentur
2735 4168 2758 4221 ς
2806 4152 2880 4209 et

654 4244 1012 4329 interjectis
1055 4242 1299 4326 aliquot
1340 4240 1515 4306 horis
1558 4241 1733 4305 idem
1775 4239 2220 4324 paregoricum
2248 4247 2598 4324 repetatur.
2693 4244 2882 4311 Cum

720 4422 747 4458 8
780 4411 1219 4475 malo—desinente]
1248 4428 1342 4461 om.
1368 4413 1441 4459 ed.
1468 4413 1566 4461 ⁹86.
2205 4406 2216 4442 ἰ
2255 4411 2329 4458 Cf.
2354 4410 2490 4459 form.
2521 4412 2632 4461 196.

718 4474 748 4511 ¹²
782 4480 910 4525 Huic
930 4486 1081 4525 aulem
1104 4476 1213 4541 ᾦα]
1241 4478 1436 4525 Desunt
1457 4477 1507 4525 in
1531 4477 1603 4525 ed.
1629 4476 1708 4525 '86
1737 4491 1892 4539 usque
1915 4475 1973 4523 ad
1998 4478 2022 4535 ξ
2049 4476 2122 4524 31.
