3138 5006
656 238 788 300 574
1274 232 1663 297 THOMAE
1712 234 2234 299 SYDENHAM

350 414 433 461 ΒΕ
446 414 627 461 Mrem-u
660 417 842 458 mum
883 395 1136 473 invitat,
1184 394 1295 477 qui
1347 394 1481 458 fere
1524 415 1658 458 non
1705 394 1942 458 desinit
1987 395 2116 458 nisi
2165 395 2427 460 Calculo
2471 396 2543 457 in
2587 394 2892 457 vesicam

372 480 604 527 Sanctu-

370 558 494 601 κεο,
519 545 607 591 &c.

349 1450 592 1513 Dysente-

348 1515 446 1562 riae
469 1517 551 1563 de-

348 1580 555 1642 scriptio.

351 3707 609 3756 eumn-10.

658 497 937 561 detruso,
1028 497 1197 560 Cum
1238 497 1328 560 sic
1372 518 1439 559 se
1484 518 1586 560 res
1637 495 1910 575 habeat,·
1939 497 2195 561 nullum
2243 505 2342 561 est
2389 498 2596 579 magis
2644 498 2890 559 efficax

654 600 1012 665 remedium
1051 622 1243 684 quam
1282 621 1597 683 aquarum
1637 598 2167 683 chalybeatarum
2205 601 2470 683 potatio.
2567 599 2778 665 Quod
2827 598 2888 660 si

655 702 1026 766 Calculosus
1045 701 1223 764 nullo
1240 722 1530 783 unquam
1547 721 1928 784 paroxysmo
1946 700 2306 784 nephritico
2323 700 2519 764 fuerit
2542 706 2880 775 tentatus»,

655 826 801 867 cum
842 805 981 887 jam
1011 805 1217 887 major
1246 804 1329 866 sit
1360 802 1662 866 Calculus
1703 824 1899 886 quam
1934 802 2046 886 qui
2083 824 2161 867 ex
2207 803 2374 886 pelvi
2416 802 2622 886 possit
2668 799 2878 878 elabi,

656 906 1035 969 devitandae
1064 911 1218 969 sunt
1250 926 1451 988 aquae
1480 905 1744 969 ferreae.

1499 1138 1691 1201 CAP.
1740 1136 1941 1201 XXII
1955 1134 2000 1200 ‚d

1072 1297 1171 1361 De
1198 1300 1592 1379 Dysentem'a,
1623 1299 1996 1375 Dim-rhoea,
2028 1305 2089 1361 et
2126 1299 2431 1361 Tenesmo.

744 1433 1045 1495 Rmnme
1076 1432 1507 1516 horrentque3
1540 1434 1833 1517 sequitur
1855 1433 2087 1497 deinde
2117 1434 2318 1498 totius
2349 1433 2632 1517 corporis
2663 1436 2866 1513 calor,

655 1558 847 1620 quem
896 1536 1075 1600 brevi
1124 1537 1452 1619 excipiunt
1496 1538 1739 1601 ventris
1785 1538 2088 1615 tormina,
2135 1546 2202 1601 et
2252 1538 2410 1600 haec
2462 1538 2865 1621 dejectiones

654 1642 913 1707 crebrae
957 1649 1023 1706 et
1067 1664 1366 1706 mucosae
1410 1664 1654 1721 omnes,
1704 1642 1853 1725 (nisi
1898 1641 2070 1725 quod
2115 1650 2504 1705 stercorosae
2547 1662 2866 1704 nonnun-

655 1766 849 1827 quam
892 1744 1433 1827 interponantur,)
1470 1764 1621 1807 cum
1665 1745 1919 1825 ingenti
1959 1744 2251 1807 cruciatu
2295 1749 2360 1807 et
2402 1743 2868 1806 molestissimo

651 1848 970 1910 viscerum
1009 1847 1305 1909 omnium
1354 1845 1540 1927 quasi
1581 1845 1895 1909 descensu
1938 1846 2190 1928 quoties
2231 1854 2617 1910 exoneratur
2653 1846 2860 1923 alvus,

656 1948 987 2031 sanguinis
1026 1948 1291 2011 interim
1319 1948 1732 2012 lineamentis
1775 1949 2183 2026 intertextae,
2215 1947 2364 2011 licet
2394 1946 2746 2030 aliquando
2777 1968 2867 2010 ne

652 2052 1000 2115 minimum
1032 2053 1365 2134 sanguinis
1394 2074 1509 2135 per
1546 2060 1761 2117 totum
1791 2051 2000 2116 morbi
2031 2052 2372 2116 decursum
2403 2052 2862 2115 admisceatur.

653 2155 1007 2236 Progressu
1049 2152 1259 2218 morbi
1304 2155 1567 2237 sanguis
1615 2156 1899 2219 sincerus
1945 2154 2330 2238 quandoque
2373 2154 2762 2231 excernitur,
2795 2162 2864 2218 et

652 2276 1021 2337 gangraena
1062 2256 1407 2319 insanabili
1456 2258 1825 2321 afficiuntur
1867 2257 2197 2320 intestina.
2291 2257 2360 2319 Si
2405 2278 2595 2339 aeger
2639 2264 2858 2321 aetate

651 2358 893 2436 floreat,
926 2357 1026 2421 vel
1069 2360 1374 2423 cardiacis
1417 2359 1782 2438 incalescat,
1827 2359 2152 2423 febricitat
2199 2359 2584 2437 admodum3
2629 2360 2864 2443 lingua

652 2466 749 2523 est
798 2458 1152 2538 subalbida,
1204 2460 1482 2545 quadam
1540 2463 1930 2546 mucilagine
1988 2460 2186 2526 dense
2243 2462 2472 2541 obsita,
2519 2462 2859 2526 interdum

650 2562 839 2644 nigra
890 2570 957 2626 et
1008 2563 1189 2628 sicca.
1284 2565 1797 2629 Prosternuntur
1853 2565 2038 2643 vireS,
2096 2564 2490 2648 dissipantur
2548 2565 2858 2647 spiritus;

652 2665 932 2748 aphthae
975 2667 1239 2750 insuper
1278 2667 1406 2730 oris
1450 2668 1712 2732 interna
1739 2668 2083 2750 faucesque
2128 2668 2446 2745 obsident,
2479 2669 2861 2750 praesertim

651 2767 767 2830 ubi
808 2769 1116 2833 materiae
1151 2770 1474 2853 peccantis
1506 2770 1835 2834 evacuatio
1867 2768 2419 2852 adstringentibus
2448 2777 2862 2852 praepostere

649 2871 1019 2953 impeditur,
1069 2894 1205 2936 non
1254 2879 1479 2937 exacto
1530 2895 1648 2957 per
1699 2872 2053 2936 cathartica
2101 2871 2310 2936 morbi
2361 2872 2606 2936 fomite.
2714 2874 2858 2936 Ali-

653 2973 929 3056 quandO,
978 2975 1279 3038 exulante
1323 2975 1517 3055 febre,
1566 2997 1798 3059 agmen
1848 2977 2096 3038 ducunt
2145 2975 2446 3054 tormina,
2492 2982 2558 3039 et
2601 2983 2862 3040 caetera

651 3076 861 3140 morbi
890 3085 1327 3161 symptomata
1358 3086 1738 3162 sequuntur.

750 3179 870 3263 [2.]
925 3180 1011 3242 In
1063 3181 1423 3244 Diarrhoea
1469 3181 1774 3245 humores
1827 3179 2296 3244 excrementitii
2347 3180 2485 3243 sine
2536 3180 2860 3262 sanguine

652 3287 765 3344 aut
794 3281 1257 3346 intestinorum
1287 3283 1759 3347 exulceratione
1791 3289 2244 3346 excernuntur.

750 3382 871 3465 [3.]
928 3382 1012 3445 In
1065 3384 1382 3448 Tenesmo
1442 3385 1700 3448 assidua
1757 3393 1855 3448 est
1914 3383 2248 3448 desidendi
2305 3382 2642 3467 cupiditas,
2690 3383 2858 3447 nihil

651 3491 873 3548 tamen
900 3494 1157 3568 praeter
1184 3510 1518 3552 mucosum
1550 3488 1873 3572 quoddam
1917 3494 1984 3550 et
2021 3487 2485 3550 suber-uentum
2515 3491 2628 3549 aut
2657 3508 2856 3569 puru-

653 3586 907 3649 lentum
936 3587 1244 3670 rejicitur.

753 3687 873 3771 [4.]
894 3686 918 3730 f
958 3687 1271 3752 Mittatur
1305 3690 1567 3772 sanguis
1599 3713 1636 3754 e
1662 3691 1927 3754 brachio
1968 3690 2465 3773 quamprimum,
2503 3691 2858 3774 eademque

653 3798 845 3856 nocte
876 3793 1319 3875 paregoricum
1349 3794 1728 3878 propinetur
1743 3821 1762 3873 3
1809 3804 1875 3859 et
1915 3815 2105 3857 mane
2147 3794 2442 3876 sequenti
2471 3794 2662 3857 Potio
2692 3795 2855 3858 Pur-

655 3915 815 3976 gans
841 3893 1238 3972 Communis,
1263 3895 1614 3978 repetenda
1641 3897 1904 3960 alternis
1924 3896 2150 3960 diebus
2180 3896 2262 3959 ad
2285 3894 2443 3958 duas
2475 3895 2630 3960 alias
2653 3898 2824 3962 vices
2835 3927 2855 3978 ;

656 4001 721 4058 et
749 3995 1192 4084 paregoricum
1220 4003 1365 4078 post
1394 3998 1829 4079 purgationeS,
1863 3997 2338 4081 quamprimum
2367 4017 2485 4058 suo
2515 3996 2858 4064 defunctae

656 4102 810 4159 sunt
850 4116 1153 4174 munere,
1201 4119 1273 4160 ac
1310 4097 1534 4161 diebus
1577 4121 1616 4162 a
1652 4101 2035 4182 purgatione
2075 4099 2290 4162 vacuis
2332 4097 2506 4160 idem
2554 4121 2750 4166 mane
2793 4109 2857 4167 et

658 4219 799 4261 sero
829 4205 927 4261 est
957 4196 1411 4263 exhibendum.

594 4345 613 4359 ·
723 4321 751 4358 <1
788 4325 863 4371 cf.
892 4329 1077 4374 observ.
1100 4313 1224 4375 Mea,
1248 4328 1311 4376 iv.
1337 4331 1380 4375 3.
1871 4327 1887 4359 ¹
1913 4329 1989 4377 cr.
2015 4331 2126 4376 ihm.
2152 4329 2212 4376 iv.
2239 4331 2283 4375 3.
2313 4330 2342 4376 9
2365 4343 2432 4389 sq.

724 4395 747 4422 θ
780 4391 953 4450 Rigent
976 4391 1082 4452 ξω]
1110 4392 1186 4439 Cf.
1206 4395 1321 4440 ibid.
1344 4393 1409 4439 iv.
1434 4396 1477 4441 3.
1504 4397 1551 4441 3.
