3138 5006
653 277 786 344 210
1279 277 1673 344 THOMAE
1722 275 2235 342 SYDENHAM

393 454 594 503 Fumo
660 437 874 520 guinis
897 457 1159 522 scopum
1177 438 1458 517 facienti,
1481 438 1748 502 tandem
1768 437 2031 502 morbus
2057 435 2239 520 quasi
2264 432 2646 498 naturaliter
2666 451 2859 514 spon-

352 518 633 632 Acrj'ffissh
657 547 852 623 teque
889 562 1006 606 sua
1043 540 1326 620 cedebat,
1367 541 1841 624 quantumlibet
1880 541 2148 604 saeviret
2186 539 2242 603 si
2276 535 2581 602 methodo
2619 534 2700 598 ab
2735 533 2864 597 hac

393 646 596 696 ’73-’75-
661 643 907 708 diversa
949 665 1100 708 eum
1145 645 1287 728 quis
1327 645 1821 728 aggrederetur3
1868 643 2038 727 quod
2076 641 2239 706 mihi
2278 641 2360 704 ab
2405 637 2860 723 experimentis

659 747 804 829 plus
834 747 988 810 satis
1017 747 1460 829 frequentibus
1489 747 1747 810 abunde
1773 746 2081 829 liquebat.

366 857 626 906 eum-no.
758 848 923 932 [11.]
981 849 1180 912 Hunc
1219 849 1440 934 itaque
1477 870 1737 914 cursum
1779 848 2069 912 institui:
2117 845 2499 928 sanguinem
2538 865 2575 908 e
2611 841 2863 908 brachii

658 951 838 1014 venis
895 950 1306 1028 mittendum,
1354 971 1430 1014 ea
1489 949 1851 1034 quantitate
1903 969 2066 1031 quae
2118 947 2295 1030 aegri
2336 945 2597 1022 viribus,
2642 943 2861 1021 aetati,

659 1052 924 1136 aliisque
967 1052 1463 1120 circumstantiis
1509 1053 1848 1117 convenire
1898 1052 2059 1116 mihi
2101 1051 2237 1114 visa
2287 1054 2403 1126 est,
2446 1053 2599 1111 ante
2642 1046 2865 1110 omnia

657 1154 982 1232 curabam,
1027 1161 1222 1237 atque
1265 1155 1490 1220 eodem
1539 1155 1674 1218 fere
1724 1160 2013 1237 tempore
2064 1151 2483 1234 emplastrum
2530 1146 2863 1231 epispasti-

659 1275 808 1322 cum
837 1256 1004 1320 bene
1032 1257 1284 1338 largum
1312 1257 1564 1320 nuchae
1595 1255 2067 1339 applicandum.
2156 1254 2281 1320 Die
2310 1251 2599 1334 proximo
2628 1249 2859 1332 clyste-

657 1380 796 1422 rem
822 1359 1162 1422 lenitivum
1196 1360 1292 1422 ita
1317 1359 1595 1441 tempori
1628 1358 2047 1442 injiciendum
2075 1355 2385 1440 praecepi,
2416 1359 2493 1416 ut
2530 1359 2681 1416 ante
2710 1371 2864 1414 noc-

657 1465 794 1524 tem
821 1460 1031 1524 sedari
1059 1467 1270 1543 posset
1299 1461 1621 1524 tumultus
1652 1460 1761 1542 qui
1792 1459 1873 1523 ab
1904 1479 1980 1522 eo
2006 1459 2179 1522 inter
2200 1455 2598 1540 operandum
2628 1453 2861 1516 excita-

657 1569 858 1642 retur,
887 1563 1048 1626 hora
1077 1563 1316 1626 scilicet
1355 1563 1637 1626 secunda
1670 1562 1939 1626 tertiave
1966 1569 2111 1644 post
2139 1559 2495 1624 meridiem.
2588 1557 2862 1640 Repete-

357 1667 598 1716 Enemata
659 1663 855 1730 batur
883 1685 1112 1728 enema
1140 1665 1301 1728 illud
1329 1665 1601 1748 singulis
1631 1663 1855 1728 diebus
1892 1663 2095 1726 donec
2132 1661 2626 1724 imminueretur
2652 1657 2863 1722 morbi

353 1746 624 1859 ffp‘ssffissffi
660 1767 796 1844 vis3
841 1788 969 1849 quo
1018 1763 1279 1849 quidem
1320 1774 1611 1849 tempore
1656 1765 1736 1829 ab
1782 1786 1858 1830 eo
1880 1842 1885 1848 ,
1904 1763 2285 1829 cessandum
2330 1783 2467 1826 esse
2510 1761 2686 1837 duxi,
2730 1759 2863 1822 imo

661 1877 728 1934 ct
770 1869 1111 1947 maturius,
1153 1869 1208 1932 si
1243 1889 1478 1952 nempe
1508 1867 1729 1932 Febris
1768 1867 1941 1930 diem
1970 1873 2271 1949 quartum
2308 1871 2374 1928 et
2404 1863 2727 1927 decimum
2756 1883 2861 1924 ex-

661 1972 972 2049 cessisset,
1008 1972 1272 2054 jamque
1313 1973 1841 2048 inveterasceret;
1895 1991 2022 2053 quo
2064 1968 2138 2032 in
2180 1989 2350 2045 casu,
2389 1966 2542 2030 licet
2586 1964 2668 2028 ab
2713 1984 2863 2028 ene-

660 2074 854 2138 matis
882 2073 1412 2156 praecedentibus
1449 2073 1765 2137 debellata
1798 2094 1935 2137 non
1961 2071 2175 2148 fuerit,
2206 2069 2430 2134 eadem
2466 2074 2689 2131 tamen
2716 2073 2862 2149 post

664 2177 908 2258 elapsos
965 2174 1083 2238 hos
1143 2175 1278 2238 dies
1329 2195 1796 2258 supervacanea
1852 2196 1988 2238 esse
2046 2172 2361 2255 comperi:
2420 2169 2632 2234 morbi
2689 2169 2865 2232 enim

667 2277 802 2342 acie
851 2297 968 2361 per
1011 2277 1454 2341 ebullitionem
1495 2297 1932 2359 praegressum
1975 2277 2115 2360 jam
2155 2282 2391 2350 retusa,
2432 2279 2626 2356 atque
2672 2291 2865 2353 aegro

665 2377 786 2460 ἔξω
813 2376 1048 2456 βέλους
1075 2378 1447 2457 constituto,
1472 2386 1538 2442 et
1561 2401 1601 2442 a
1620 2379 2064 2464 symptomatis
2086 2375 2567 2440 violentioribus
2595 2394 2759 2456 quae
2782 2372 2863 2436 ab

666 2501 743 2547 eo
779 2479 1149 2565 pendebant
1188 2501 1428 2559 secum,
1461 2481 1627 2545 nihil
1662 2481 1839 2565 prius
1876 2488 2031 2559 erat,
2065 2501 2257 2564 quam
2285 2485 2361 2543 ut
2404 2476 2706 2542 morbum
2746 2498 2865 2540 suo

665 2583 766 2647 uti
817 2584 1026 2666 genic,
1067 2590 1132 2647 et
1175 2583 1359 2667 quasi
1401 2585 1640 2648 sensim
1680 2584 2045 2667 deflagrare,
2078 2604 2152 2646 ac
2196 2582 2327 2646 suis
2370 2579 2611 2643 viribus
2654 2600 2863 2657 ruere,

668 2686 1058 2763 sineremus3
1121 2684 1290 2768 quod
1341 2684 1502 2749 mihi
1561 2708 1811 2769 semper
1859 2686 2049 2749 cessit
2104 2684 2355 2761 meliust,
2400 2702 2597 2765 quam
2639 2702 2865 2759 evacu-

667 2788 950 2852 ationem
1017 2788 1525 2872 qualemcunque
1582 2788 2024 2853 violentiorem
2088 2786 2212 2851 hoc
2274 2794 2563 2869 tempore
2627 2784 2863 2849 moliri.

665 2890 884 2973 Aegro
940 2889 1204 2955 interim
1261 2890 1559 2955 carnibus
1609 2890 1934 2969 interdixi,
1978 2889 2345 2957 cerevisiam
2392 2908 2542 2951 vero
2596 2894 2866 2951 tenuem

669 2992 752 3055 ad
779 2992 1120 3056 arbitrium
1149 2993 1450 3057 concessi.

365 3102 531 3153 Quare
553 3117 581 3150 e
767 3094 932 3178 [12.]
989 3096 1216 3159 Restat
1267 3101 1330 3158 et
1381 3092 1574 3171 aliud,
1626 3094 1815 3177 quod,
1870 3094 2021 3177 quia
2074 3092 2414 3177 multiplici
2470 3090 2869 3174 experientia

359 3166 616 3291 giam*
671 3196 1058 3278 astipulante
1118 3195 1321 3277 aegris
1378 3195 1621 3277 optime
1688 3196 1931 3259 solebat
1986 3202 2249 3275 vertere,
2307 3195 2379 3258 in
2446 3192 2867 3257 describendo

363 3300 609 3406 3¹35quoe
668 3297 936 3380 hujusce
981 3296 1191 3360 morbi
1238 3296 1551 3378 regimine
1597 3296 1757 3359 mihi
1802 3296 2067 3360 minime
2112 3295 2651 3380 praetereundum
2695 3294 2867 3372 fuit3

483 3394 497 3409 '
668 3418 901 3480 nempe
946 3404 1022 3461 ut
1069 3416 1259 3480 aeger
1303 3397 1587 3480 quotidie
1629 3398 1797 3463 lecto
1850 3398 2219 3477 abstineret,
2265 3398 2494 3462 saltem
2544 3396 2625 3461 ad
2674 3395 2869 3460 horas

671 3500 934 3581 aliquot,
979 3500 1098 3577 vel,
1139 3500 1191 3563 si
1227 3500 1295 3563 id
1343 3506 1587 3563 vetaret
1624 3501 1829 3583 major
1864 3502 2002 3584 ejus
2040 3500 2353 3579 debilitas,
2383 3506 2591 3565 vestes
2636 3499 2868 3561 saltem

668 3600 986 3679 indueret,
1049 3606 1116 3665 et
1175 3622 1368 3684 supra
1433 3603 1677 3665 lectum
1736 3602 2019 3680 cubaret,
2080 3602 2289 3686 capite
2345 3602 2538 3686 paulo
2596 3600 2867 3665 elatiori.

669 3702 934 3766 Etenim
979 3722 1129 3766 cum
1181 3723 1494 3785 magnum
1538 3704 1723 3767 illum
1766 3704 2081 3787 impetum
2126 3726 2252 3787 quo
2296 3703 2515 3768 Febris
2558 3704 2628 3766 in
2671 3708 2869 3785 caput

669 3803 1013 3883 ferebatur,
1046 3810 1113 3868 et
1143 3804 1705 3871 inflammatoriam
1745 3806 1937 3870 simul
1972 3806 2302 3889 sanguinis
2346 3804 2682 3882 diathesin,
2714 3823 2868 3868 con-

669 3906 1030 3989 templarer,
1061 3906 1256 3970 subiit
1290 3907 1450 3970 mihi
1477 3908 1546 3970 in
1576 3914 1863 3972 mentem
1903 3928 2165 3991 aegrum
2195 3929 2235 3971 a
2262 3905 2541 3989 corporis
2582 3904 2871 3988 positura

673 4008 968 4073 nonnihil
997 4010 1419 4073 emolumenti
1439 4031 1665 4093 capere
1700 4032 1905 4095 posse,
1938 4010 1993 4073 si
2019 4032 2253 4094 nempe
2283 4031 2359 4073 ea
2392 4009 2540 4072 talis
2570 4008 2763 4071 fuerit
2790 4012 2870 4069 ut

676 4134 715 4177 a
743 4110 1306 4175 circumambiente
1339 4112 1713 4175 nullatenus
1742 4118 2114 4195 augesceret
2149 4112 2341 4189 calor,
2380 4110 2574 4193 (quod
2603 4108 2870 4174 omnino

673 4210 812 4276 fieri
847 4231 1104 4275 necesse
1143 4218 1258 4290 est,
1291 4212 1344 4274 si
1380 4212 1452 4276 in
1485 4214 1654 4277 lecto
1684 4234 1751 4303 se
1788 4215 2033 4297 jugiter
2066 4212 2439 4294 contineat,)
2474 4233 2685 4295 neque
2724 4232 2869 4274 san-

675 4313 888 4395 guinis
916 4313 987 4376 in
1016 4314 1242 4397 capitis
1271 4334 1483 4379 arcem
1511 4315 1838 4380 tendentis
1867 4317 2146 4399 impetus
2167 4323 2647 4399 promoveretur
2652 4341 2673 4394 3
2719 4335 2872 4379 cum

675 4415 851 4482 illinc
887 4416 1131 4483 cerebri
1165 4418 1372 4483 fervor
1407 4417 1803 4499 intendatur,
1832 4417 2227 4503 proindeque
2264 4416 2524 4502 spiritus
2560 4415 2870 4481 animales
