3138 5006
704 285 837 351 474
1330 281 1722 347 THOMAE
1771 277 2288 347 SYDENH'AM

431 460 517 508 Da
542 459 657 508 nr«
704 446 913 530 primo
970 444 1066 508 vis
1112 443 1500 528 simplicium
1558 443 1915 509 cathartica
1962 443 2058 508 ita
2113 443 2375 528 penitus
2433 461 2940 524 nonnunquam

454 539 645 574 ”⁸⁰²²
702 547 1013 612 musculis
1070 568 1146 612 ae
1194 547 1588 612 membranis
1633 545 2052 630 impingatur,
2101 551 2181 610 ut
2231 543 2550 609 excitetur
2606 542 2938 627 hyperca-

702 651 958 731 tharsis,
989 651 1171 715 nulla
1206 649 1641 714 remediorum
1683 670 1804 733 ope
1841 667 2134 732 unquam
2176 645 2499 724 sistenda3
2543 643 2942 710 vesicatoria

396 763 648 838 veniente·
704 762 925 818 autem
968 753 1125 818 locis
1164 751 1507 838 praedictis
1550 751 1634 816 ab
1679 750 2000 836 empiricis
2046 749 2354 834 applicari
2393 749 2600 827 solita,
2639 743 2936 813 calorem

390 843 624 955 {¹23}ss
702 856 1067 922 naturalem
1090 857 1227 941 jam
1256 855 1460 920 ferme
1490 855 1674 939 aquis
1703 855 2030 932 obrutum,
2063 851 2514 917 deficientibus
2541 852 2706 916 item
2735 851 2938 934 spiri-

388 971 531 1020 saepe
552 957 629 1006 in-
700 958 878 1023 tibus
922 956 1329 1036 animalibus,
1372 957 1640 1021 omnino
1686 957 2101 1040 extinguunt,
2119 981 2124 990 ·
2143 963 2211 1020 et
2257 977 2700 1040 gangraenam
2751 955 2936 1038 (plus

388 1022 561 1071 vitant.
702 1061 859 1126 satis
886 1061 959 1125 in
1001 1059 1125 1124 hoc
1154 1080 1310 1124 casu
1336 1059 1766 1140 samiliarem,)
1802 1079 2264 1143 saepenumero
2306 1057 2626 1136 invitant3
2673 1065 2936 1122 etenim

392 1169 680 1248 Quarevpl-
699 1163 937 1227 vulnus
979 1163 1082 1228 vel
1123 1160 1517 1226 levissimum
1560 1161 1636 1224 in
1681 1159 2205 1246 Hydropicorum
2261 1161 2564 1227 carnibus
2615 1163 2938 1245 (maxime

390 1235 653 1348 ξᾙέξζψ
700 1267 772 1331 in
801 1265 1093 1331 membro
1128 1265 1499 1350 pendente,)
1535 1271 1770 1330 sanatu
1799 1265 2246 1331 difficillimum
2285 1273 2406 1346 est,
2439 1267 2754 1352 quoniam
2785 1269 2940 1352 ipsa

390 1364 443 1442 ³¹}
460 1365 654 1428 Hydro-
702 1371 994 1436 carnium
1024 1369 1389 1434 substantia
1414 1368 1517 1432 his
1557 1368 1630 1432 in
1657 1368 1951 1452 partibus
1995 1391 2200 1453 usque
2241 1369 2403 1434 adeo
2444 1370 2692 1454 irrigua
2723 1379 2830 1435 eet
2863 1379 2938 1435 et

390 1445 646 1542 ἔζξῖῗὲῗι-
702 1485 955 1542 scatens
982 1475 1194 1554 latice,
1222 1483 1319 1553 ut,
1351 1474 1505 1538 data
1542 1494 1928 1559 quacunque
1967 1481 2174 1558 porta,
2207 1475 2517 1540 continuo
2545 1496 2750 1540 cursu
2777 1497 2938 1560 pro-

392 1565 628 1672 ffifficffi,
701 1589 963 1667 rumpat
990 1581 1243 1659 humor,
1280 1602 1320 1645 a
1349 1601 1476 1664 quo
1502 1580 1788 1644 vulneris
1817 1581 2289 1664 conglutinatio
2317 1581 2688 1664 impeditur.
2788 1583 2936 1646 Ne-

393 1703 549 1738 mum.
706 1705 831 1769 que
860 1691 976 1750 aut
1002 1683 1269 1748 feliciori
1298 1703 1449 1747 cum
1478 1689 1734 1762 eventu,
1768 1689 1882 1748 aut
1913 1684 2162 1748 minore
2191 1685 2576 1762 discrimine,
2611 1684 2937 1748 adminis-

704 1795 967 1854 trantur
1018 1790 1145 1870 (me
1176 1787 1439 1872 judice,)
1488 1787 1621 1851 sive
1664 1789 2117 1876 paracentesis,
2149 1789 2284 1855 sive
2327 1797 2850 1875 acu-puncturae
2897 1813 2938 1854 a

706 1892 1040 1958 nonnullis
1070 1892 1449 1971 celebratae,
1475 1913 1671 1975 quam
1698 1893 2130 1958 vesicatorian.

798 1993 965 2082 [41.]
1014 1995 1114 2060 Ut
1140 1995 1407 2060 tandem
1436 1995 1660 2058 finiam
1687 2021 1700 2059 :
1749 1997 2038 2080 quamvis
2080 1996 2188 2062 hic
2225 2000 2512 2078 morbus,
2541 1998 2660 2062 ubi
2679 1997 2832 2082 jam
2861 1999 2938 2063 in

708 2121 933 2164 verum
960 2099 1230 2164 Asciten
1260 2098 1549 2176 evaserit,
1581 2119 1700 2184 pro
1731 2099 2059 2184 deplorato
2094 2123 2349 2186 semper
2389 2101 2652 2166 habitus
2679 2102 2894 2166 fuerit
2915 2127 2938 2179 ;

710 2213 1001 2270 attamen
1026 2202 1370 2282 constabit,
1404 2203 1596 2287 quod,
1623 2204 1684 2267 'si
1713 2204 1885 2270 dicto
1915 2205 2110 2271 modo
2138 2213 2478 2284 tractetur,
2511 2227 2717 2290 aeque
2747 2213 2940 2270 certo

708 2315 923 2393 potest
958 2305 1290 2391 subjugari
1326 2305 1541 2388 (modo
1583 2306 1828 2372 viscera
1870 2329 1910 2372 a
1951 2309 2362 2392 corruptione
2403 2309 2536 2373 sint
2563 2307 2816 2390 libera,)
2857 2328 2940 2372 ac

710 2411 823 2476 alii
848 2411 1156 2496 permulti
1185 2409 1298 2494 qui
1322 2429 1461 2475 non
1488 2409 1584 2474 ita
1609 2411 1856 2477 funesti
1879 2413 2076 2496 vulgo
2106 2414 2549 2478 aestimantur.

810 2513 980 2601 [42]
1026 2515 1121 2579 At
1150 2514 1371 2598 siquis
1398 2514 1565 2579 forte
1596 2516 1882 2598 arguerit
1911 2516 2072 2580 haec
2097 2514 2400 2595 remedia,
2427 2522 2658 2603 utpote
2679 2516 2938 2600 simpli-

712 2616 971 2682 cissima
998 2624 1064 2681 et
1094 2616 1287 2701 plane
1315 2617 1763 2697 inartificialia,
1795 2638 1917 2702 ego
1950 2619 2188 2701 potiori
2213 2620 2363 2704 jure
2391 2619 2530 2702 ejus
2564 2603 2938 2701 nequitiam

713 2744 985 2807 arguam
1016 2728 1083 2787 et
1110 2722 1435 2805 improbos
1455 2743 1668 2786 mores
1690 2748 1710 2801 3
1758 2722 1831 2801 si,
1856 2721 2013 2786 dum
2043 2722 2344 2805 ringatur
2371 2722 2527 2787 alios
2554 2720 2940 2805 hujusmodi

710 2825 1110 2912 simplicibus
1138 2824 1628 2891 medicamentis
1657 2826 1889 2910 juvari,
1923 2846 2010 2905 se,
2039 2846 2330 2904 uxorem,
2359 2824 2458 2889 vel
2486 2823 2728 2890 liberos
2758 2846 2937 2903 suos,

713 2929 1029 3015 siquando
1067 2927 1557 3012 aegrotaverint,
1589 2928 1692 2992 vel
1718 2928 2041 2991 vilissimis
2071 2927 2155 2993 ad
2183 2929 2527 2992 sanitatem
2561 2928 2792 2992 reduci
2825 2950 2940 2993 ex-

714 3038 917 3115 optet.
961 3030 1171 3109 Adde,
1204 3030 1376 3115 quod
1404 3030 1631 3095 fucum
1659 3030 1781 3095 sibi
1807 3030 1964 3095 facit
1992 3032 2214 3111 morie,
2249 3032 2600 3115 “equitans
2629 3030 2704 3094 in
2735 3054 2940 3096 arun-

660 3120 667 3125 ’
715 3136 867 3199 dine
909 3133 1156 3217 longa”
1205 3134 1467 3216 [Horat.
1502 3134 1641 3197 Sat.
1672 3133 1738 3197 ii.
1771 3136 1834 3198 3.
1865 3134 2097 3217 248.];
2143 3134 2388 3199 etenim
2419 3133 2598 3197 Artis
2625 3134 2940 3199 Mediae

712 3258 949 3322 pompa
991 3244 1058 3299 et
1106 3234 1389 3318 dignitas
1430 3256 1567 3300 non
1609 3243 1750 3300 tam
1789 3235 1862 3299 in
1903 3234 2330 3300 formularum
2373 3234 2820 3303 concinnitate
2867 3248 2938 3303 et

714 3337 1055 3423 elegantia,
1090 3358 1285 3420 quam
1312 3337 1386 3401 in
1414 3336 1789 3404 morborum
1819 3338 2172 3420 curatione,
2205 3337 2512 3405 cernitur.

404 3564 650 3611 Coucw-
806 3546 974 3635 [43.]
1021 3550 1241 3633 Atque
1269 3548 1431 3614 haec
1460 3558 1616 3614 sunt
1645 3570 1809 3633 quae
1849 3548 1932 3613 de
1969 3548 2073 3614 his
2103 3548 2356 3613 duobus
2385 3546 2626 3612 morbis
2654 3547 2940 3613 dicenda

404 3641 503 3676 ³¹⁰·
712 3650 949 3729 habui3
996 3658 1063 3716 et
1098 3651 1248 3735 (nisi
1276 3650 1506 3738 fallor,)
1542 3653 1700 3717 alios
1727 3651 1905 3716 haud
1935 3652 2256 3734 attingam
2283 3672 2595 3735 unquam.
2678 3650 2938 3715 Verum

712 3756 841 3819 ista
872 3758 1041 3839 quod
1070 3762 1319 3839 spectat
1358 3777 1523 3839 quae
1556 3756 1874 3820 hactenus
1911 3755 1985 3818 in
2027 3754 2362 3838 publicum
2393 3754 2559 3832 dedi,
2593 3754 2648 3817 si
2677 3754 2831 3838 quis
2863 3776 2943 3819 ea.

712 3858 916 3923 semel
956 3865 1221 3923 tantum
1262 3859 1593 3942 perlegere
1637 3859 1964 3942 dignetur,
1995 3866 2096 3922 est
2141 3856 2314 3942 quod
2358 3857 2612 3922 doleam
2637 3878 2748 3921 me
2775 3856 2942 3923 huic

714 3984 860 4027 eam
904 3961 1216 4045 perdendi
1262 3962 1574 4045 temporis
1612 3982 1837 4026 ansam
1881 3960 2326 4045 praebuisse03
2385 3959 2564 4044 quod
2604 3960 2656 4023 si
2703 3961 2942 4026 eadem

716 4066 969 4150 saepius
1011 4066 1297 4148 relegere
1331 4064 1625 4145 voluerit,
1657 4071 1725 4130 et
1765 4064 1898 4129 alta
1941 4072 2164 4129 mente
2197 4084 2526 4148 reponere,
2555 4063 2784 4127 nullus
2817 4066 2943 4129 du-

717 4168 854 4233 bito
900 4168 1059 4252 quin
1094 4189 1247 4233 eum
1279 4168 1565 4232 fructum
1609 4189 1690 4232 ex
1731 4167 1812 4231 iis
1852 4167 2080 4251 capiet,
2113 4167 2225 4251 qui
2262 4174 2412 4232 voto
2447 4175 2514 4231 et
2552 4167 2817 4250 magnis
2847 4168 2944 4232 la-

718 4271 982 4338 boribus
1034 4294 1193 4356 quos
1240 4292 1362 4355 ego
1406 4272 1479 4334 in
1524 4271 1667 4335 istis
1714 4270 2265 4337 observationibus
2309 4269 2620 4335 faciendis
2671 4290 2944 4354 compo-

716 4374 1075 4458 nendisque
1148 4375 1368 4453 locavi,
1430 4374 1836 4458 aliquatenus
1895 4372 2295 4457 respondeat.
2417 4372 2605 4437 Quae
2667 4372 2944 4455 quidem

786 4510 813 4536 ¹¹
852 4502 1081 4564 Sequitur
1103 4503 1153 4549 in
1179 4504 1251 4549 ed.
1276 4504 1357 4551 ’88
1387 4504 1538 4551 Trace.
1566 4505 1606 4550 Ῑ.
1635 4506 1658 4564 5
1683 4504 1772 4556 68ς
1863 4508 1932 4549 es!
1955 4504 2194 4559 disserere,
2219 4518 2351 4564 quae,
2377 4504 2468 4548 πίει·
2485 4504 2698 4549 memoria
2717 4504 2840 4548 mila·
2860 4520 2942 4549 es·

721 4565 893 4613 deinde
937 4580 1059 4627 quae
1117 4574 1387 4628 sequuntur
1403 4576 1621 4629 z—atque
1663 4571 1774 4614 haec·
1866 4570 2091 4621 cido-ram,
2119 4569 2210 4614 loe-o
2235 4570 2382 4627 magis
2405 4562 2692 4627 suofireroent
2717 4569 2940 4615 dicenda.

718 4638 824 4675 sun!
838 4646 952 4690 quae
974 4633 1048 4677 Ιιὲο
1066 4634 1120 4679 de
1143 4635 1230 4679 isto
1246 4635 1436 4680 remedii
1447 4648 1616 4695 genere
1633 4635 1776 4680 visum
1930 4640 1954 4665 0
1991 4631 2066 4680 Cf.
2093 4634 2257 4682 Sakad-
2279 4632 2443 4679 Metuit.
2467 4646 2515 4693 p.
2541 4632 2649 4679 482.
