3138 5006
691 283 818 346 170
1297 281 1689 348 ΤΗΟΜΑΕ
1735 283 2257 349 SYDENHAM

403 461 641 510 Duum.
687 441 884 506 batur
913 443 1134 527 pestis,
1163 444 1346 510 nullo
1372 445 1510 510 fere
1551 467 1685 510 non
1723 446 1827 510 die
1867 447 2006 531 ejus
2035 447 2337 530 contagio
2378 447 2595 525 afflati,
2627 446 2785 510 dum
2814 444 2893 509 in

383 527 663 641 Αἶξζοξῗ
689 545 892 610 triviis
933 555 1361 628 versarentur,
1404 549 1820 633 inopinantes
1872 550 2142 614 extincti
2188 557 2363 630 sunt,
2414 549 2584 614 nihil
2624 569 2891 633 prorsus

379 695 492 728 rum
507 679 664 728 inimi·
691 648 846 712 mali
901 651 1450 734 praesentientes3
1509 673 1681 730 cum,
1738 651 1855 717 ubi
1912 653 2177 718 morbus
2234 653 2441 736 magis
2502 653 2887 730 adoleverat,

380 745 657 870 ssgufqffiz
689 751 1036 833 neminem,
1066 753 1194 818 nisi
1221 754 1400 820 febre
1431 761 1626 838 atque
1662 754 1801 819 aliis
1846 756 2293 840 symptomatis
2328 755 2885 839 praecedentibuS,

378 873 470 921 bus
483 874 661 936 pendet
689 876 980 939 unquam
1007 857 1384 940 prostravit:
1431 877 1510 920 ex
1540 878 1668 941 quo
1699 856 1956 922 abunde
1992 859 2350 937 conficitur,
2380 858 2681 922 morbum
2710 857 2890 922 hunc

382 939 664 986 ⁰⁰⁸⁸²¹t¹²fl⁰
689 958 762 1022 in
817 959 970 1044 ipsis
1020 959 1430 1023 incunabulis
1476 961 1685 1044 magis
1736 961 2075 1025 efferatum
2121 966 2315 1044 atque
2376 967 2641 1024 acutum
2688 959 2893 1024 fuis&

437 1002 664 1049 idemica.

380 1017 622 1131 iffi-obstat
688 1083 884 1147 quam
921 1071 1065 1147 post
1107 1062 1440 1146 principia,
1483 1063 1637 1128 licet
1684 1063 2012 1147 pauciores
2052 1064 2261 1148 prima
2302 1063 2437 1127 acie
2473 1062 2889 1147 jugulaverit,

376 1146 616 1260 uguirasplgt
687 1173 876 1230 aucto
911 1167 1050 1249 jam
1079 1165 1319 1229 seilicet
1354 1187 1546 1249 quem
1576 1164 1859 1232 habebat
1886 1167 1957 1230 in
1996 1167 2285 1230 humana
2318 1187 2584 1249 corpora
2612 1165 2887 1228 influxu.

375 1227 659 1338 Isseyaefiteri.
693 1267 816 1352 [7.]
875 1269 962 1332 In
1004 1268 1406 1352 Dysenteriis
1448 1269 1709 1353 pariter,
1761 1266 1845 1332 de
1890 1268 2123 1352 quibus
2166 1271 2305 1353 jam
2352 1268 2624 1351 agimus,
2669 1267 2891 1331 omnia

373 1355 528 1392 arum.
683 1370 1034 1434 universim
1077 1377 1511 1455 symptomata
1553 1371 1869 1436 atrociora
1911 1370 2033 1435 sub
2076 1371 2285 1456 primo
2336 1370 2549 1434 morbi
2590 1368 2891 1452 ingressu

681 1473 1178 1558 comparebant:
1227 1480 1292 1538 et
1327 1473 1497 1552 lieet,
1529 1474 1585 1537 si
1622 1473 1704 1538 ad
1744 1493 2085 1557 aegrorum
2124 1495 2473 1538 numerum
2510 1473 2885 1557 respexeris,

681 1575 876 1640 latius
917 1574 1128 1640 indies
1165 1577 1411 1640 malum
1449 1582 1753 1660 serperet,
1786 1576 1991 1640 donec
2032 1576 2300 1642 tandem
2339 1575 2423 1639 ad
2458 1581 2702 1639 statum
2741 1594 2885 1657 per-

679 1679 978 1758 venisset,
1036 1679 1110 1743 in
1168 1701 1297 1762 quo
1355 1699 1436 1742 ex
1506 1680 1929 1762 consequenti
1981 1679 2201 1763 plures
2273 1676 2631 1742 interibant
2689 1697 2907 1760 quam·

677 1781 948 1846 ineunte
997 1781 1262 1860 morbo,
1323 1787 1757 1866 symptomata
1814 1788 2039 1845 tamen
2096 1779 2217 1844 sub
2268 1779 2463 1843 initio
2517 1777 2887 1842 saeviebant

677 1882 884 1967 magis
931 1905 1126 1968 quam
1168 1884 1241 1948 in
1291 1890 1486 1964 statu,
1539 1905 1615 1948 ac
1657 1883 1865 1948 multo
1913 1883 2125 1947 adhuc
2169 1881 2377 1966 magis
2421 1902 2619 1964 quam
2658 1879 2729 1943 in
2774 1879 2885 1943 de-

675 1985 1042 2066 clinatione,
1089 1993 1156 2051 et
1199 1985 1466 2050 caeteris
1507 1985 1771 2070 paribus
1815 1985 2031 2069 plures
2074 2004 2191 2069 pro
2230 2003 2569 2068 aegrorum
2612 2003 2887 2046 numero

935 2100 1176 2166 Ἐλλαβε
1203 2101 1504 2174 πορφύρεος
1529 2101 1763 2164 θάνατος,
1795 2102 1877 2156 καὶ
1902 2103 2058 2173 μοῖρα
2084 2098 2315 2174 κραταιῆ.

939 2191 998 2254 [i.
1019 2209 1058 2241 e.
1084 2195 1212 2240 Mors
1235 2197 1394 2256 rapuit
1413 2197 1625 2252 violenta,
1649 2202 1695 2242 et
1716 2195 2009 2242 ineluctabile
2016 2191 2409 2257 satum—Hom.
2434 2194 2494 2242 11.
2518 2210 2559 2240 ε.
2582 2191 2687 2255 83.]

677 2299 864 2362 Adde
894 2298 1067 2382 quod
1095 2319 1222 2383 quo
1252 2298 1494 2362 diutius
1523 2297 1971 2383 perseverabat
2001 2298 2282 2379 morbus,
2308 2320 2385 2364 eo
2412 2299 2621 2382 magis
2648 2298 2883 2362 humo-

677 2401 827 2464 ralis
849 2401 1046 2464 etiam
1061 2400 1400 2465 videbatur
1406 2425 1426 2480 3
1461 2401 1644 2465 verbi
1665 2403 1891 2486 gratia,
1911 2401 2119 2486 primo
2143 2423 2269 2486 quo
2286 2401 2522 2466 invasit
2544 2408 2883 2479 autumno,

677 2525 872 2587 quam
894 2502 1153 2587 plurimi
1182 2505 1377 2568 nullis
1407 2506 1672 2570 omnino
1694 2506 2160 2591 dejectionibus
2188 2505 2719 2584 molestabantur,
2748 2510 2883 2569 tor-

675 2607 930 2671 minum
971 2628 1120 2671 vero
1164 2606 1337 2691 quod
1395 2614 1642 2692 spectat
1700 2608 2124 2687 atrocitatem,
2168 2608 2367 2673 febris
2425 2608 2883 2687 intensionem,

677 2710 959 2773 subitam
986 2709 1218 2774 virium
1238 2710 1759 2793 prostrationem,
1782 2711 2033 2794 aliaque
2056 2716 2512 2796 symptomata,
2536 2710 2885 2793 insequen-

675 2812 843 2876 tium
886 2833 1208 2877 annorum
1245 2813 1665 2897 Dysenterias
1703 2814 1898 2897 longo
1932 2814 2271 2879 intervallo
2308 2821 2456 2898 post
2492 2832 2561 2877 se
2597 2812 2880 2896 reliquit.

675 2914 988 2981 Quinimo
1017 2916 1442 3001 Dysenteriae
1462 2937 1613 2981 cum
1644 2914 2131 3001 dejectionibus,
2156 2936 2319 3000 quae
2342 2916 2585 3000 primae
2604 2914 2882 2979 incesse·

674 3018 856 3099 bant,
887 3018 1200 3103 principio
1255 3018 1462 3102 magis
1500 3018 1845 3103 spirituoso
1884 3038 1959 3083 ac
1988 3018 2212 3084 subtili
2240 3018 2627 3082 videbantur
2658 3016 2882 3081 inhae-

673 3141 834 3199 rere,
868 3143 1060 3204 quam
1092 3142 1255 3204 quae
1292 3121 1436 3185 illas
1467 3121 1940 3205 sequebantur3
1982 3119 2231 3186 etenim
2274 3121 2345 3185 in
2372 3120 2596 3205 primis
2626 3120 2881 3205 Dysen-

675 3222 856 3286 teriis
899 3230 965 3287 et
1012 3228 1282 3287 conatus
1325 3231 1393 3287 et
1437 3223 1522 3287 ad
1549 3224 1975 3289 desidendum
2018 3223 2296 3289 irritatio
2344 3223 2619 3307 majores
2670 3229 2879 3301 erant,

673 3331 820 3387 tum
857 3324 1056 3388 etiam
1089 3324 1590 3407 frequentiorem
1636 3326 1813 3411 ipsae
1848 3346 2001 3391 vero
2048 3326 2457 3419 dejectiones,
2489 3333 2881 3390 stercorosae

673 3427 1064 3510 praesertim,
1101 3434 1168 3491 et
1213 3428 1513 3508 minores,
1545 3436 1613 3493 et
1655 3430 1862 3513 magis
1906 3430 2279 3494 insolentes.
2360 3428 2617 3494 Quibus
2662 3436 2882 3492 autem

678 3529 984 3614 gradibus
1011 3528 1274 3595 morbus
1317 3530 1388 3598 in
1418 3551 1655 3615 genere
1694 3553 1762 3596 se
1791 3529 2127 3616 promovit,
2158 3532 2389 3596 iisdem
2432 3532 2628 3597 etiam
2666 3530 2880 3594 immi-

675 3632 1049 3697 nuebantur
1076 3632 1390 3712 tormina;
1436 3634 1827 3718 dejectiones
1849 3655 1999 3699 vero
2027 3636 2235 3717 magis
2258 3640 2649 3699 stercorosae
2670 3641 2879 3713 erant,

678 3735 883 3801 donec
926 3736 1210 3817 tandem,
1255 3738 1596 3803 fatiscente
1638 3739 1993 3823 epidemica
2034 3740 2159 3804 hac
2203 3738 2706 3817 Constitutione,
2746 3744 2878 3801 tor-

675 3838 857 3901 mina
916 3839 1019 3904 vix
1083 3840 1584 3924 perciperentur,
1647 3840 2161 3928 dejectionesque
2224 3848 2612 3905 stercorosae
2672 3840 2879 3922 magis

674 3948 892 4005 essent
923 3964 1116 4026 quam
1144 3964 1461 4008 mucosae.

375 4072 636 4139 cvm-no.
770 4041 894 4130 [8.]
951 4044 1047 4109 Ut
1105 4046 1188 4109 ad
1239 4047 1554 4111 curativas
1612 4046 2037 4111 indicationes
2096 4046 2361 4111 tandem
2418 4044 2877 4129 procedamus:

301 4210 306 4214 .
366 4144 656 4224 sffioentefia
677 4166 828 4211 cum
855 4148 1031 4211 varia
1058 4168 1222 4231 quae
1265 4148 1417 4212 huic
1462 4147 1687 4213 morbo
1717 4149 2023 4213 accidunt
2066 4154 2497 4233 symptomata
2534 4147 2881 4229 diligenter

372 4225 628 4337 {¹222}ssss
678 4269 753 4313 ac
779 4257 1033 4314 mature
1061 4270 1316 4314 mecum
1359 4252 1801 4333 pensitassem,
1832 4251 2075 4315 febrem
2116 4272 2267 4316 eum
2308 4271 2445 4314 esse
2481 4250 2606 4333 (sui
2636 4248 2879 4313 scilicet

373 4352 526 4400 turin
547 4354 624 4401 in-
676 4352 971 4433 generis,)
1035 4352 1106 4414 in
1162 4352 1476 4417 intestina
1538 4354 1963 4417 introversam
2037 4352 2450 4437 deprehendi,
2512 4352 2696 4436 cujus
2756 4372 2877 4433 ope

372 4422 642 4529 ξξῗὲᾗζζῃ
677 4452 978 4517 humores
1037 4454 1226 4518 calidi
1286 4464 1477 4539 atque
1538 4476 1715 4520 acres
1765 4457 1837 4522 in
1886 4478 2097 4520 massa
2154 4455 2511 4539 sanguinea
2562 4454 2873 4532 contenti,
