3138 5006
693 297 1132 362 EPISTOLA
1179 300 1235 363 Ι.
1278 301 1933 367 RESPONSORIA.
2283 307 2412 369 29⁷

209 456 445 540 gradus
491 476 823 539 quousque
869 457 1282 540 grassabitur,
1324 461 1731 524 tractandam
1784 483 1940 526 esse.
2035 458 2203 546 [53]
2260 461 2409 528 Quo
2437 477 2523 528 Da
2538 481 2717 532 Mons.

204 566 393 642 pacto
415 559 837 623 indicationes
867 559 1182 624 curativas
1206 560 1287 624 ab
1308 561 1431 627 hoc
1453 562 1552 626 vel
1580 562 1691 626 illo
1712 563 2157 645 phaenomeno
2186 563 2404 628 minus
2460 543 2698 659 pfflssff'
2758 564 2761 566 ’

203 661 449 744 insigni
513 661 939 740 mutuabitur,
999 663 1364 727 naturalem
1428 664 1638 728 morbi
1702 663 2038 728 historiam
2095 665 2402 748 ignorans
2430 646 2715 758 Minufiorss

173 775 178 780 ’
209 767 397 850 (quae
427 766 562 831 sola
586 787 803 829 veram
843 765 1148 829 medendi
1189 766 1508 831 rationem
1541 767 1888 850 indigitare
1926 767 2208 851 poterit,)
2253 789 2401 831 cum
2430 775 2553 822 (1ΜΝΞ
2577 764 2660 823 ⁰¹²⁷

203 875 485 953 nequeat
529 867 878 952 dijudicare
909 889 994 932 an
1031 868 1154 934 hoc
1181 868 1282 932 vel
1327 869 1504 932 aliud
1529 869 2024 952 phaenomenon
2064 892 2103 933 a
2132 870 2403 934 curandi
2430 828 2681 965 Ξῗιᾟιῗῖιῒῗι

203 993 398 1054 quam
450 969 713 1034 adhibet
757 969 1083 1049 methodo,
1131 992 1216 1034 an
1261 970 1342 1034 ab
1388 971 1526 1054 ipso
1574 979 1879 1038 nascatur
1924 971 2150 1036 morbo
2167 973 2197 1034 Ρ
2244 972 2401 1035 Dies
2428 953 2711 1068 ffissffnssff·

201 1075 502 1139 deficeret
545 1081 1038 1138 enumerantem
1075 1075 1250 1138 varia
1289 1081 1354 1139 et
1395 1074 1732 1139 subtiliora
1769 1075 1883 1140 illa
1924 1075 2400 1158 minutioraque
2430 1105 2631 1170 Semper
2674 1055 2689 1068 ⁰

203 1198 366 1261 quae
394 1178 466 1241 in
492 1177 617 1242 hoc
647 1185 841 1261 atque
870 1177 942 1240 in
972 1177 1112 1242 aliis
1145 1169 1386 1242 morbis
1416 1178 1717 1242 curandis
1757 1177 2153 1242 observanda
2181 1199 2398 1243 occur·
2426 1171 2517 1218 ‘³1³‘
2538 1172 2669 1246 qqod

197 1285 394 1358 runt,
442 1301 604 1362 quae
651 1299 802 1342 cum
846 1284 946 1342 tot
986 1279 1118 1342 sint
1167 1287 1234 1342 et
1272 1279 1444 1342 tanti
1480 1281 1796 1344 momenti
1834 1279 1916 1344 ad
1959 1279 2323 1344 liberandos
2364 1302 2403 1345 a
2420 1241 2607 1360 ‚³333ss
2624 1237 2707 1283 ad·

198 1388 410 1445 morte
452 1381 765 1458 homineS,
828 1402 1079 1464 semper
1128 1380 1348 1445 licebit
1398 1382 1671 1464 posteris
1724 1388 1790 1445 et
1849 1382 2005 1445 seris
2051 1382 2399 1466 nepotibus

198 1483 442 1566 aliquid
489 1483 762 1568 adjicere
796 1483 876 1546 iis
917 1481 1484 1561 observationibus,
1532 1483 1764 1566 quibus
1802 1483 2085 1547 traditur
2132 1484 2408 1550 varietas

193 1605 362 1668 pene
420 1585 676 1650 infinita
727 1585 1170 1669 operationum
1222 1585 1516 1648 Naturae
1574 1585 1645 1647 in
1696 1584 2068 1649 morborum
2123 1585 2397 1668 produc-

194 1688 395 1766 tione,
421 1695 487 1752 et
517 1688 838 1752 curativae
866 1687 1291 1751 indicationes
1322 1707 1400 1750 ex
1429 1708 1506 1751 eo
1535 1687 1716 1750 fonte
1740 1687 2215 1770 depromendae
2246 1709 2403 1751 enu-

195 1797 552 1858 merantur.
643 1791 802 1854 Non
829 1789 1051 1873 itaque
1081 1790 1340 1854 vilescet
1368 1789 1496 1852 Ars
1526 1790 1582 1852 si
1604 1789 1761 1873 quid
1786 1789 2161 1874 hujusmodi
2190 1789 2403 1854 lucem

195 1893 484 1976 aspiciat,
509 1893 667 1976 quin
687 1893 902 1976 potius
933 1891 1379 1970 illustrabitur,
1402 1898 1468 1956 et
1499 1891 1816 1956 difficilior
1842 1891 2097 1956 reddita
2116 1914 2252 1956 non
2271 1893 2399 1958 nisi

195 1995 520 2077 sapientes
550 2001 618 2059 et
657 1994 908 2058 subacti
947 1993 1174 2078 judicii
1201 1994 1368 2058 viros
1406 1993 1478 2056 in
1506 1994 1787 2058 filiorum
1825 2015 2173 2057 numerum
2210 2016 2396 2078 coep-,-

195 2097 326 2161 tari
355 2097 542 2161 sinet.
637 2096 766 2160 Sed
793 2097 957 2160 haec
978 2096 1207 2161 obiter.

296 2198 460 2283 [54.]
516 2200 748 2271 Tusses
777 2199 970 2263 modo
993 2198 1222 2278 dictae,
1251 2199 1306 2262 ui
1325 2199 1624 2281 imperite
1648 2204 2097 2279 tractarentur,
2122 2199 2395 2264 Febrem
2422 2224 2604 2276 Tum,

194 2301 546 2366 accendere
575 2301 868 2366 solebant
897 2301 958 2364 ei
985 2301 1162 2364 haud
1192 2300 1548 2364 absimilem
1579 2321 1741 2383 quae
1770 2300 2003 2385 hyeme
2033 2301 2189 2365 anni
2224 2304 2390 2367 1675
2419 2291 2699 2410 ἓξὲξ·-

196 2403 358 2468 adeo
396 2403 746 2487 epidemice
787 2402 1215 2486 grassabatur,
1247 2409 1313 2466 et
1351 2404 1535 2486 cujus
1572 2403 1909 2467 historiam
1947 2403 2187 2468 tradidi
2220 2404 2390 2467 Sect.
2416 2419 2570 2479 perite
2578 2427 2705 2469 trac-

194 2528 254 2571 v.
287 2527 423 2589 cap.
457 2510 518 2571 5.
549 2506 700 2570 libri
727 2507 935 2571 nostri
962 2508 1060 2569 De
1087 2506 1335 2569 Morbis
1362 2506 1604 2569 Amatis.
1664 2505 1794 2569 Sed
1821 2526 1968 2569 cum
1992 2506 2214 2571 Febris
2235 2507 2395 2571 haec
2418 2491 2650 2545 mmm*

195 2610 444 2676 soboles
489 2616 752 2675 tantum
797 2615 964 2674 esset
1009 2630 1082 2673 ac
1127 2610 1391 2673 effectus
1430 2608 1649 2673 Tussis
1700 2610 2127 2692 Epidemicae,
2170 2610 2394 2674 eadem
2418 2546 2708 2663 {2³33ssss

193 2714 336 2799 ipsa
371 2713 678 2779 methodo
722 2712 993 2776 Febrem
1031 2710 1203 2775 felici
1237 2732 1488 2794 semper
1521 2732 1671 2773 cum
1716 2731 2014 2775 successu
2055 2732 2393 2794 aggressus

195 2838 342 2881 sum
371 2837 564 2899 quam
592 2816 667 2879 in
688 2814 906 2879 Tussis
935 2813 1266 2879 curatione
1296 2834 1490 2897 supra
1518 2812 1857 2897 descripsi3
1902 2833 2135 2895 nempe
2162 2834 2392 2877 venae-
2418 2852 2683 2903 Methodus

196 2918 500 2996 sectione,
553 2915 933 2999 epispastico
991 2914 1218 2979 cervici
1279 2915 1586 2999 apposit0,
1635 2923 1702 2979 et
1748 2916 2101 2982 cathartico
2161 2915 2394 2979 deinde
2416 2917 2672 2991 therapeu-

190 3019 404 3083 tribus
433 3018 678 3083 auroris
709 3017 1013 3082 exhibito.
1097 3016 1471 3082 Quamlibet
1500 3017 1677 3082 enim
1704 3018 1777 3082 in
1804 3018 1992 3081 Tussi
2020 3018 2159 3080 sine
2188 3016 2393 3082 Febre
2416 2986 2529 3029 ‘¹⁰⁸'

189 3123 450 3187 nullum
471 3120 972 3205 praefiniebatur
991 3126 1248 3203 tempus
1273 3119 1583 3203 quamdiu
1604 3140 1797 3202 aeger
1810 3117 2185 3203 purgandus
2204 3126 2391 3197 esset,

199 3228 450 3310 (utpote
473 3248 634 3309 quae
657 3224 1023 3295 continuari
1045 3223 1326 3303 deberet,
1349 3232 1426 3287 ut
1449 3244 1643 3306 supra
1681 3222 1749 3308 [ξ
1760 3222 1898 3306 46.]
1926 3222 2163 3301 notavi,
2189 3221 2393 3287 donec

191 3328 299 3393 vel
322 3349 582 3411 prorsus
618 3328 1103 3405 convalesceret,
1133 3327 1236 3390 vel
1274 3325 1619 3390 admodum
1649 3326 2193 3391 imminuerentur
2222 3347 2390 3409 sym-

191 3433 530 3515 ptomata,)
558 3430 628 3493 in
650 3429 854 3494 Febre
875 3436 1097 3493 tamen
1128 3448 1291 3511 quae
1320 3450 1361 3491 a
1379 3428 1566 3491 Tussi
1595 3426 1935 3511 pendebat,
1958 3426 2255 3511 purgatio
2276 3448 2392 3511 per
2412 3405 2681 3529 {HT-&fii

192 3542 328 3599 tres
359 3533 495 3597 dies
535 3532 840 3596 instituta
881 3532 943 3595 ei
980 3552 1239 3614 prorsus
1285 3528 1701 3593 debellandae
1734 3550 1852 3611 par
1886 3535 2061 3607 erat,
2109 3527 2281 3609 quod
2317 3528 2389 3590 in
2413 3539 2488 3583 ter
2497 3551 2677 3599 purge-

195 3634 676 3701 Constitutione
706 3634 786 3697 de
817 3654 945 3716 qua
964 3634 1102 3717 jam
1133 3632 1382 3715 agimus
1413 3631 1808 3716 saepiuscule
1837 3630 2181 3695 observavi.
2408 3605 2671 3711 ssffffizeigen

290 3736 457 3820 [55]
515 3735 645 3799 Hic
683 3741 903 3799 autem
942 3734 1301 3798 notandum
1351 3734 1645 3812 occurrit,
1684 3733 1837 3798 licet
1878 3735 2047 3797 hanc
2091 3733 2384 3812 Febrem,
2410 3749 2530 3799 Post
2550 3766 2690 3799 men-

193 3840 454 3925 quando
483 3861 552 3904 se
579 3840 863 3924 primum
890 3838 1206 3919 exerebat,
1239 3840 1701 3905 comitarentur
1724 3839 2115 3903 defluxiones
2142 3838 2215 3902 in
2243 3838 2384 3921 pulv
2408 3827 2695 3927 23¹¹an

189 3964 416 4007 mones
445 3942 949 4022 molestissimae,
979 3948 1124 4026 post
1151 3964 1440 4007 mensem
1474 3949 1696 4006 tamen
1722 3964 1931 4005 unum
1958 3943 2059 4006 vel
2088 3942 2383 4021 alterum,
2406 3956 2692 4054 {zaffa-

2676 4042 2691 4065 2

191 4067 344 4111 cum
367 4044 665 4109 colluvies
694 4045 820 4108 ista
849 4046 974 4107 seri
1003 4044 1240 4107 sensim
1269 4066 1305 4108 e
1335 4044 1651 4127 sanguine
1682 4045 2138 4123 eliminaretur,
2162 4044 2383 4119 Febris
2408 4069 2492 4116 sed
2523 4069 2693 4119 Febris

189 4148 482 4234 ejusdem
510 4146 702 4230 plane
730 4145 964 4209 indolis
993 4146 1146 4209 hinc
1183 4145 1337 4209 inde
1377 4146 1514 4209 sine
1543 4145 1731 4209 Tussi
1762 4145 1974 4228 aliqua
2011 4144 2379 4223 infestabat,
2403 4134 2699 4259 {22⁸3ss-

194 4252 356 4333 (non
399 4249 656 4333 penitus
698 4248 926 4327 deleta,
959 4248 1072 4311 sed
1109 4254 1416 4312 manente
1460 4248 1672 4312 adhuc
1701 4248 1782 4333 ‚in
1821 4248 2137 4331 sanguine
2174 4248 2381 4311 malae
2404 4262 2547 4388 {112an
2541 4263 2683 4375 {ndo-

2576 4344 2677 4375 888-

189 4352 386 4416 crasis
415 4351 876 4435 impressione,)
913 4371 986 4415 ac
1014 4350 1283 4435 proinde
1311 4350 1488 4414 haud
1526 4350 1841 4415 diversam
1870 4352 2267 4417 curationem
2300 4350 2381 4417 ab
2405 4389 2559 4441 batus.

188 4475 270 4519 ea
297 4474 493 4538 quam
521 4453 738 4517 Tussis
768 4451 1196 4518 comitabatur
1223 4451 1347 4516 sibi
1374 4451 1774 4519 vendicabat.

1232 4574 1274 4623 Q
1305 4576 1347 4637 q
