3138 5006
719 278 850 341 482
1348 272 1740 338 ΤΗΟΜΑΕ
1787 268 2304 337 SYDENHAM

468 451 643 500 Eme-r.
702 438 1025 522 familiari
1066 437 1176 498 illa
1223 445 1287 501 et
1332 439 1513 522 quasi
1555 436 1912 521 quotidiana
1958 434 2380 498 consuetudine
2424 455 2618 518 quam
2641 434 2798 517 jam
2835 455 2960 518 per

422 517 469 564 D
472 529 682 564 ‘⁰¹⁶⁸‘
722 542 937 610 mltos
965 561 1157 602 annos
1191 541 1439 602 invicem
1484 539 1824 614 habuimusr,
1869 539 2013 601 Tibi
2042 539 2360 622 imprimi-³,
2382 537 2532 620 plus
2577 557 2776 622 quam
2821 539 2960 598 cui-

721 665 905 728 quam
936 641 1301 720 mortalium,
1333 650 1539 704 notum
1568 663 1690 704 esse
1717 649 2005 725 oporteat,
2037 650 2264 725 quanto
2291 663 2427 704 cum
2457 641 2666 702 labore
2693 643 2960 702 notitias

720 747 861 809 illae
898 745 1459 830 quantulascunque
1498 751 1623 805 tam
1669 744 1955 807 historiae
1982 765 2168 828 quam
2209 747 2540 808 curationis
2573 744 2957 820 morborum,

720 854 794 915 de
837 851 1054 936 quibus
1090 849 1309 934 palam
1360 849 1635 923 disserui,
1688 848 1966 933 indeptus
1987 849 2248 931 ficet-im.
2355 848 2532 926 Quae
2567 850 2784 910 omnia
2827 869 2958 910 non

721 955 905 1017 simul
946 962 1005 1016 et
1041 951 1219 1014 semel
1260 951 1555 1035 evulqavi,
1602 951 1709 1012 sed
1744 953 2093 1035 interposito
2135 973 2437 1015 annorum
2481 952 2724 1036 aliquot
2757 955 2958 1014 inter-

722 1056 899 1132 vaIIO,
921 1064 1114 1140 prout
1140 1057 1205 1116 in
1236 1053 1565 1139 aliqualem
1594 1054 1912 1116 eorundem
1943 1057 2330 1140 coqnitionem
2349 1058 2664 1140 pervenire
2696 1055 2956 1117 tandem

712 1164 1032 1248 potuerim.
1126 1159 1289 1222 Istas
1328 1180 1466 1221 vero
1509 1158 1944 1222 observationes
1983 1181 2148 1222 meas
2185 1162 2279 1223 ita
2325 1180 2576 1222 mancas
2621 1168 2682 1220 et
2717 1160 2958 1243 imper-

704 1268 915 1351 fectas
958 1285 1079 1326 esse
1104 1263 1339 1346 judico,
1381 1269 1452 1323 ut
1486 1283 1578 1322 me
1622 1283 1817 1345 maqzs
1859 1284 2069 1324 earum
2105 1265 2358 1347 pudeat,
2400 1285 2582 1347 quam
2631 1271 2706 1325 ut
2749 1261 2956 1324 ullam

722 1368 930 1432 exinde
960 1365 1195 1429 laudem
1226 1365 1377 1426 mihi
1416 1385 1724 1449 quaeram.
1833 1364 1990 1428 Utut
2025 1389 2086 1428 se
2125 1389 2220 1428 res
2263 1366 2498 1441 habeat,
2528 1366 2690 1428 illud
2727 1365 2954 1427 saltem

724 1477 789 1536 in
820 1474 935 1534 mci
960 1471 1397 1535 excusationem
1431 1477 1632 1552 potest
1669 1469 1925 1553 adferri,
1958 1471 2134 1556 quod,
2169 1471 2303 1534 licet
2330 1473 2582 1555 triqinta
2611 1491 2952 1544 annorum,

725 1585 784 1638 et
827 1575 987 1660 quod
1030 1574 1314 1647 excurrit,
1355 1574 1641 1655 spatium,
1687 1573 1902 1657 quibus
1940 1595 2046 1658 eqo
2085 1595 2202 1636 non
2251 1573 2632 1658 indiliyenter
2665 1576 2736 1636 in
2779 1595 2952 1636 mm

726 1680 933 1741 borum
986 1677 1384 1740 observatione
1428 1674 1735 1750 versabar,
1789 1675 2058 1761 sufficere
2101 1697 2281 1758 posse
2337 1677 2614 1740 videatur
2659 1677 2755 1738 ad
2811 1699 2953 1738 ma-

705 1783 925 1865 jorem,
957 1799 1139 1864 quam
1169 1781 1233 1840 in
1263 1797 1463 1840 eorum
1495 1779 1826 1862 coquit-ione
1867 1801 1972 1864 eqo
1996 1781 2150 1863 feci,
2175 1781 2514 1864 prffectum
2523 1780 2906 1863 faciendum
2923 1803 2948 1852 ‚⁰

727 1893 993 1946 attamen
1033 1881 1205 1943 haud
1240 1888 1455 1943 temere
1492 1879 1750 1964 affirmo,
1793 1882 1969 1966 quod,
2007 1883 2145 1947 licet
2184 1885 2294 1946 hoc
2337 1885 2617 1968 temporis
2667 1886 2946 1965 spatium

720 1987 866 2070 plus
918 2005 1101 2070 quam
1155 1983 1420 2068 sufficiat
1459 1983 1546 2044 ad
1583 1984 1886 2048 cerebrum
1930 1987 2306 2048 theorematis
2343 1995 2401 2048 et
2442 1987 2790 2048 commentis
2809 1985 2950 2064 fic-

725 2091 875 2152 titiis
902 2109 973 2150 ex
1000 2088 1323 2150 authorum
1354 2086 1522 2149 libris
1551 2087 1808 2151 collectis
1833 2088 2020 2174 (quae
2047 2093 2249 2154 omnia
2279 2113 2396 2154 non
2435 2093 2632 2175 maqis
2661 2091 2756 2152 ad
2779 2109 2948 2151 mor-

726 2196 935 2257 borum
976 2195 1344 2255 curationem
1377 2192 1653 2274 faciunt,
1697 2215 1883 2278 quam
1911 2195 2208 2280 pinqendi
2243 2217 2349 2258 ars
2396 2195 2482 2258 ad
2519 2205 2722 2258 artem
2767 2196 2948 2255 navi-

718 2298 957 2384 yandi)
1002 2297 1190 2381 plane
1246 2296 1632 2372 obruendum,
1679 2307 1945 2362 attamen
2005 2322 2078 2362 ne
2136 2299 2640 2385 quadruplicatus
2699 2297 2946 2382 quidem

725 2405 941 2466 horum
991 2417 1290 2462 annorum
1336 2419 1640 2476 numerus,
1689 2405 1872 2464 etiam
1921 2405 1986 2466 in
2022 2403 2255 2466 homine
2292 2402 2780 2486 occupationibus
2821 2421 2948 2462 me-

724 2511 875 2572 dicis
912 2507 1387 2580 distractissimo,
1418 2509 1572 2568 satis
1613 2510 1730 2570 erit
1755 2509 1843 2570 ad
1866 2510 2171 2572 eundem'
2143 2531 2209 2572 tn
2238 2512 2401 2571 omni
2427 2506 2710 2569 Medicae
2737 2506 2946 2581 Artis,

725 2632 973 2696 quaqua
1008 2617 1199 2694 patet,
1234 2610 1491 2671 circuitu
1530 2612 1646 2671 rite
1674 2612 2130 2693 perficiendum.
2222 2611 2366 2696 qu
2403 2610 2614 2674 saltem
2647 2630 2772 2693 pro
2817 2632 2948 2671 meo

722 2716 959 2780 modulo
989 2734 1219 2777 omnem
1250 2734 1436 2799 quam
1469 2716 1648 2797 potui
1679 2736 1922 2798 operam
1963 2718 2118 2779 istuc
2157 2715 2385 2778 contuli
2411 2724 2482 2777 ut
2505 2715 2946 2777 observationes

724 2842 908 2906 quam
937 2818 1429 2882 accuratis-§imas
1459 2816 1806 2901 colliqerem,
1839 2840 1994 2903 quas
2032 2821 2159 2881 sine
2197 2841 2367 2881 mora
2389 2820 2605 2902 praelo
2633 2818 2950 2879 mandan-

723 2925 837 2985 das
877 2924 1108 2998 curavi,
1140 2930 1228 2996 ut,
1259 2923 1314 2983 εἰ
1351 2920 1501 3005 quid
1538 2918 1681 2982 utile
1723 2920 2024 2998 haberent,
2057 2922 2128 2984 id
2161 2923 2364 2984 statim
2397 2919 2638 3005 publico
2669 2920 2946 2982 cederet.-

726 3052 849 3115 qua
877 3032 943 3092 in
973 3051 1039 3091 re
1066 3048 1203 3089 cum
1232 3046 1357 3088 meo
1398 3048 1640 3099 munere
1674 3046 1791 3108 pro
1819 3026 1985 3088 virili
2010 3026 2333 3109 defunctus
2351 3026 2494 3109 jam
2527 3024 2682 3086 mihi
2705 3024 2948 3099 vidmr,

726 3132 1051 3217 acquiescit
1076 3133 1319 3192 animus
1348 3150 1529 3203 meus,
1561 3128 1720 3191 nihil
1731 3150 1923 3211 porro
1952 3130 2242 3191 sollicitus
2269 3149 2386 3213 quo
2429 3130 2495 3189 in
2537 3127 2660 3189 loco
2689 3126 2770 3189 ab
2801 3127 2950 3189 aliis

728 3235 1066 3297 habeantur
1109 3254 1241 3295 mea
1276 3234 1521 3315 scripta.
1617 3231 1759 3295 Hoc
1803 3242 2039 3296 tantum
2069 3233 2250 3308 addo,
2281 3234 2459 3319 quod,
2489 3235 2687 3307 sicuti,
2718 3234 2780 3294 si
2805 3236 2952 3317 quis

727 3360 798 3399 ea
830 3337 1164 3420 nesta-erit,
1196 3336 1348 3398 mihi
1373 3357 1447 3397 ne
1474 3337 1666 3399 hilum
1707 3342 1991 3414 nocuerit,
2025 3340 2114 3400 ita
2159 3343 2268 3423 qui
2307 3340 2489 3401 semel
2515 3350 2758 3411 ‚tantum
2791 3366 2946 3427 per·

729 3440 951 3525 leyerit,
972 3440 1144 3502 haud
1162 3439 1423 3502 multum
1443 3440 1652 3503 exinde
1676 3442 1998 3523 proficietc.
2068 3442 2194 3505 Sed
2211 3451 2280 3505 ut
2300 3442 2449 3504 haec
2469 3446 2654 3507 missa
2663 3446 2939 3527 faciam,

729 3544 961 3605 obsecro
996 3542 1105 3617 Te,
1138 3540 1598 3606 Humanissime
1637 3542 1765 3620 Vir,
1799 3554 1870 3608 ut
1911 3544 2340 3609 Tractatulum
2376 3548 2536 3611 hunc
2565 3554 2746 3633 aequi
2771 3552 2946 3613 boni-

730 3668 845 3732 que
888 3646 1186 3722 consulas‚
1222 3668 1339 3731 quo
1385 3654 1664 3711 testatum
1703 3672 1826 3711 esse
1868 3650 2032 3713 volui
2075 3661 2301 3735 quanto
2345 3652 2435 3714 Te
2477 3653 2699 3717 honore
2725 3678 2944 3739 prose—

729 3772 926 3835 quor,·
971 3750 1135 3834 quod
1163 3750 1405 3833 pariter
1429 3752 1690 3834 faciunt
1725 3756 1905 3815 etiam
1951 3756 1998 3816 ii
2029 3776 2230 3817 omnes
2272 3758 2486 3840 quibus
2530 3756 2702 3841 lonqc
2737 3761 2944 3823 minus

729 3874 912 3939 quam
958 3852 1110 3915 mihi
1132 3864 1450 3937 perspecta
1494 3866 1582 3919 est
1619 3859 1812 3920 virtus
1868 3858 2012 3921 Tua
2031 3888 2055 3924 .·
2101 3882 2286 3945 neque
2307 3863 2460 3944 Jure
2498 3866 2708 3926 merito
2736 3867 2946 3927 existi-

730 3980 899 4020 mare
926 3958 1061 4042 quis
1084 3967 1294 4042 potest,
1321 3981 1413 4022 me
1441 3956 1580 4044 (qui
1613 3962 1730 4024 Tm·
1755 3962 2097 4027 nullatenus
2125 3964 2412 4051 indiyeo‚)
2448 3966 2592 4031 Tibi
2616 3974 2946 4048 assentari,

731 4082 865 4123 cum
886 4060 1105 4144 palam
1129 4064 1443 4146 profitear,
1471 4066 1650 4149 quod,
1675 4068 1857 4128 sicuti
1882 4068 1946 4129 in
1976 4090 2047 4129 ea
2077 4088 2262 4153 quam
2290 4090 2520 4133 escerces
2541 4070 2697 4134 Arte
2719 4077 2954 4138 nemini

730 4164 1023 4227 secundus
1052 4167 1153 4240 sie,
1193 4166 1286 4249 (ut
1311 4168 1563 4230 modeste
1591 4168 1860 4257 loquar,)
1889 4173 1977 4235 ita
2017 4195 2249 4235 morum
2295 4176 2633 4260 inteqritate
2663 4178 2952 4244 honesta-

732 4280 900 4355 teque
929 4272 1189 4356 undique
1218 4272 1658 4338 absolutissima
1700 4298 1897 4339 omnes
1915 4278 2062 4359 fere
2091 4300 2344 4363 quorum
2382 4302 2487 4365 eqo
2521 4286 2952 4349 consuetudine

733 4394 998 4459 unquam
1048 4396 1189 4437 usus
1214 4376 1455 4457 fuerim
1499 4400 1756 4461 superes.
1851 4379 1987 4442 Diu
2029 4382 2198 4443 vivas
2229 4392 2372 4467 post
2413 4406 2543 4447 mea
2569 4387 2752 4468 fata,
2789 4398 2850 4451 ct
2887 4392 2954 4451 in

1543 4517 1566 4545 e
1604 4509 1678 4558 Cf.
1709 4510 1863 4560 Tract.
1891 4514 1958 4559 11.
1985 4515 2008 4574 ς
2034 4514 2113 4563 43.
