3138 5006
498 283 1297 350 OBSERVATIONUM
1340 275 1916 349 MEDICARUM
1961 291 2060 343 lv.
2099 278 2149 344 5.
2316 287 2442 350 187

216 447 344 510 bus
388 445 487 510 ita
529 455 627 512 est
670 447 942 527 exitiale,
972 452 1049 511 ut
1094 447 1266 510 inter
1303 445 1677 529 praecipuos
1721 445 2067 510 Parcarum
2111 445 2438 509 ministros
2471 463 2748 511 Monam

211 551 365 634 jure
392 550 724 630 habeatur,
759 551 973 633 plures
1009 549 1315 634 jugulans
1360 570 1555 632 quam
1588 548 1691 613 vel
1719 548 1892 631 ipsae
1931 548 2242 627 variolae3
2288 569 2436 612 nec·
2469 529 2616 576 ΔΝΜ
2653 528 2750 579 '⁷⁰‘

218 653 385 716 dum
411 652 573 716 mihi
600 653 767 716 visus
797 659 896 717 est
920 653 1030 735 qui
1059 659 1235 717 certa
1262 652 1387 716 alia
1414 651 1722 715 methodo
1747 650 1956 714 eidem
1983 651 2197 734 potuit
2219 671 2436 714 occur—

220 775 385 820 rere.
478 755 656 821 Quin
678 763 743 820 et
772 755 1122 834 diarrhoea,
1149 776 1344 838 quam
1373 753 1712 819 Morbillos
1735 753 2022 836 excipere
2063 754 2130 838 [ᾧ
2151 756 2244 836 4.]
2281 753 2436 816 dixi-

222 879 392 936 mus,
422 858 932 922 venae-sectione
974 858 1215 940 pariter
1257 864 1555 934 sanatur3
1603 876 1752 920 cum
1782 855 1958 919 enim
1996 855 2300 919 halitibus
2339 855 2438 919 in·

224 959 540 1024 flammati
569 960 899 1043 sanguinis
938 959 1009 1023 in
1036 959 1346 1023 intestina
1378 957 1715 1022 ruentibus
1744 965 1960 1022 ortum
1991 979 2178 1022 suum
2188 958 2439 1022 ¹⁴debeat

232 1061 431 1145 (quod
458 1063 655 1126 etiam
692 1061 763 1126 in
800 1061 1157 1145 pleuritide,
1190 1061 1734 1146 peripneumonia,
1767 1059 2028 1143 aliisque
2075 1058 2184 1144 qui
2227 1062 2307 1125 ab
2341 1061 2440 1123 in-

224 1165 667 1230 flammatione
696 1170 997 1229 creantur
1023 1165 1281 1242 morbis,
1318 1152 1441 1227 usu
1467 1163 1688 1244 venit,)
1725 1185 1764 1226 a
1793 1163 2022 1246 quibus
2060 1163 2173 1226 illa
2211 1163 2290 1226 ad
2336 1184 2440 1226 ex-

229 1267 583 1331 cretionem
628 1267 1060 1346 stimulantur,
1106 1267 1243 1331 sola
1290 1265 1719 1331 venae-sectio
1762 1266 2056 1330 levamen
2100 1265 2364 1344 adferet,
2405 1287 2443 1329 a

228 1392 360 1452 qua
400 1377 548 1435 tum
580 1370 976 1434 revelluntur
1017 1391 1191 1435 acres
1234 1369 1345 1434 isti
1385 1369 1708 1446 humores,
1740 1375 1881 1431 tum
1933 1367 2128 1432 etiam
2180 1367 2442 1450 sanguis

230 1472 316 1535 ad
344 1471 629 1537 debitam
658 1471 969 1555 redigitur
994 1471 1395 1555 temperiem.
2237 1475 2242 1482 '

321 1571 451 1660 [8.]
500 1574 733 1658 Neque
772 1581 883 1638 est·
910 1595 1027 1638 cur
1054 1574 1195 1657 quis
1238 1575 1511 1638 miretur
1551 1593 1658 1636 me
1697 1572 1768 1636 in
1806 1572 2052 1638 teneris·
2088 1571 2440 1636 infantibus
2471 1591 2730 1639 Phleboto-

230 1677 809 1742 venae-sectionem
838 1676 1303 1742 instituendam
1325 1675 1610 1754 suadere,
1631 1696 1780 1740 cum
1806 1675 2067 1757 sanguis
2102 1676 2441 1758 (quantum
2468 1656 2757 1767 ssffissatffla

234 1800 357 1862 ego
384 1779 699 1843 hactenus
727 1779 1044 1863 potuerim
1080 1779 1457 1862 observare,)
1494 1777 1668 1842 haud
1696 1777 1914 1841 minus
1941 1784 2085 1841 tuto
2115 1799 2193 1841 ex
2223 1797 2442 1841 eorum
2468 1785 2736 1832 infantibus

236 1882 416 1946 venis
447 1903 638 1964 quam
680 1903 757 1945 ex
802 1881 1170 1946 adultorum
1210 1881 1620 1958 extrahatur3
1666 1885 1732 1944 et
1766 1880 2051 1963 profecto
2089 1880 2182 1944 ita
2211 1886 2306 1944 est
2335 1879 2447 1944 illa
2471 1864 2673 1966 ffgssffis,

236 1984 595 2048 necessaria
622 1991 696 2048 ut
724 2004 845 2048 nec
880 1984 1294 2068 symptomati
1322 1989 1696 2062 memorat0,
1727 2004 1850 2046 nec
1893 1982 2031 2047 aliis
2062 1983 2446 2066 quibusdam

236 2110 399 2171 quae
456 2089 811 2153 infantibus
870 2089 1150 2154 accidere
1207 2089 1435 2168 solent,
1489 2087 1726 2152 omissa
1775 2086 2214 2171 phlebotomia
2271 2095 2446 2152 certo

235 2191 483 2254 mederi
510 2192 851 2256 valeamus.
937 2192 1233 2276 Exempli
1262 2185 1485 2276 gratia,
1520 2212 1647 2274 quo
1675 2198 1863 2274 pacto
1905 2211 2251 2274 puerorum
2275 2177 2446 2254 den·
2474 2207 2744 2255 convulsio-

232 2293 540 2358 tientium
580 2293 1113 2374 convulsionibuS,
1145 2315 1307 2377 quae
1335 2315 1509 2358 nono
1541 2293 1919 2376 decimoque
1959 2313 2181 2357 mense
2227 2279 2446 2376 super‘-
2475 2273 2758 2384 ξξζιὲᾒξξζ

232 2395 523 2475 veniunt,
560 2397 730 2479 (eum
774 2396 1177 2480 gingivarum
1214 2395 1716 2460 intumescentia
1754 2395 2116 2478 doloreque,
2150 2415 2190 2458 a
2219 2394 2447 2479 quibus
2475 2401 2731 2477 tientium·

236 2499 753 2582 comprimuntur
790 2499 969 2563 nervi
1012 2506 1204 2583 atque
1247 2497 1601 2577 irritantur,
1631 2496 1807 2562 unde
1851 2497 2046 2561 etiam
2089 2489 2450 2581 paroxysmi
2475 2481 2590 2578 ξὲξ
2602 2481 2760 2592 ξζῖῗι“

236 2600 347 2665 isti
389 2603 789 2685 nascuntur,)
825 2601 963 2666 sine
990 2601 1499 2666 venae-sectione
1540 2621 1729 2684 opem
1755 2600 2036 2663 feremus
2051 2600 2082 2661 ⁴?
2129 2621 2288 2682 quae
2319 2600 2453 2663 sola
2476 2595 2764 2705 b¹²⁸0¹¹¹f¹q115

236 2703 311 2767 in
364 2704 537 2768 dicto
595 2706 831 2769 affectu
881 2704 1185 2788 specificis
1232 2704 1716 2787 quibuscunque
1754 2703 1856 2765 vel
1899 2701 2450 2778 decantatissimis,
2478 2674 2618 2721 opem
2657 2669 2758 2715 ert,

238 2828 405 2890 quae
432 2808 745 2872 hactenus
766 2808 1123 2885 innotuere,
1146 2808 1339 2891 longe
1363 2814 1461 2870 est
1484 2804 1938 2880 anteferenda3
1986 2824 2261 2886 quorum
2290 2824 2451 2865 non-

237 2911 421 2974 nulla
462 2910 813 2976 adventitio
856 2912 1062 2975 calore
1104 2917 1344 2976 nocent
1389 2910 1606 2989 etiam,
1645 2916 1710 2972 et
1756 2907 1914 2971 dum
1954 2907 2206 2971 occulta
2243 2906 2454 2988 aliqua

240 3013 629 3097 proprietate
657 3014 883 3079 morbo
906 3014 1223 3078 adversari
1244 3008 1616 3089 creduntur,
1636 3010 1978 3075 manifesto
2007 3009 2214 3074 calore
2244 3008 2452 3072 eidem

242 3115 549 3195 militant,
608 3122 802 3200 atque
876 3135 1142 3199 aegrum
1203 3115 1286 3179 ad
1356 3115 1572 3199 plures
1647 3113 1992 3177 deducunt.
2112 3112 2452 3176 Praetereo

242 3219 843 3301 impraesentiarum
890 3219 1121 3301 ingens
1177 3218 1340 3282 illud
1391 3217 1690 3281 solatium
1749 3216 1918 3299 quod
1970 3214 2175 3279 adfert
2225 3235 2451 3278 venae-
2478 3228 2722 3278 infantum

244 3322 444 3384 sectio
500 3322 823 3385 infantum
879 3320 1173 3404 pertussi,
1233 3321 1450 3403 (quam
1510 3326 1832 3383 nostrates
1883 3324 2114 3382 vocant
2165 3318 2454 3399 Hoopiny
2477 3293 2600 3371 “⁸¹¹¹-
2617 3311 2725 3357 per-

245 3424 506 3506 Couyh)
540 3424 611 3487 in
639 3446 763 3508 qua
798 3422 1083 3491 remedia
1111 3421 1433 3507 quaelibet
1461 3421 1708 3505 pectori
1737 3420 1948 3484 dicata
1983 3420 2179 3503 longo
2205 3425 2352 3502 post
2387 3439 2454 3482 se
2480 3360 2740 3537 :tffi{ii’s}}i-

244 3526 479 3609 linquit
508 3526 844 3590 intervallo
860 3525 907 3589 ἅ.
2703 3520 2715 3534 ·

346 3628 469 3711 [9.]
527 3628 719 3694 Quod
742 3629 821 3692 de
849 3629 1080 3691 horum
1110 3633 1631 3711 symptomatum,
1656 3625 1976 3689 Morbillis
2000 3623 2454 3688 decedentibus

248 3730 855 3813 supervenientium,
886 3729 1217 3794 curatione
1254 3731 1393 3813 jam
1434 3728 1727 3808 diximus,
1756 3748 2222 3810 nonnunquam
2260 3725 2454 3789 etiam

249 3834 497 3899 eisdem
542 3834 918 3900 florentibus
974 3841 1189 3918 potest
1248 3842 1631 3917 competere,
1678 3834 1732 3897 si
1776 3834 2084 3898 nimirum
2135 3833 2456 3915 artificiali

250 3936 333 4017 (si
360 3936 459 3999 fas
489 3943 586 4000 est
626 3936 876 4019 dicere,)
923 3944 1113 4020 atque
1143 3936 1459 4001 adscititio
1494 3936 1688 4000 calori
1725 3958 1802 4000 ea
1846 3936 2218 4000 debeantur.
2311 3933 2456 3997 Hoc

247 4061 424 4103 anno
471 4040 641 4104 1670
682 4039 989 4103 famulam
1028 4038 1346 4104 Dominae
1388 4043 1620 4104 Annae
1666 4039 2029 4120 Barington
2064 4037 2188 4100 hoc
2231 4036 2457 4098 morbo

249 4141 671 4219 laborantem,
710 4164 846 4205 una
888 4162 1034 4205 cum
1077 4140 1273 4221 febre,
1316 4140 1658 4225 dyspnoea,
1695 4139 2084 4221 maculisque
2127 4136 2459 4221 purpureis

251 4264 482 4326 corpus
555 4264 747 4307 omne
819 4243 1329 4326 deturpantibuS,
1406 4243 1670 4325 aliisque
1749 4240 2194 4325 symptomatis
2268 4260 2460 4321 quam

252 4346 545 4429 plurimis
592 4345 1149 4429 periculosissimiS,
1199 4345 1483 4409 medicus
1528 4345 1916 4421 invisebam3
1964 4364 2112 4406 cum
2165 4340 2464 4424 regimini

706 4472 730 4505 ‘²
766 4474 842 4522 Cf.
867 4477 1017 4536 Epist.
1042 4476 1255 4535 Respons.
1285 4476 1323 4523 1.
1353 4478 1375 4535 ξ
1402 4474 1491 4530 ·1·7;
1528 4474 1735 4521 Process.
1761 4473 1852 4521 Int.
1879 4487 1920 4519 c.
1947 4472 2026 4518 44.
