3138 5006
699 282 829 343 308
906 270 919 281 '
1348 284 1741 350 ΤΗΟΜΑΕ
1789 284 2304 352 SYDENHAM

422 458 507 506 Dz
534 458 651 507 Lus
700 449 1075 515 sarciantur.
1154 449 1636 535 omnipotentis
1665 450 1825 515 DEI
1857 456 1956 515 est
1986 458 2204 515 sontes
2233 450 2566 535 castigare,
2597 457 2898 543 nostrum

389 523 581 571 Vnum
548 538 653 573 Μ’
654 560 847 618 'vero
889 553 1161 619 miseris
1181 575 1299 638 pro
1340 554 1507 618 virili
1550 554 1940 634 succurrere,
1973 561 2182 637 atque
2211 556 2419 638 aegris
2457 575 2648 639 opem
2691 554 2896 633 ἴθι-ως

696 676 833 721 non
862 664 1082 721 autem
1120 658 1371 723 curiosa
1398 678 1740 723 causarum
1781 656 2198 741 indagatione
2225 658 2368 723 illos
2405 659 2614 722 acrius
2643 677 2896 741 urgere,

694 766 811 825 aut
840 760 1129 825 censorio
1156 780 1384 826 vexare
1412 760 1606 825 fastu.
1671 760 1950 824 Tradam
1977 760 2196 845 itaque
2226 782 2390 844 quae
2417 760 2488 825 in
2517 762 2642 825 hoc
2669 758 2898 824 morbo

697 862 1027 943 observavi
1076 870 1272 947 atque
1322 870 1636 947 expertus,
1673 884 1860 943 sum3
1905 883 2042 929 non
2093 884 2220 947 quo
2258 863 2598 928 hominum
2647 862 2900 927 animos

694 966 1041 1031 deteriores
1086 966 1375 1045 efficiam,
1408 965 1520 1030 sed
1548 970 1628 1030 ut
1669 986 1934 1049 corpora
1969 965 2165 1049 (quod
2192 966 2354 1031 mihi
2392 965 2640 1049 negotii
2669 965 2896 1030 datum

696 1069 839 1152 est,)
873 1067 1141 1133 reddam
1168 1067 1441 1133 saniora.

402 1174 536 1222 Lms
563 1172 666 1221 VB·
792 1170 913 1255 [5.]
969 1170 1143 1235 Lues
1200 1171 1498 1235 Venerea
1540 1190 1622 1235 ex
1664 1169 1859 1236 India
1897 1172 2184 1255 primum
2229 1171 2650 1249 Occidentali,
2695 1171 2899 1241 Anno

386 1251 637 1351 1113*
534 1251 601 1286 Σ
564 1316 652 1350 m
658 1273 962 1350 Domini
994 1276 1183 1354 1493,
1206 1274 1534 1357 Europam
1562 1273 1854 1359 appulit,
1899 1295 2050 1339 cum
2079 1280 2232 1339 ante
2261 1273 2330 1338 id
2357 1280 2614 1358 tempus
2644 1294 2730 1337 ne
2755 1272 2897 1358 qui-

384 1392 596 1443 Quando
593 1375 844 1440 —dem
872 1376 1134 1441 nomine
1160 1383 1354 1441 tenus
1390 1376 1735 1460 (quantum
1773 1377 1933 1442 scire
1961 1377 2157 1461 licet,)
2191 1384 2414 1442 nostro
2453 1376 2596 1442 orbi
2621 1376 2890 1440 innotu-

380 1470 619 1569 grumum
693 1480 837 1545 erit.
926 1479 1123 1544 Unde
1152 1478 1349 1543 etiam
1392 1478 1658 1543 morbus
1685 1480 1880 1564 vulgo
1909 1488 2208 1545 censetur
2241 1480 2322 1544 iis
2349 1479 2666 1545 tractibus
2693 1482 2894 1543 Ame-

540 1536 596 1570 Οἳ

382 1587 476 1634 bus
501 1586 663 1635 Eum-
690 1584 861 1647 ricae
891 1582 1245 1662 eudemiuS,
1267 1582 1339 1647 in
1363 1602 1521 1666 quos
1550 1604 1668 1646 nos
1697 1583 1892 1667 primi
1920 1584 2200 1648 colonias
2223 1583 2624 1647 deduximus.
2719 1582 2894 1647 Mihi

382 1666 533 1779 {iffi-
520 1666 605 1714 Ψ
690 1708 841 1752 vero
874 1687 1102 1805 potius
1130 1706 1169 1750 e
1200 1684 1467 1769 regione
1508 1684 1724 1769 aliqua
1757 1685 2166 1773 Nigritarum
2212 1687 2504 1752 Guineae
2545 1686 2894 1752 mutel-mi.

382 1798 526 1872 cuju?
546 1812 621 1845 re·
691 1811 927 1855 norum
943 1790 1260 1873 originem
1287 1788 1558 1854 traxisse
1583 1788 1880 1869 videtur,
1864 1814 1879 1830 ·
1925 1810 2071 1853 cum
2092 1810 2132 1853 a
2156 1789 2452 1874 plurimis
2480 1792 2892 1868 nostratium,

381 1876 585 1976 ἓξὲξ..
560 1878 647 1911 ⁸¹¹
690 1895 895 1983 iisque
922 1893 1049 1957 fide
1094 1893 1327 1976 digniS,
1359 1892 1471 1977 qui
1498 1892 1744 1957 insulas
1779 1893 2036 1957 Car-ibes
2062 1893 2266 1958 dictas
2305 1893 2621 1973 incolunt,
2655 1894 2891 1959 didice-

686 1998 833 2078 rim,
880 1996 1202 2081 mancipia
1245 2016 1469 2060 recens
1520 2016 1561 2059 a
1611 1996 1872 2061 Guinea
1920 1996 2135 2077 allata,
2180 1996 2380 2061 etiam
2427 2004 2780 2082 antequam
2821 1997 2892 2085 ιιι

687 2108 931 2166 terram
982 2098 1455 2177 descenderint,
1494 2104 1642 2163 tum
1689 2100 1815 2163 alia
1858 2098 2103 2165 ibidem
2146 2100 2466 2183 degentia,
2497 2100 2620 2166 hoc
2663 2076 2892 2167 morbo

687 2202 948 2281 tentari,
978 2201 1160 2266 nulla
1187 2202 1459 2286 copula
1440 2223 1699 2285 impura
1722 2222 2130 2286 praegressa3
2171 2201 2267 2267 ita
2293 2209 2370 2266 ut
2397 2224 2535 2267 non
2566 2224 2714 2267 raro
2742 2204 2892 2267 uni-

686 2327 937 2371 versam
995 2306 1277 2389 aliquam
1334 2326 1561 2370 eorum
1617 2304 1932 2369 familiam
1997 2305 2208 2388 (viros.
2245 2306 2503 2385 scilieet,
2562 2305 2888 2385 mulieres,

686 2409 1091 2494 liberosque,)
1140 2410 1309 2473 male
1350 2408 1644 2472 mulctet.
1734 2408 1968 2492 Neque
2011 2408 2137 2473 ista
2179 2408 2372 2488 Lues,
2404 2429 2568 2492 quae
2611 2409 2891 2473 afflictis-

688 2515 883 2578 simos
920 2513 1113 2578 hosce
1150 2533 1337 2598 saepe
1373 2512 1626 2596 saepius
1660 2512 1926 2592 invadit,
1953 2512 2058 2578 vel
2083 2512 2292 2578 hilum
2323 2535 2362 2578 a
2401 2514 2671 2577 Vener-ea
2701 2513 2888 2578 nobis

687 2616 881 2697 dicta,
928 2617 1270 2701 (quantum
1312 2636 1435 2700 ego
1479 2614 1740 2701 quidem
1781 2615 2121 2701 intelligo,)
2172 2617 2383 2701 quoad
2427 2623 2884 2700 symptomata,

688 2719 937 2785 dolores
968 2719 1227 2799 scilicet,
1256 2719 1492 2798 ulcera,
1518 2725 1664 2798 etc„
1702 2717 1950 2802 (habita
1975 2740 2210 2804 nempe
2241 2719 2634 2784 diversorum
2663 2719 2886 2783 clim

685 2831 832 2888 tum
852 2824 1103 2889 ratione
1103 2825 1147 2908 ,)
1170 2823 1424 2889 videtur
1444 2822 1830 2908 discrepare,
1849 2821 2003 2888 licet
2023 2823 2286 2887 nomine
2313 2843 2573 2907 prorsus
2597 2822 2887 2901 abludat,

688 2949 839 2992 cum
878 2930 980 2992 the
1026 2929 1206 2992 Yaws
1248 2927 1331 2992 ab
1372 2926 1499 2991 illis
1544 2925 1814 2991 dicatur.
1904 2927 1999 2991 At
2033 2947 2156 2992 nec
2199 2925 2501 2990 medendi
2544 2927 2890 2992 methodus

691 3052 818 3115 qua
867 3037 1145 3096 utuntur
1191 3031 1309 3112 illi,
1366 3051 1407 3094 a
1454 3037 1678 3094 nostra
1735 3029 2058 3108 abhorret,
2109 3029 2453 3113 utrobique
2505 3031 2677 3094 enim
2743 3031 2889 3094 sali-

687 3135 861 3198 vatio
890 3155 969 3198 ex
1010 3133 1409 3217 hydrargyro
1446 3140 1791 3216 utramque
1825 3132 1980 3196 facit
2017 3131 2356 3216 paginam3
2401 3153 2537 3198 non
2581 3132 2888 3197 obstante

690 3256 767 3299 eo
798 3235 969 3318 quod
1010 3235 1117 3298 hic
1162 3233 1333 3318 apud
1372 3255 1492 3298 nos
1536 3234 1774 3300 dicitur
1816 3234 1898 3299 de
1935 3235 2170 3299 eximia
2205 3234 2455 3317 guaiaci
2494 3241 2562 3299 et
2601 3256 2888 3319 sarsapa-

686 3337 869 3400 rillae
911 3336 975 3400 vi
1004 3357 1199 3421 quam
1236 3336 1309 3399 in
1350 3337 1553 3401 natali
1590 3337 1726 3402 solo
1759 3343 2044 3416 exerant,
2074 3357 2240 3421 quae
2283 3359 2362 3402 ex
2403 3337 2599 3420 longo
2643 3337 2728 3400 ad
2771 3357 2889 3402 nos

687 3438 921 3502 itinere
949 3443 1210 3502 tantum
1239 3459 1372 3501 non
1401 3437 1714 3502 exhausta
1740 3444 2029 3522 putatur.
2131 3439 2252 3524 [6.]
2299 3438 2638 3504 Probabile
2666 3441 2889 3523 itaque

688 3541 850 3604 mihi
877 3539 1132 3604 videtur
1170 3539 1514 3624 Hispanos,
1547 3541 1660 3625 qui
1687 3540 1760 3604 in
1795 3541 2124 3624 Europam
2160 3542 2356 3625 primi
2382 3541 2559 3605 hunc
2586 3541 2888 3606 morbum

688 3643 1053 3722 traduxere,
1082 3642 1307 3708 eodem
1344 3642 1618 3707 infectos
1657 3643 1854 3708 fuisse
1897 3665 1977 3707 ex
2014 3644 2314 3727 contagio
2351 3644 2712 3726 Nigrorum
2755 3665 2888 3708 em-

688 3752 951 3831 ptorum
1004 3747 1078 3809 in
1134 3745 1373 3826 Africa,
1424 3767 1700 3831 quorum
1747 3746 1930 3833 genti
1986 3745 2178 3810 alicui
2228 3746 2444 3830 (multi
2500 3747 2676 3811 enim
2735 3755 2888 3811 sunt

688 3849 907 3934 populi
938 3849 1230 3914 Guineae
1269 3850 1573 3928 confines,
1605 3849 1778 3934 apud
1821 3871 1980 3933 quos
2021 3849 2295 3915 invaluit
2333 3870 2474 3914 mos
2510 3849 2622 3913 ille
2657 3849 2887 3914 barba-

688 3975 801 4018 rus
858 3951 1153 4018 homines
1218 3951 1572 4036 Europaeis
1638 3951 1958 4016 mercibus
2021 3952 2481 4036 permutandi,)
2551 3951 2888 4016 eudemius

690 4079 829 4122 esse
855 4063 1089 4141 potest.
1164 4055 1261 4120 Ut
1289 4061 1366 4120 ut
1396 4056 1501 4136 sit,
1531 4054 1904 4139 contagiosa
1929 4056 2056 4120 ista
2083 4057 2255 4121 Lues
2283 4055 2599 4142 paulatim
2627 4077 2888 4140 serpens

382 4167 569 4243 Magna
688 4160 807 4224 has
836 4159 1009 4224 orbis
1036 4166 1357 4224 terrarum
1388 4165 1606 4242 partes
1635 4179 1712 4222 eo
1738 4179 1945 4243 usque
1977 4159 2357 4245 inquinavit,
2388 4167 2485 4240 ut,
2517 4159 2573 4224 si
2611 4181 2690 4224 ea
2725 4160 2886 4224 eele-

382 4232 633 4359 }ssffissffi
688 4264 882 4328 ritate
930 4270 1327 4346 grassaretur
1372 4261 1582 4324 adhuc
1627 4283 1756 4344 qua
1796 4263 2080 4346 primum
2121 4263 2376 4342 invasit,
2414 4263 2594 4327 intra
2635 4262 2888 4326 saecula

379 4361 583 4474 2²35·
690 4366 935 4448 aliquot
964 4371 1181 4429 actum
1211 4369 1377 4427 esset
1400 4361 1480 4426 de
1511 4383 1747 4445 genere
1775 4363 2081 4445 humano,
2105 4365 2200 4429 vel
2231 4366 2479 4443 saltem,
2503 4364 2884 4430 nosocomiis

520 4459 534 4484 '
692 4466 771 4530 de
810 4475 1060 4531 caetero
1097 4466 1443 4545 addictum,
1475 4487 1734 4550 prorsus
1775 4467 1982 4552 impar
2021 4475 2186 4533 esset
2229 4467 2309 4533 iis
2353 4467 2547 4532 rebus
2587 4466 2884 4550 gerendis
