3138 5006
548 273 1339 339 OBSERVATIONUM
1385 274 1956 340 MEDICARUM
2004 284 2100 338 IV.
2127 292 2176 338 ⁷.
2336 276 2462 337 199

256 438 602 504 nobiscum
630 446 1001 522 reputemus
1030 444 1321 502 ventrem
1351 436 1740 516 inferiorem,
1771 438 1841 501 in
1873 460 2000 522 quo
2031 439 2463 522 disponuntur
2533 453 2731 500 001,ch

258 562 509 623 organa
547 541 907 619 secretoria,
943 540 1065 603 hoc
1104 561 1404 603 maxume
1449 539 1752 603 exercitio
1794 540 2048 619 vibrari,
2081 562 2282 624 eaque
2321 561 2461 604 suc·
2489 518 2768 629 Αῗζζζζζ

259 643 737 708 cussationibus
768 643 1013 725 aliquot
1052 642 1227 704 mille
1266 662 1400 704 uno
1430 642 1501 705 in
1541 641 1646 705 die
1677 642 1986 724 exagitari
2027 644 2247 721 solere,
2277 644 2462 707 facile
2529 646 2770 724 ’70:72-

258 745 599 808 credemus
643 744 868 809 eadem
914 763 1179 808 succum
1224 743 1575 827 quemlibet
1614 745 2165 808 recrementitium
2208 743 2301 807 ibi
2343 745 2463 808 im·
2489 735 2768 860 2222353512-

258 855 526 930 pactum
572 868 691 930 ope
735 847 892 911 dicti
938 846 1227 910 exercitii
1269 867 1453 930 posse
1494 853 1808 924 excutere,
1851 855 1916 910 et
1964 848 2160 930 (quod
2205 847 2464 930 majoris
2491 863 2638 911 rimis.

260 949 477 1013 adhuc
518 957 618 1012 est
661 949 1019 1032 momenti,)
1054 948 1345 1011 validiori
1386 948 1515 1011 ista.
1556 948 1784 1012 caloris
1828 949 2032 1012 nativi
2078 949 2466 1014 excitatione

258 1053 356 1116 ita
406 1052 821 1129 corroborari,
866 1057 943 1114 ut
994 1071 1283 1128 munere,
1330 1051 1503 1133 quod
1552 1051 1633 1114 iis
1684 1051 2014 1116 mandavit
2072 1052 2349 1131 Natura,
2394 1052 2464 1115 in

261 1155 582 1238 sanguine
613 1155 987 1238 depurando
1016 1161 1191 1218 recte
1221 1153 1682 1236 defungantur.

357 1259 527 1341 [13.]
581 1258 903 1337 Diaetam,
928 1257 981 1320 si
1004 1257 1227 1342 junior
1253 1257 1452 1321 fuerit
1482 1278 1673 1342 aeger
1701 1264 1771 1322 et
1800 1257 2118 1322 calidioris
2147 1265 2464 1342 tempera·
2494 1273 2670 1325 Qualis

256 1363 489 1440 menti,
520 1363 1007 1445 refrigerantem
1039 1368 1233 1445 atque
1263 1361 1730 1424 incrassantem
1759 1360 2024 1444 impero,
2055 1367 2215 1444 puta
2243 1360 2466 1426 hordei
2492 1339 2760 1452 ἐζΐξζῃξζξ

260 1485 637 1542 cremorem,
668 1463 1079 1546 panatellam,
1112 1470 1255 1540 etc„
1289 1469 1355 1526 et
1384 1463 1579 1526 tertio
1610 1482 1864 1545 quoque
1895 1462 2015 1539 die,
2049 1462 2102 1524 si
2131 1463 2326 1526 latret
2355 1463 2464 1526 ad-

257 1567 391 1630 huc
436 1566 825 1644 stomachus,
868 1565 1121 1648 pullum
1164 1565 1572 1644 teneriorem,
1611 1566 2004 1629 merulamve
2043 1566 2285 1649 piscem
2325 1586 2466 1630 coc-

256 1675 427 1732 tum.
521 1668 757 1731 Potum
796 1689 931 1730 non
974 1667 1174 1730 alium
1219 1668 1501 1732 concedo
1548 1689 1742 1750 quam
1787 1667 2154 1730 cerevisiam
2200 1674 2466 1732 tenuem

257 1769 738 1853 mitemque,vel
768 1769 868 1833 lac
898 1791 1047 1833 cum
1072 1791 1240 1852 aqua
1267 1777 1524 1834 coctum
1534 1795 1553 1846 ;
1593 1790 1805 1851 neque
1827 1768 2100 1833 ulterius
2119 1769 2464 1853 quicquam

256 1871 591 1954 indulgen,
623 1871 747 1935 nisi
777 1871 1089 1955 equitatio
1118 1872 1200 1935 ad
1245 1871 1816 1954 redintegrandam
1855 1872 2200 1935 sanitatem
2244 1891 2464 1936 neces-

260 1973 451 2053 saria,
491 1974 843 2057 pleniorem
886 1974 1129 2038 victum
1174 1982 1241 2038 et
1286 1974 1756 2058 generosiorem
1802 1975 2084 2058 postulet
2129 1974 2462 2057 liquorem,

262 2075 499 2159 quibus
568 2075 1009 2159 rependantur
1084 2076 1429 2160 spirituum
1502 2076 1806 2140 exercitio
1879 2075 2461 2141 exhauriendorum

262 2178 457 2240 damn
465 2199 521 2240 a.

360 2280 527 2364 [14.]
584 2280 896 2346 Quinimo
918 2280 1361 2346 observatione
1391 2287 1666 2359 constat,
1700 2280 1892 2365 quod,
1913 2281 2030 2345 ubi
2056 2281 2164 2345 hic
2193 2279 2458 2344 morbus
2487 2287 2548 2366 13¹
2571 2292 2740 2368 morpo

259 2382 480 2445 minus
522 2383 727 2464 perite
771 2389 1085 2446 tractatus
1131 2383 1489 2447 diutissime
1532 2384 1916 2467 fatigaverit,
1954 2385 2048 2448 ita
2087 2392 2165 2447 ut
2214 2384 2458 2447 viscera
2479 2354 2722 2476 ἐξξῗζξω·

260 2486 809 2569 elanguescerent,
843 2493 1036 2572 atque
1066 2509 1256 2570 aeger
1286 2493 1574 2552 extrema,
1594 2488 1730 2571 jam
1759 2487 1964 2552 macie
2007 2493 2202 2571 atque
2232 2487 2454 2552 debili·
2478 2497 2658 2595 fffkssm
2681 2486 2763 2534 de-

259 2594 399 2651 tate
428 2598 687 2652 tantum
726 2612 859 2653 non
896 2596 1065 2653 esset
1102 2590 1451 2669 confectus,
1481 2589 1553 2653 in
1593 2591 1716 2653 hoc
1751 2590 2082 2672 (inquam,)
2118 2611 2270 2653 casu
2298 2589 2456 2653 libe·
2481 2556 2766 2674 9ὲῖἑέζῖῗῷ

260 2690 457 2755 ralior
485 2692 616 2755 sive
652 2713 853 2775 aquae
883 2692 1289 2776 epidemicae,
1322 2692 1451 2755 sive
1480 2692 1810 2770 mirabilis,
1843 2693 1972 2755 sive
2002 2692 2164 2755 alius
2195 2692 2456 2755 demum
2477 2677 2675 2788 ἓξὲξ
2683 2686 2768 2789 ⁸⁸¹2}

260 2794 704 2877 cujuscunque
736 2815 863 2877 qua
903 2815 1097 2857 sanus
1129 2795 1405 2857 maxime
1435 2794 1893 2872 delectabatur,
1923 2816 2098 2871 usus,
2129 2794 2252 2857 hoc
2291 2800 2455 2857 tem·
2480 2803 2630 2861 milis,
2646 2820 2765 2853 usus

258 2916 416 2979 pore
460 2896 739 2960 eundem
782 2897 957 2960 ultra
998 2918 1177 2979 spem
1221 2918 1479 2960 omnem
1532 2896 1812 2979 juverit3
1869 2896 2066 2979 hujus
2117 2896 2291 2959 enim
2338 2915 2457 2978 ope
2483 2868 2621 2987 2235}
2632 2884 2746 2980 (ἔξω

260 2999 683 3081 paucissimae
710 2999 873 3063 istae
902 2998 1128 3064 caloris
1156 2999 1359 3061 nativi
1389 2998 1860 3081 spirituumque
1888 2998 2194 3080 reliquiae
2223 2996 2458 3061 excita-
2481 3010 2644 3057 qum·

260 3098 525 3177 bantur,
557 3106 625 3164 et
668 3102 1060 3164 fermentum
1103 3100 1650 3183 praeternaturale
1693 3099 2038 3163 visceribus
2083 3099 2457 3178 adhaerens,

258 3208 330 3265 et
358 3203 541 3266 novis
571 3203 963 3286 paroxysmis
993 3203 1285 3267 fomitem
1315 3203 1591 3267 subinde
1619 3202 2013 3283 ministrans,
2039 3224 2078 3267 a
2105 3201 2458 3286 liquoribus

259 3305 469 3387 magis
499 3305 853 3388 spirituosis
884 3304 1402 3387 extinguebatur.

354 3404 525 3492 [15.]
577 3407 794 3484 Porr0,
818 3414 893 3471 ut
921 3408 993 3469 in
1022 3407 1233 3471 morbi
1262 3408 1615 3486 curatione,
1639 3407 1734 3472 ita
1754 3407 1946 3472 etiam
1980 3414 2047 3471 et
2069 3406 2295 3471 eodem
2318 3408 2456 3491 jam
2483 3424 2658 3473 Diaeta
2685 3433 2757 3474 te-

260 3507 549 3591 depulso,
580 3508 791 3573 diaeta
823 3509 933 3571 illa
960 3510 1197 3587 tenuis,
1229 3510 1309 3573 de
1345 3532 1473 3592 qua
1508 3510 1807 3590 diximus,
1842 3510 2052 3574 adhuc
2081 3510 2456 3593 aliquandiu
2478 3490 2760 3616 &53:1²3ss

260 3617 361 3674 est
398 3609 813 3674 observanda.
903 3610 1071 3675 Cum
1110 3612 1284 3675 enim
1314 3611 1578 3676 morbus
1613 3612 1721 3677 hic
1747 3612 2094 3677 recidivam
2130 3632 2283 3696 prae
2313 3612 2454 3675 aliis
2475 3628 2583 3680 post
2601 3618 2764 3682 depul-

258 3712 564 3775 omnibus
592 3714 871 3790 affectet,
891 3720 1084 3797 atque
1106 3714 1368 3796 insuper
1388 3715 1606 3779 sedem
1631 3714 1752 3779 sibi
1783 3715 2092 3797 delegerit
2112 3714 2455 3798 praecipua
2479 3699 2596 3794 ἓξὲξ
2606 3697 2736 3794 ¹2:2⁶

258 3817 571 3880 coctionis
599 3817 1054 3897 instrumenta,
1093 3818 1357 3902 (viscera
1382 3818 1697 3901 intellig0,
1731 3820 1871 3903 jam
1899 3819 1982 3882 ab
2021 3818 2246 3883 eodem
2275 3817 2452 3880 infir·
2476 3812 2734 3924 ‘sisemu-

254 3920 479 3999 mata,)
527 3919 629 3982 vel
670 3920 1025 3983 levissimus
1062 3919 1257 4004 hujus
1303 3921 1555 4003 generis
1596 3942 1772 3985 error
1813 3922 2059 3985 malum
2100 3920 2279 3985 haud
2316 3921 2454 3983 leve

258 4019 603 4085 confestim
632 4020 1014 4103 apportabit.
1079 4022 1398 4087 Quocirca
1425 4030 1561 4086 tam
1587 4024 1663 4086 in
1691 4023 1833 4101 hoc,
1867 4044 2060 4106 quam
2089 4022 2160 4085 in
2190 4020 2458 4085 caeteris

260 4120 563 4185 omnibus
607 4122 923 4186 viscerum
975 4123 1330 4202 affectibus,
1376 4123 1505 4188 cibi
1554 4122 1914 4189 δύσπεπτοι
1963 4144 2123 4187 cane
2166 4123 2350 4207 pejus
2393 4127 2460 4184 et

258 4225 504 4307 anguet
533 4231 688 4288 sunt
716 4224 963 4289 vitandi
970 4252 991 4304 3
1037 4232 1104 4289 et
1134 4227 1247 4310 qui
1274 4227 1721 4291 conceduntur
1750 4225 2071 4302 εὔπεπτοι,
2097 4246 2175 4289 ea
2200 4230 2460 4288 tantum

328 4398 345 4424 ²
383 4402 414 4427 ‘⁴
434 4400 577 4448 Alter
600 4400 759 4449 Mileti
782 4408 980 4461 textam,
1004 4418 1124 4451 cane
1144 4403 1288 4467 pejus
1312 4412 1359 4451 et
1380 4419 1539 4467 angue

434 4464 621 4513 vitabit
637 4466 993 4528 chlamydem.”
1065 4466 1261 4531 (Horat.
1283 4470 1436 4529 Epist.
1460 4469 1491 4516 i.
1516 4468 1588 4518 17.
1611 4467 1714 4528 31.)
1736 4467 1810 4514 Cf.
1834 4465 2027 4513 Erasini
2046 4468 2199 4527 Δάας.
2215 4462 2265 4511 ii.
2283 4464 2328 4512 9.
2349 4464 2426 4511 63.
