3138 5006
653 277 795 342 148
1287 277 1685 344 THOMAE
1732 277 2251 346 SYDENHAM

351 451 642 506 'vamme
667 438 1160 504 confluentibus
1187 440 1288 504 vel
1323 439 1733 523 pustularum
1772 439 2093 524 depressio
2130 440 2287 504 mali
2316 441 2667 525 quidquam
2704 441 2866 506 omi·-

350 521 642 634 ’ἓξζξζζξὲ
666 548 880 620 natur,
911 563 1062 605 cum
1089 563 1166 604 ea
1209 541 1292 605 sit
1319 540 1529 605 morbi
1572 548 1842 620 natura3
1886 564 2097 626 neque
2144 544 2479 609 diarrhoea
2513 545 2869 609 infantium

397 650 605 700 '67-’69-
661 643 893 706 iisdem
922 642 1372 724 laborantium,
1402 664 1555 709 >cum
1585 645 1858 708 salutem
1885 644 2011 709 ista
2040 645 2305 726 adferat,
2318 669 2457 712 non
2484 649 2863 731 periculum.

360 739 614 850 qiaghqe?
663 745 754 808 In
779 752 1055 828 utroque
1083 746 1207 808 hoc
1249 767 1402 808 casu
1425 745 1605 828 potio
1633 747 1923 810 cardiaca
1952 767 2030 810 ex
2058 748 2239 830 aquis
2270 750 2598 814 stillatitiis
2639 772 2866 835 appro-

361 817 643 914 lgiscsssst‘iam
667 846 913 927 priatiS,
963 867 1114 909 cum
1173 847 1545 927 diascordio,
1594 846 1873 910 laudano
1922 847 2185 930 liquido,
2238 857 2361 912 etc.
2415 851 2564 933 jure
2622 852 2868 933 optimo

359 931 646 1042 ffissffissu-
670 947 1092 1026 concedetur3
1136 947 1330 1030 idque
1358 970 1494 1012 non
1525 955 1787 1012 tantum
1814 949 1897 1012 ad
1935 949 2108 1012 dicta
2143 957 2574 1033 symptomata
2606 949 2864 1014 submo-

361 1057 500 1104 diaea
520 1073 632 1120 pos·
667 1051 894 1130 venda,
925 1052 1040 1114 sed
1069 1051 1353 1134 quolibet
1389 1051 1600 1115 morbi
1634 1059 1942 1135 tempore,
1976 1054 2031 1115 si
2060 1073 2249 1135 aeger
2292 1053 2373 1116 de
2402 1053 2609 1116 cordis
2646 1052 2866 1116 dolore

363 1120 535 1170 tulant.
659 1161 864 1236 atque
907 1155 1310 1238 aegritudine
1353 1161 1802 1237 conqueratur.
1896 1155 2027 1219 Sed
2070 1157 2169 1238 (ut
2210 1176 2435 1218 verum
2476 1153 2858 1237 loquamur,)

664 1264 1098 1340 symptomata
1124 1257 1318 1340 hujus
1354 1257 1606 1339 generis
1636 1256 1869 1338 oppido
1906 1278 2055 1320 rara
2087 1262 2259 1335 sunt,
2292 1255 2345 1318 si
2380 1275 2530 1318 cum
2556 1255 2683 1318 illis
2711 1275 2865 1318 con-

663 1360 960 1424 ferantur
987 1380 1149 1442 quae
1179 1366 1613 1423 extremorum
1643 1359 1828 1423 alteri
1862 1357 2192 1440 (exitiabili
2218 1357 2444 1440 magis,
2466 1358 2619 1421 licet
2646 1357 2865 1420 minus

665 1461 968 1545 culpat0,)
997 1460 1334 1525 debentur.
1425 1461 1510 1523 Et
1531 1461 1791 1543 quidem
1820 1460 2045 1544 opinor
2072 1480 2398 1524 rumorem
2425 1460 2613 1522 illum
2641 1459 2750 1542 qui
2780 1459 2865 1522 de

357 1577 511 1653 -Undg
531 1593 618 1626 na·
667 1561 891 1626 crebra
927 1563 1334 1645 pustularum
1367 1563 1828 1626 retrocessione
1866 1562 2157 1641 invaluit,
2190 1585 2264 1626 ex
2314 1583 2391 1626 eo
2434 1570 2666 1626 natum
2703 1585 2861 1642 esse,

345 1647 444 1688 ‘²¹¹⁸
454 1643 646 1691 udatur
668 1663 840 1745 quod
891 1663 1002 1745 qui
1051 1662 1399 1727 earundem
1452 1663 1924 1746 depressionem
1976 1665 2047 1726 in
2098 1685 2333 1747 genere
2378 1665 2865 1729 Confluentium

360 1707 644 1834 ἷῖἑῗιὲεἷιῗιῗε-
666 1765 1156 1845 observaverint,
1199 1765 1376 1829 illam
1425 1787 1540 1848 pro
1590 1767 1895 1830 materiae
1939 1767 2307 1832 Variolosae
2356 1767 2439 1831 ob
2492 1775 2863 1850 susceptum

359 1831 576 1882 tularum
727 1868 742 1880 .
1479 1868 1492 1881 .
1904 1868 1917 1880 .
1974 1869 1986 1881 .
2102 1869 2113 1880 .
2250 1869 2264 1882 .
2844 1869 2859 1883 .

357 1904 593 1946 retroces-
663 1867 868 1950 frigus
921 1889 1181 1932 recessu
1227 1868 1595 1946 habuermt,
1648 1889 1797 1931 cum
1852 1867 2017 1932 mh11
2067 1877 2149 1932 sit
2200 1869 2306 1933 luc
2356 1876 2612 1952 praeter
2652 1868 2865 1932 morbi

361 1961 511 2012 ‘5⁰¹²‘-
665 1992 946 2036 morem:
1008 1979 1201 2054 atque
1243 1973 1314 2034 in
1365 1994 1599 2055 genere
1644 1972 1971 2038 Distincto
2015 1973 2188 2037 idem
2240 1974 2663 2057 suspicantur,
2710 1975 2866 2056 quia

662 2075 904 2139 seilicet
932 2076 1338 2158 pustularum
1375 2076 1781 2158 eruptionem
1818 2085 2011 2159 atque
2048 2085 2470 2160 augmentum
2504 2085 2657 2142 ante
2687 2079 2862 2144 diem

661 2185 1022 2260 expectant,
1071 2199 1221 2242 cum
1265 2200 1399 2242 non
1446 2179 1601 2242 satis
1646 2179 2043 2243 attenderint
2094 2180 2177 2243 ad
2219 2187 2476 2263 tempus
2526 2180 2688 2244 illud
2730 2201 2862 2264 quo

660 2279 920 2343 Natura
943 2281 1231 2344 fructum
1258 2281 1434 2344 hunc
1457 2282 1537 2345 ad
1566 2282 2008 2346 maturitatem
2040 2282 2199 2346 solet
2226 2283 2595 2365 perducere.

361 2398 480 2448 Post
499 2415 629 2450 mor-
759 2384 926 2467 [66.]
980 2386 1197 2467 Aegro
1228 2385 1364 2468 jam
1411 2385 1909 2464 convalescente,
1949 2387 2351 2469 pustulisque
2397 2386 2702 2465 deciduiS,
2740 2385 2861 2450 ubi

359 2464 626 2577 Effissm'
662 2508 778 2569 per
806 2486 941 2550 dies
981 2486 1222 2569 aliquot
1251 2508 1472 2551 carnes
1501 2487 1675 2551 idem
1706 2487 2155 2571 degustaverit,
2193 2490 2384 2571 (circa
2418 2489 2589 2553 diem
2623 2512 2857 2575 nempe

359 2594 559 2654 unguis
661 2592 943 2674 primum
988 2599 1054 2656 et
1099 2590 1513 2672 vicesimum,)
1564 2592 1947 2673 sanguinem
1993 2613 2029 2655 e
2078 2592 2341 2655 brachio
2390 2592 2859 2656 extrahendum

358 2670 569 2768 ξξξέξῑξ
662 2714 911 2773 censeo,
935 2693 990 2756 si
1016 2693 1276 2757 morbus
1305 2693 1502 2757 fuerit
1522 2693 1997 2771 vehementior3
2042 2714 2193 2758 cum
2220 2692 2640 2756 inflammatio
2662 2715 2859 2776 quam

357 2784 615 2899 {flii-ahen-
665 2796 964 2878 sanguini
990 2795 1453 2878 impresserunt
1482 2795 1798 2872 Variolae,
1832 2795 1961 2859 sive
1990 2796 2249 2858 adultus
2276 2794 2472 2858 fuerit
2508 2816 2713 2877 aeger·
2726 2796 2857 2859 sive

659 2900 895 2980 infans,
947 2922 1080 2964 non
1124 2900 1338 2963 minus
1381 2900 1961 2963 venae-sectionem
2005 2899 2267 2976 indicet,
2315 2902 2509 2981 quam
2558 2899 2858 2963 colluvies

663 3025 826 3086 quae
857 3003 1065 3066 eidem
1095 3002 1385 3080 accrevit,
1417 3001 1777 3065 catharsin:
1825 2999 1995 3083 quod
2036 3000 2189 3063 satis
2218 2999 2440 3081 liquet,
2469 3005 2614 3062 tum
2642 3020 2685 3062 a
2712 3020 2855 3063 san-

658 3104 873 3185 guinis
914 3104 1120 3167 colore
1153 3103 1263 3186 qui
1300 3110 1444 3185 post
1473 3103 1849 3167 atrociorem
1884 3101 2183 3165 morbum
2224 3102 2537 3179 educitur,
2568 3102 2856 3184 pleuriti-

659 3226 878 3268 corum
926 3204 1226 3287 sanguini
1277 3204 1540 3267 omnino
1586 3203 1828 3282 similis,
1875 3210 2021 3268 tum
2066 3204 2262 3267 etiam
2321 3224 2360 3266 a
2407 3203 2660 3285 magnis
2716 3202 2857 3265 istis

656 3306 1269 3369 inflammationibus
1305 3327 1468 3387 quae
1505 3314 1651 3389 post
1690 3306 1989 3371 morbum
2022 3307 2199 3369 hunc
2240 3306 2311 3370 in
2340 3308 2557 3370 oculos
2597 3305 2855 3369 decum-

644 3406 842 3484 bunt,
875 3407 1140 3490 aliisque
1169 3407 1322 3470 diris
1351 3409 1683 3490 sanguinis
1718 3407 2086 3472 excalefacti
2115 3415 2181 3471 et
2211 3430 2251 3471 a
2274 3408 2502 3472 morbo
2531 3408 2859 3491 depravati

657 3507 1030 3585 effectibus;
1070 3508 1245 3571 unde
1290 3508 1486 3571 etiam
1527 3509 1637 3591 qui
1666 3516 1859 3573 antea
1894 3510 2258 3592 pancratice
2285 3510 2603 3588 valebant,
2634 3516 2859 3593 postea

657 3630 806 3672 cum
835 3609 1214 3673 humoribus
1244 3610 1464 3674 <auidis
1495 3611 1875 3695 acribusque
1902 3612 1974 3675 in
2006 3614 2348 3699 pulmones
2378 3620 2493 3676 aut
2522 3613 2713 3677 aliam
2742 3613 2856 3677 ali-

659 3731 851 3793 quam
888 3717 1140 3794 partem
1180 3710 1632 3794 depluentibus
1674 3734 1791 3795 per
1828 3714 2142 3796 reliquam
2168 3714 2369 3778 vitam
2416 3736 2675 3778 omnem
2705 3735 2855 3779 con-

347 3827 510 3889 Aeger
531 3828 599 3904 ad·
655 3809 908 3892 fligunt.
998 3811 1091 3873 At
1121 3810 1173 3873 si
1203 3812 1530 3894 pauciores
1561 3814 1892 3878 extiterint
1919 3816 2237 3897 pustulae,
2260 3806 2695 3901 phlebotomia
2722 3838 2857 3881 non

349 3893 379 3937 ³
402 3891 478 3939 *⁸¹
501 3895 532 3939 4
554 3908 627 3939 Ἦ·
655 3930 815 3993 opus
844 3910 986 3974 erit.
1079 3911 1233 3976 Post
1262 3917 1840 3981 venae-sectionem
1871 3917 2295 3982 catharticum
2314 3919 2583 3983 exhibeo
2610 3920 2693 3983 ad
2720 3928 2855 3985 tres

345 3970 540 4080 {2233}
653 4010 756 4074 vel
787 4019 1062 4093 quatuor
1089 4013 1275 4078 vices.

347 4091 434 4131 ⁶⁸⁸·
748 4111 918 4200 [67.]
966 4114 1249 4195 Adhaec,
1309 4138 1502 4200 aegro
1561 4141 1600 4182 a
1658 4120 2149 4185 confluentibus
2204 4123 2485 4187 Variolis
2514 4125 2682 4207 ‘jam
2740 4123 2855 4189 diu

348 4161 563 4211 Crurum

343 4232 520 4285 tumor,
654 4216 944 4295 liberato,
992 4224 1059 4280 et
1111 4238 1146 4279 e
1195 4217 1363 4281 lecto
1415 4220 1699 4302 quotidie
1744 4223 2053 4305 surgenti,
2105 4244 2576 4307 nonnunquam
2622 4208 2853 4290 accidit

343 4298 627 4413 ἷξέζζξζξῗ
653 4340 916 4383 crurum
944 4327 1163 4385 tumor
1186 4320 1359 4383 ferus
1390 4342 1462 4383 ac
1493 4323 1819 4403 molestus,
1847 4325 1957 4408 qui
1978 4332 2199 4389 tamen
2217 4326 2319 4389 vel
2350 4332 2577 4409 sponte
2597 4325 2854 4390 facessit

339 4432 448 4527 affl}
461 4419 619 4530 3132
651 4426 796 4502 post
817 4422 1395 4487 venae-sectionem
1427 4430 1492 4487 et
1515 4426 1857 4506 catharsin,
1876 4428 1978 4491 vel
2006 4450 2130 4492 usu
2157 4427 2505 4493 herbarum
2522 4428 2849 4491 emollien-
