3138 5006
663 281 790 343 100
1287 279 1678 345 THOMAE
1728 280 2245 346 SYDENHAM

397 457 595 506 mm
659 441 791 505 mio
839 441 910 504 in
957 448 1176 505 actum
1225 462 1302 506 ac
1341 442 1534 526 quasi
1565 442 1657 506 'in
1705 443 1919 507 lucem
1966 443 2202 522 educit,
2252 463 2475 506 eorum
2522 442 2865 522 essentias,

363 521 626 636 &Pa-:rga
659 539 1072 631 quidditates,
1117 565 1192 609 ac
1237 544 1631 609 differentias
1680 545 2127 610 constitutivas
2188 545 2513 610 altissimis
2572 544 2877 610 tenebris

349 649 631 737 annnam.
655 647 934 714 obvelat.
1051 646 1232 710 Hinc
1275 667 1701 730 unaquaeque
1746 647 2140 726 morbom,
2191 668 2327 712 non
2384 647 2603 711 minus
2662 667 2861 730 quam

655 748 1034 814 animalium
1062 755 1178 813 aut
1205 748 1683 832 vegetabilium,
1715 749 1957 832 species
1986 749 2357 814 affectiones
2397 749 2519 814 sibi
2548 749 2856 832 proprias,
2880 797 2885 805 .

653 859 1014 936 perpetuas,
1047 872 1124 916 ac
1157 851 1397 934 pariter
1433 850 1758 930 univocus,
1790 851 1871 916 ab
1903 852 2181 916 essentia
2220 873 2337 916 sua
2372 858 2857 937 promanantes,

349 961 468 1011 Non
491 977 606 1012 eau-
655 955 884 1018 sortita
912 960 1031 1018 est.
1118 953 1353 1037 Neque
1379 953 1645 1018 interim
1670 974 2063 1038 magnopere
2096 953 2357 1038 urgebit
2390 954 2518 1018 ista
2546 953 2859 1038 quaestio,

347 1029 632 1140 ssffloffd
658 1056 772 1139 qui
816 1055 1078 1120 demum
1124 1056 1500 1136 morborum
1536 1055 1790 1120 medela
1827 1056 2387 1121 administrabitur
2423 1057 2581 1120 dum
2626 1077 2859 1120 causae

347 1157 600 1268 ΨΦ·
657 1159 943 1244 ipsorum
1013 1179 1134 1222 nos
1189 1158 1444 1222 latent?
1520 1158 2045 1242 quandoquidem
2114 1179 2253 1224 non
2324 1179 2682 1236 causarum,
2742 1155 2861 1222 sed

349 1235 582 1346 promi}
657 1261 945 1326 methodi
989 1260 1428 1324 convenientis
1469 1267 1665 1344 atque
1706 1260 2101 1344 experientia
2143 1260 2593 1344 comprobatae
2637 1260 2857 1342 cogni-

344 1348 636 1410 ⁰⁰3¹²ffi⁰¹²⁹v
658 1363 866 1442 tione,
889 1362 1240 1428 affectuum
1277 1362 1706 1447 plurimorum
1745 1363 1994 1428 curatio
2031 1361 2403 1428 absolvitur.
2504 1363 2669 1446 [10.]
2726 1361 2875 1425 Sed·

347 1411 612 1540 ffffiffin
656 1471 733 1532 ut
774 1465 858 1528 ad
895 1485 1035 1528 rem
1071 1463 1447 1528 redeamus:
1508 1465 1815 1548 quoniam
1854 1465 2233 1529 similarium
2271 1463 2567 1529 omnium
2598 1461 2858 1528 morbo-

347 1555 629 1655 ξξᾟξῇζῖ
653 1588 802 1631 rum
831 1573 1012 1631 ortus
1051 1588 1091 1630 a
1131 1566 1518 1649 qualitatum
1555 1567 1660 1630 vel
1697 1567 2045 1650 primarum
2092 1567 2193 1632 vel
2232 1566 2660 1631 secundarum
2697 1565 2877 1630 vitio-

349 1675 444 1718 tm.
661 1669 856 1753 (zquod
907 1668 1118 1732 solum
1163 1668 1236 1732 in
1285 1667 1408 1732 hac
1453 1689 1672 1733 rerum
1725 1670 2000 1751 caligine
2050 1668 2239 1734 nobis
2284 1669 2480 1750 licet,)
2537 1666 2859 1732 deducere

351 1780 508 1858 Pestis
528 1790 618 1860 ent·
655 1773 950 1852 solemus,
968 1793 1168 1856 prope
1197 1779 1296 1836 est
1323 1777 1402 1836 ut
1431 1771 1687 1836 credam
1718 1772 1979 1838 Pestem
2006 1772 2395 1854 peculiarem
2425 1791 2499 1835 ac
2530 1770 2631 1834 sui
2659 1791 2877 1853 gene-⁷

346 1845 621 1972 ξζέζξδξῗ
653 1873 746 1937 ris
777 1874 1038 1940 Febrim
1066 1894 1223 1953 esse,
1247 1894 1412 1957 quae
1440 1895 1481 1938 a
1500 1873 1962 1957 particularum
1984 1874 2317 1956 sanguinis
2340 1872 2859 1956 spirituosiorum

347 1975 608 2037 particula-
651 1977 1160 2041 inflammatione
1209 1977 1525 2058 originem
1572 1975 1770 2054 ducit,
1815 1981 2043 2060 utpote
2096 1977 2281 2062 cujus
2325 1983 2599 2040 naturae
2646 1974 2855 2040 subti-

347 2053 630 2167 μᾛῑῗξζῑ-
653 2079 952 2158 lissimae,
980 2099 1136 2162 prae
1169 2077 1492 2144 tenuitate
1531 2099 1667 2158 sua,
1696 2080 1977 2144 maxime
2015 2079 2534 2162 proportionatae
2562 2100 2637 2144 ac
2666 2078 2857 2142 adae-

347 2167 576 2280 ξέξξῖξζ·
655 2187 886 2265 quatae
936 2179 1258 2246 videntur.
1347 2180 1542 2246 Quod
1600 2180 1655 2244 si
1713 2180 2073 2246 subtilitate
2126 2202 2253 2264 qua
2308 2187 2521 2264 potest
2572 2180 2873 2246 maxima.

348 2295 571 2374 amma:
653 2285 870 2368 pollet,
931 2283 1030 2366 (ut
1079 2283 1150 2346 in
1205 2283 1522 2368 principio
1582 2290 1648 2347 et
1700 2290 1877 2349 statu
1934 2284 2415 2349 constitutionis
2470 2283 2859 2367 epidemicae

347 2365 624 2486 ἓᾯῖἳζι,
653 2388 868 2454 videre
907 2389 1049 2470 est,)
1097 2386 1311 2451 subito
1363 2407 1438 2452 ac
1484 2387 1671 2473 quasi
1718 2407 1796 2452 ex
1841 2387 2184 2472 improviso
2232 2388 2509 2451 calorem
2558 2386 2855 2451 nativum

347 2502 476 2539 cens.
655 2489 940 2575 dissipat,
963 2495 1030 2554 et
1060 2494 1328 2573 aegrum
1356 2511 1392 2555 e
1423 2489 1637 2556 medio
1666 2489 1880 2556 tollit:
1926 2489 2337 2555 cadaveribus
2366 2488 2628 2554 interim
2658 2489 2857 2572 hujus

652 2594 862 2659 morbi
889 2593 1126 2659 ferocia
1167 2601 1304 2658 tam
1343 2594 1558 2659 subito
1589 2595 2023 2659 extinctorum
2060 2594 2329 2658 maculis
2363 2594 2701 2678 purpureis
2729 2613 2871 2657 un·-

653 2696 974 2781 diquaque
1031 2696 1388 2779 conspersis
1446 2703 1642 2780 atque
1706 2696 2015 2774 foedatis3
2090 2716 2330 2779 nempe.
2380 2695 2559 2759 fibris
2611 2695 2856 2759 cruoris

649 2822 804 2886 prae
845 2801 1143 2866 intestini
1189 2800 1526 2865 conflictus
1572 2800 1879 2864 violentia
1917 2798 2399 2877 dissilientibus,
2436 2805 2504 2863 et
2544 2818 2871 2882 compage·

651 2903 852 2987 ipsius
891 2923 1151 2987 prorsus
1196 2902 1525 2967 dissoluta.
1627 2901 1792 2985 [11.]
1847 2901 2067 2985 Atque
2105 2902 2265 2965 haec
2304 2899 2656 2983 tragoedia,
2700 2922 2856 2983 prae

650 3005 846 3090 hujus
898 3005 1080 3090 quasi
1125 3005 1422 3069 flammae
1473 3004 1834 3069 subtilitate
1892 3004 2145 3085 eximia,
2200 3004 2396 3068 etiam
2446 3004 2585 3068 sine
2638 3004 2857 3087 aliqua

653 3107 985 3189 sanguinis
1032 3107 1272 3172 Febrili
1311 3106 1709 3185 ebullitione,
1749 3108 1851 3173 vel
1897 3106 2161 3172 alterius
2202 3105 2625 3189 aegritudinis
2658 3127 2853 3191 ‘prae-

654 3209 949 3272 sensione
992 3208 1234 3287 cietur,-
1289 3229 1470 3274 secus
1502 3230 1695 3293 quam
1732 3216 1811 3273 ut
1844 3209 2199 3293 plurimum
2230 3208 2480 3283 accidit,
2510 3202 2628 3271 ubi
2660 3229 2855 3272 causa

652 3310 984 3374 morbifica
1009 3310 1226 3373 minus
1265 3311 1519 3376 subtilis
1567 3311 1804 3391 existit,
1838 3318 1903 3375 et
1933 3312 2115 3396 quasi
2154 3310 2466 3375 obtusiori
2494 3310 2625 3375 telo
2654 3311 2855 3377 vitam

651 3414 925 3496 impetit.
1016 3412 1422 3477 Discriminis
1449 3414 1682 3477 modus
1708 3414 2036 3497 pinguiori
2072 3414 2363 3497 exemplo
2393 3414 2483 3479 sic
2514 3412 2852 3477 adumbre-

653 3522 802 3579 tur:
867 3515 922 3578 si
973 3536 1144 3593 acus,
1197 3515 1298 3579 vel
1349 3516 1505 3598 quid
1555 3515 1752 3595 aliud,
1807 3516 2069 3599 cuspide
2121 3516 2439 3599 graciliori
2489 3514 2853 3598 praeditum

654 3616 974 3700 pulvinari
1001 3623 1418 3701 supponatur,
1452 3638 1526 3681 ac
1553 3618 1615 3681 vi
1648 3618 1966 3701 adigatur,
1998 3618 2179 3697 illud,
2211 3640 2412 3702 aeque
2449 3638 2522 3681 ac
2552 3616 2633 3681 ab
2664 3615 2853 3681 obtu-

657 3719 822 3783 siore
849 3719 1282 3784 instrumento
1311 3719 1609 3785 similiter
1646 3721 1892 3799 adacto,
1926 3721 1998 3784 in
2028 3721 2301 3786 sublime
2340 3740 2477 3783 non
2514 3719 2851 3798 attollitur,

657 3820 771 3885 sed
805 3821 1185 3905 perforatur.
1287 3822 1450 3906 [12.]
1505 3824 1754 3889 Verum
1797 3824 2113 3906 ejusmodi
2160 3822 2499 3887 subitanea
2544 3822 2855 3886 extinctio

654 3924 860 3988 rarius
891 3926 1185 4003 occurrit,
1213 3946 1336 3989 nec
1363 3926 1492 3989 nisi
1525 3926 1625 4007 (ut
1655 3947 1847 4009 supra
1886 3926 1954 4011 [§
1986 3926 2079 4009 8.]
2122 3926 2499 4007 innuimus,)
2534 3924 2704 3989 cirea
2726 3924 2852 3991 ini-

653 4027 823 4091 tium
854 4027 1080 4107 Pestis,
1103 4027 1205 4095 vel
1231 4027 1727 4091 incrementum.
1796 4028 2061 4092 Etenim
2090 4030 2189 4111 (ut
2216 4028 2287 4091 in
2318 4026 2458 4091 aliis
2490 4026 2849 4110 Febribus,)

655 4130 1034 4215 plerumque
1054 4131 1230 4213 rigor
1249 4136 1441 4214 atque
1461 4130 1689 4195 horror
1707 4130 1991 4214 primum
2008 4130 2275 4210 invadit,
2296 4151 2489 4214 quem
2510 4131 2683 4195 calor
2704 4151 2854 4197 mox

353 4242 530 4318 Febr-ea
655 4233 908 4317 excipit,
941 4240 1008 4297 et
1036 4233 1354 4316 tantisper
1382 4233 1683 4312 excurrit,
1717 4232 1921 4297 donec
1947 4232 2301 4318 particulae
2328 4231 2571 4297 cruoris
2600 4232 2853 4295 infla-m-

349 4306 587 4419 1142ssssan
653 4342 870 4415 matae
896 4335 1159 4419 provido
1187 4336 1484 4399 Naturae
1524 4334 1727 4399 ductu
1755 4336 1839 4399 ad
1867 4336 2269 4402 emunctoria
2296 4334 2747 4415 amandentur,
2780 4356 2855 4399 ac

353 4436 544 4483 mnam-
655 4426 906 4502 ibidem.
933 4438 1037 4522 (ad
1067 4439 1272 4502 instar
1311 4437 1777 4522 phlegmonum
1817 4439 2307 4522 communium,)
2341 4438 2411 4503 in
2450 4460 2572 4523 pus
2598 4445 2853 4503 vertan-
