3138 5006
684 278 825 346 4⁷6
1292 277 1687 346 THOMAE
1735 275 2256 344 SYDENHAM

416 459 501 510 D:
526 459 637 509 nr.
684 451 921 538 largita
962 461 1079 534 est,
1112 475 1240 539 quo
1280 453 1361 520 de
1392 455 1507 520 illa
1548 455 1738 521 docte
1779 453 2017 540 nugari
2059 459 2336 539 queant3
2383 459 2452 518 at
2479 445 2892 537 prudentiam

436 539 543 574 ”¹⁰
546 539 627 574 η’
686 577 823 622 non
852 557 1050 637 dedit,
1083 581 1213 642 qua
1238 559 1629 643 intelligant,
1661 581 1730 624 se
1753 581 1899 624 eam
1915 559 2096 624 haud
2125 559 2312 624 aliter
2341 559 2501 622 scire
2527 577 2736 641 posse,
2763 551 2894 618 nisi

686 659 1084 744 experientia
1118 659 1332 726 indice
1372 667 1569 746 atque
1613 661 1668 747 ej
1677 685 1752 725 us
1794 662 2058 747 peplum
2085 661 2445 727 revelante:
2492 658 2754 746 quando
2785 657 2898 722 ab·

678 763 915 848 jectior
958 764 1283 828 humanae
1326 771 1602 830 naturae
1663 763 1970 843 conditio,
2012 765 2095 830 ad
2143 763 2479 828 scientiam
2521 761 2896 826 intuitivam

684 867 1061 931 nullatenus
1119 888 1483 951 assurgens,
1540 866 1718 932 intra
1789 874 2100 951 angustos
2157 864 2542 950 cognitionis
2601 885 2802 948 quam
2857 885 2902 926 a

690 971 977 1055 quinque
1024 969 1320 1035 sensibus
1356 969 1617 1034 haurire
1661 977 1897 1054 potest,
1941 969 2181 1034 limites
2227 976 2606 1034 coarctetur.
2697 964 2898 1031 Unde

690 1071 1111 1137 nihilominus
1148 1072 1247 1136 vir
1278 1073 1561 1155 proadem
1613 1073 1954 1156 (quantum
2011 1073 2138 1136 fert
2185 1093 2322 1136 sors
2367 1069 2700 1152 humana‚)
2752 1069 2900 1152 quis

688 1181 906 1260 potest
978 1175 1283 1254 evadere;
1348 1177 1754 1258 philosophus
1821 1193 1974 1239 vero
2037 1173 2290 1256 (saltem
2345 1193 2466 1256 pro
2539 1167 2900 1253 augustiori

690 1277 889 1362 hujus
929 1277 1211 1342 nominis
1248 1277 1632 1362 majestate,)
1667 1297 1860 1343 nemo
1902 1275 2276 1341 mortalium
2319 1275 2546 1340 evadet
2581 1295 2894 1357 unquam.

694 1380 941 1446 Medici
984 1387 1207 1446 autem
1250 1381 1657 1466 philosophia
1703 1381 1912 1447 omnis
1957 1381 2030 1446 in
2075 1381 2476 1466 expiscandis
2521 1377 2898 1444 morborum

690 1481 997 1563 historiis,
1026 1484 1233 1568 iisque
1270 1483 1572 1548 remediis
1609 1483 1990 1549 adhibendis
2022 1505 2186 1568 quae
2221 1479 2641 1568 (experientia
2681 1479 2900 1545 indice

687 1608 767 1652 ac
808 1587 1163 1670 magistra)
1199 1586 1457 1652 eosdem
1502 1588 1722 1652 valent
1769 1587 2105 1671 depellere,
2149 1591 2293 1651 tota
2337 1593 2506 1664 stat3
2566 1585 2900 1649 observata

686 1695 914 1754 tamen
979 1689 1077 1772 (ut
1137 1687 1291 1753 alibi
1344 1688 1580 1772 [Epist.
1625 1689 1922 1772 Respom.
1967 1689 2023 1754 I.
2075 1691 2111 1775 ξι
2159 1688 2295 1773 16.]
2353 1686 2530 1770 dixi,)
2593 1684 2900 1752 medendi

688 1789 1020 1869 methodo,
1068 1811 1263 1872 quam
1308 1797 1489 1853 recta
1524 1790 1692 1855 ratio
1741 1792 1899 1873 (non
1937 1791 2452 1876 speculationum
2497 1787 2898 1868 commentis,

690 1891 811 1957 sed
830 1891 987 1956 trito
1016 1899 1083 1956 et
1110 1891 1393 1957 naturali
1422 1893 1750 1976 cogitandi
1777 1894 1989 1976 modo,
2019 1893 2287 1978 innixa‚)
2323 1891 2384 1960 ei
2412 1894 2768 1960 dictaverit.

1362 2166 2252 2246 POSTSORIPTUMv.

390 2335 661 2400 Post-erip-
786 2323 1057 2390 Lscroa
1099 2323 1261 2390 mihi
1302 2323 1559 2391 veniam
1603 2327 1931 2402 concedat,
1974 2325 2028 2390 si
2069 2349 2281 2391 unum
2321 2326 2498 2391 haud
2539 2324 2718 2412 parvi
2759 2331 2901 2390 tam

392 2401 584 2515 gna-ge
698 2425 771 2492 in
810 2427 1262 2513 dignoscendis
1299 2452 1493 2516 quam
1540 2431 1842 2495 curandis
1881 2428 2196 2496 Febribus
2233 2430 2550 2495 momenti
2593 2430 2700 2494 hic
2737 2429 2901 2517 adji-

392 2529 479 2593 Hy
481 2530 643 2591 emh
700 2530 887 2612 ciam,
933 2534 1107 2618 quod
1152 2535 1282 2599 nisi
1330 2536 1678 2600 memoriae
1735 2533 1898 2599 mihi
1947 2535 2290 2615 exciderat,
2333 2534 2474 2599 loco
2521 2534 2730 2617 magis
2783 2555 2904 2599 suo

692 2636 1048 2703 dicendum
1086 2638 1317 2705 fuerat.
1408 2638 1756 2705 Observavi
1800 2639 1972 2723 quod
2013 2638 2284 2723 singulis
2323 2638 2511 2703 annis
2551 2638 2631 2703 ab
2665 2638 2904 2721 hyeme

700 2742 1036 2825 ingruenti
1084 2764 1291 2827 usque
1350 2742 1433 2808 ad
1479 2764 1594 2808 ver
1643 2742 1940 2808 adultum
1988 2741 2214 2807 Febris
2267 2741 2580 2827 quaedam
2630 2740 2902 2821 invadit,

704 2869 869 2931 quae
896 2854 1034 2913 tam
1066 2846 1277 2933 quoad
1306 2855 1738 2933 symptomata
1769 2868 1964 2931 quam
2008 2845 2408 2911 curationem
2437 2868 2478 2909 a
2509 2844 2908 2908 Stationaria

701 2950 864 3035 (sive
892 2950 1099 3017 Febre
1128 2950 1503 3036 Epidemica
1532 2948 2036 3015 constitutionis
2067 2948 2382 3032 generalis
2413 2967 2576 3030 quae
2614 2952 2758 3009 tum
2789 2942 2904 3009 ob-

698 3054 916 3137 tinet,)
950 3054 1143 3139 plane
1173 3053 1508 3137 discrepat,
1538 3052 1935 3137 proindeque
1963 3051 2034 3115 in
2063 3051 2371 3115 Febrium
2401 3072 2559 3134 quas
2586 3050 2904 3113 Interocr-

699 3164 907 3221 rentes
935 3158 1183 3242 appello
1212 3157 1479 3220 classem
1507 3156 1899 3220 recensenda
1927 3160 2044 3220 est.
2145 3154 2268 3239 [2.]
2321 3152 2690 3238 Frigiditati
2731 3152 2904 3217 aeris

696 3276 839 3321 una
864 3278 1015 3321 cum
1044 3257 1330 3321 crassitie
1370 3278 1443 3321 ac
1478 3257 1868 3322 humiditate
1903 3256 2192 3342 ejusdem
2225 3256 2340 3321 illa
2373 3256 2687 3340 originem
2717 3276 2904 3319 suam

702 3354 936 3421 debere
964 3357 1254 3422 videtur:
1298 3356 1451 3422 hinc
1481 3360 1658 3423 enim
1685 3360 1826 3444 pori
1865 3360 2034 3424 cutis
2063 3359 2511 3439 occluduntur,
2543 3366 2610 3423 et
2639 3358 2904 3442 sanguis

703 3456 788 3523 ob
818 3458 1195 3543 impeditam
1224 3460 1791 3545 transpirationem
1819 3460 2088 3528 colluvie
2117 3482 2332 3527 serosa
2359 3468 2684 3541 oneratur,
2715 3482 2902 3545 quae,

698 3558 969 3623 tandem
996 3558 1259 3626 inimica
1284 3562 1473 3643 facta,
1514 3584 1591 3627 ac
1631 3562 2033 3629 diuturniore
2068 3585 2252 3629 mora
2287 3571 2683 3649 putrescens,
2718 3563 2907 3628 facile

698 3662 804 3725 vel
847 3682 887 3725 a
936 3670 1232 3747 suscepto
1274 3662 1532 3748 frigore,
1583 3666 1686 3729 vel
1737 3688 1778 3730 a
1817 3666 1942 3731 levi
1995 3666 2210 3750 aliqua
2251 3667 2603 3745 occasione,
2654 3664 2904 3733 febrem

702 3762 1015 3827 accendit.
1109 3764 1180 3828 Si
1202 3766 1473 3831 materia
1500 3767 1800 3832 morbum
1829 3768 2240 3834 committens
2271 3769 2526 3854 copiosa
2554 3770 2904 3835 admodum

699 3862 917 3946 fuerit,
980 3888 1058 3931 ea
1112 3867 1309 3933 febris
1360 3870 1634 3953 emergit
1686 3892 1880 3954 quam
1933 3871 2054 3935 sub
2105 3872 2299 3937 titulo
2351 3874 2907 3955 Peripneumoniae

700 3968 948 4035 Nothae
984 3970 1150 4036 libro
1187 3973 1287 4036 De
1312 3972 1562 4036 Morbis
1589 3973 1831 4051 Acuti-⁹,
1867 3974 2150 4039 sectione
2189 3982 2386 4054 sexta,
2422 3976 2632 4061 capite
2673 3984 2908 4059 quarto

700 4072 1042 4160 descripsi,
1028 4100 1041 4115 ·
1090 4076 1191 4140 sin
1234 4082 1455 4140 autem
1502 4076 1737 4140 humor
1777 4076 1903 4140 iste
1961 4078 2179 4141 minus
2223 4084 2484 4157 scateat,
2525 4098 2604 4141 ea
2661 4077 2906 4143 solum-

698 4177 893 4242 modo
942 4184 1373 4263 symptomata
1414 4178 1712 4263 producit
1759 4200 1924 4262 quae
1961 4180 2101 4263 jam
2151 4180 2391 4264 [sums]
2443 4179 2909 4265 descripturus.

396 4298 539 4373 cuju
516 4296 661 4345 sis-h
708 4278 834 4363 [3.]
888 4280 1106 4363 Aeger
1136 4302 1252 4365 per
1287 4280 1459 4345 diem
1492 4301 1703 4344 unum
1729 4282 1835 4345 vel
1869 4281 2146 4347 alterum
2179 4290 2324 4366 post
2361 4284 2643 4366 primum
2677 4283 2912 4349 Febris

398 4368 449 4409 ‘⁰
420 4376 537 4418 ⁰⁰⁸⁹
702 4380 1022 4445 insultum
1048 4402 1228 4446 nunc
1248 4382 1596 4461 incalescit,
1619 4404 1798 4448 nunc
1826 4383 2058 4467 friget3
2105 4385 2186 4449 de
2216 4383 2432 4450 dolore
2453 4386 2682 4469 capitis
2712 4394 2917 4472 atque

708 4511 804 4613 nul?
823 4506 1071 4629 ngeztuiln
1095 4508 1167 4555 ed.
1197 4510 1293 4555 ‘8:3.
1364 4510 1439 4557 Cf.
1467 4512 1627 4559 Sched.
1665 4512 1768 4557 Mo-
1929 4518 1954 4555 ‘l
1993 4510 2142 4574 [mm]
2171 4512 2252 4560 Sic
2275 4512 2380 4563 edd.
2399 4519 2594 4570 recent„
2617 4528 2718 4562 om.
2742 4514 2863 4579 Syd-
