3138 5006
536 240 1333 306 OBSERVATIONUM
1375 240 1946 306 MEDICARUM
1995 248 2090 303 VI.
2129 253 2180 304 ὁ.
2319 238 2450 303 259

238 404 371 469 sive
402 404 713 469 aromatis
742 404 1053 483 conditos,
1084 404 1215 469 sive
1244 404 1443 469 etiam
1478 400 1822 468 δύσπεπτα
1849 422 2292 489 quaecunque,
2319 401 2446 467 nisi
2485 422 2754 472 annum-

243 507 361 573 diu
388 514 641 591 postea,
673 506 1013 591 degustare
1040 506 1257 572 liceat.
2509 501 2722 536 '‘¹⁸⁸⁰'‘

342 610 471 694 [8.]
528 611 687 675 Post
712 630 945 675 venam
978 610 1255 693 (quoties
1284 630 1477 695 supra
1502 608 1882 693 innuimus,)
1917 614 2244 693 pertusam
2274 607 2452 691 aegri

244 712 501 777 dolores
530 712 881 777 admodum
922 713 1415 792 imminuentur,
1444 734 1658 797 neque
1685 719 1908 777 tamen
1951 712 2162 777 adhuc
2189 732 2454 795 prorsus

245 822 671 896 evanescent3
715 822 783 879 at
812 837 959 880 vero
986 816 1309 895 resarcita,
1342 838 1535 900 quam
1565 816 1806 880 fecerat
1835 814 2170 897 sanguinis
2206 814 2456 879 detrac-

244 920 367 997 tio,
392 920 628 983 virium
664 921 939 1003 jactura,
976 920 1486 1004 (superveniente
1514 920 1794 984 maxime
1821 920 2111 1003 proximo
2145 919 2257 982 illo
2297 918 2454 983 anni

244 1028 561 1105 tempore,
581 1023 752 1105 quod
773 1023 981 1106 magis
1002 1022 1193 1087 faciet
1216 1023 1300 1087 ad
1326 1022 1904 1105 redintegrandum
1926 1022 2206 1107 corporis
2234 1020 2454 1100 robur,

248 1146 449 1208 quam
476 1124 547 1188 id
578 1145 705 1209 quo
730 1126 1015 1208 primum
1057 1124 1365 1190 decubuit
1394 1127 1629 1209 aeger,)
1666 1131 2100 1209 symptomata
2127 1124 2212 1189 ad
2243 1145 2455 1187 unum

250 1224 515 1294 omniab
536 1227 901 1307 cessabunt,
924 1236 1117 1312 atque
1140 1250 1331 1312 aeger
1350 1228 1716 1313 Pancratice
1745 1228 2166 1312 imposterum
2195 1227 2458 1292 valebit.

347 1330 471 1414 [9.]
528 1332 571 1394 J
572 1352 679 1394 am
712 1352 881 1409 vero,
918 1332 1181 1395 tametsi
1222 1332 1549 1416 praedicta
1589 1331 1916 1410 method0,
1967 1338 2082 1395 aut
2125 1330 2252 1394 alia
2301 1330 2454 1393 huie
2481 1349 2687 1398 Dolore·
2713 1366 2744 1400 a

248 1432 468 1512 simili,
512 1434 892 1517 tempestive
941 1440 1136 1518 atque
1188 1434 1308 1499 sub
1352 1435 1492 1518 ipso
1536 1434 1750 1499 morbi
1798 1434 2094 1516 ingressu
2143 1432 2449 1511 adhibita,
2479 1414 2740 1527 {ssssgffi

247 1557 405 1600 eum
434 1556 629 1620 quem
664 1538 805 1620 jam
834 1536 965 1600 dixi
1004 1539 1202 1602 finem
1230 1544 1308 1601 ut
1350 1538 1702 1621 plurimum
1746 1537 2090 1613 sortiatur3
2134 1556 2268 1599 non
2307 1556 2453 1599 raro
2479 1544 2630 1606 perite
2641 1550 2764 1591 trac-

246 1646 476 1703 tamen
500 1639 751 1719 accidit,
772 1646 871 1719 ut,
892 1638 1007 1704 ubi
1038 1661 1229 1722 aeger
1251 1662 1367 1724 per
1387 1660 1669 1704 errorem
1691 1638 2015 1703 contrario
2042 1637 2233 1723 plane
2261 1636 2454 1702 modo
2479 1614 2580 1736 {2¹3
2591 1608 2776 1721 ξξξξ“’

244 1741 447 1805 fuerit
504 1748 840 1821 tractatus,
893 1741 1220 1806 doloribus
1268 1743 1467 1826 vagis,
1516 1763 1696 1805 nunc
1755 1739 2016 1824 quidem
2067 1740 2452 1820 mitioribus,
2481 1736 2674 1848 buticish

246 1865 433 1908 nunc
460 1864 611 1909 vero
641 1844 1079 1924 atrocioribus,
1099 1866 1215 1930 per
1243 1866 1503 1910 omnem
1525 1846 1728 1909 vitam
1755 1844 1986 1909 misere
2016 1843 2452 1923 discrucietur,
2480 1816 2730 1915 ἱζῗιῖῗιι...

250 1948 367 2031 qui
418 1948 681 2031 quidem
731 1949 949 2012 minus
1007 1949 1215 2012 cautis
1262 1948 1445 2015 nullo
1491 1948 1758 2032 negotio
1803 1947 2169 2031 imponunt,
2221 1954 2288 2011 et
2337 1967 2456 2031 pro

252 2051 543 2115 scorbuti
572 2050 1019 2134 symptomatis
1064 2052 1259 2134 vulgo
1286 2051 1634 2117 habentur.
1710 2048 1841 2114 Hic
1870 2050 2048 2113 enim
2077 2050 2286 2114 obiter
2320 2050 2456 2133 (sed

252 2163 320 2217 et
349 2152 553 2218 libere
582 2156 845 2237 tamen,)
884 2154 1111 2232 dicam,
1140 2153 1331 2238 quod,
1354 2155 1504 2219 licet
1526 2155 1745 2217 nullus
1775 2152 2068 2217 dubitem
2099 2152 2258 2238 quin
2287 2174 2458 2219 scor-

254 2254 459 2319 butus
484 2255 557 2319 in
590 2255 691 2318 his
719 2255 926 2339 plagis
969 2255 1353 2327 borealibus,
1364 2276 1587 2321 revera
1621 2256 2010 2335 inveniatur,
2040 2263 2264 2319 tamen
2304 2277 2454 2321 eum
2485 2276 2750 2327 Soorbutu·

252 2356 559 2421 morbum
586 2380 721 2421 non
760 2365 897 2421 tam
926 2358 1354 2442 frequentem,
1386 2379 1580 2442 quam
1610 2358 1734 2422 fert
1762 2358 1941 2441 vulgi
1971 2358 2204 2441 opinio,
2237 2378 2458 2423 occur-
2481 2342 2710 2469 2223„

250 2480 420 2540 rere,
448 2480 825 2544 persuasum
866 2460 1031 2525 mihi
1074 2460 1319 2542 habe03
1364 2460 1606 2526 multos
1651 2468 1870 2526 autem
1899 2482 1978 2526 ex
2006 2460 2086 2526 iis
2122 2461 2458 2526 affectibus
2486 2471 2612 2535 apud
2637 2488 2726 2521 non

259 2565 373 2646 (ne
388 2564 699 2644 plurimos
740 2563 992 2646 dicam)
1030 2585 1305 2648 quorum
1348 2565 1612 2629 nomine
1653 2563 2027 2629 scorbutum
2065 2564 2457 2643 incusamus,
2485 2537 2728 2664 ἓξᾟζζε

252 2666 361 2729 vel
394 2665 768 2730 morborum
806 2666 1121 2746 flentium,
1153 2667 1447 2732 nondum
1482 2688 1634 2732 vero
1667 2668 2005 2745 factorum,
2039 2666 2276 2749 quique
2313 2668 2461 2730 nul-
2485 2681 2514 2712 ⁸
2534 2665 2684 2728 vulgo

250 2768 398 2830 lum
442 2768 654 2832 adhuc
684 2776 933 2832 certum
972 2769 1323 2834 induerunt
1351 2776 1604 2854 typum,
1637 2769 1867 2832 effecta
1901 2789 2038 2832 esse
2058 2794 2079 2846 3
2124 2768 2225 2831 vel
2261 2769 2458 2832 etiam
2484 2737 2720 2858 ¹333ss

252 2859 585 2934 infoelices
615 2871 915 2954 reliquias
944 2871 1155 2936 morbi
1194 2873 1465 2956 alicujus
1504 2871 1800 2935 nondum
1841 2872 2101 2954 penitus
2137 2871 2389 2948 devicti,
2421 2893 2460 2934 a
2483 2872 2544 2982 ξ’
2567 2873 2748 2950 affeqfi-

257 2973 495 3056 quibus
543 2975 805 3056 sanguis
857 2975 1219 3057 caeterique
1268 2975 1574 3040 humores
1619 2975 2166 3038 contaminantur.
2255 2972 2458 3036 Verbi
2482 2952 2728 3051 ,3325

258 3076 492 3158 gratia,
536 3075 769 3158 quibus
818 3077 891 3140 in
942 3077 1310 3160 corporibus
1361 3077 1634 3141 materia
1681 3075 1894 3158 aliqua
1943 3075 2266 3138 arthritidi
2313 3097 2462 3159 pro-
2486 3066 2750 3180 ζὲἷᾞᾶζξω

257 3178 591 3242 ducendae
638 3185 791 3263 apta
846 3200 1069 3244 recens
1130 3188 1493 3263 generatur,
1540 3177 1836 3242 nondum
1881 3185 2106 3242 tamen
2157 3178 2229 3242 in
2282 3187 2460 3243 artus
2489 3202 2603 3242 sunt
2623 3211 2752 3244 mor-

2486 3259 2662 3308 borum

258 3280 533 3365 depluit,
577 3282 753 3344 varia
790 3301 860 3345 se
902 3281 1249 3346 ostendent
1294 3290 1745 3367 symptomata,
1789 3302 1952 3364 quae
1997 3281 2281 3345 scorbuti
2325 3303 2462 3346 sus·-
2488 3323 2728 3384 flentium,

256 3383 581 3468 picionem
637 3384 897 3463 facient,
946 3384 1151 3449 donec
1202 3385 1489 3449 arthritis
1540 3385 1680 3468 jam
1730 3383 2026 3464 formata,
2072 3391 2265 3468 atque
2312 3393 2464 3450 actu
2487 3388 2565 3435 vel
2589 3405 2712 3437 non-

260 3505 331 3548 ae
402 3507 686 3565 exerens,
748 3487 1005 3550 nullum
1078 3488 1355 3571 amplius
1421 3485 1764 3550 dubitandi
1831 3486 2048 3549 locum
2117 3487 2460 3570 relinquat.
2488 3452 2613 3565 ἓξὲξ
2631 3469 2740 3565 ΞΞῨ

272 3587 439 3671 [10.]
494 3589 727 3672 Neque
784 3589 1180 3672 ignoramus,
1242 3611 1379 3654 non
1440 3589 1744 3673 pauciora
1801 3595 2232 3673 symptomata
2295 3611 2463 3654 scor·
2489 3581 2730 3630 victorum

258 3689 501 3754 butum
550 3691 955 3770 mentientia,
1006 3691 1385 3775 podagricos
1434 3691 1572 3775 jam
1634 3712 1674 3754 a
1721 3712 2102 3775 paroxysmo
2161 3693 2464 3757 liberatos
2488 3645 2736 3774 Ξὲῖᾞίῖ

258 3792 607 3871 infestare3
653 3791 811 3857 dum
852 3794 1092 3859 scilicet
1127 3796 1228 3860 vel
1265 3795 1754 3879 intempestivus
1801 3795 2250 3859 evacuantium
2285 3816 2460 3873 usus,
2487 3789 2618 3901 illud]
2635 3807 2720 3838 0¹·

258 3896 365 3960 vel
392 3897 569 3978 aegri
602 3897 865 3960 effoetac
896 3905 1092 3977 aetas,
1121 3897 1222 3962 vel
1252 3898 1379 3962 alia
1415 3898 1632 3981 aliqua
1658 3919 1868 3976 causa,
1900 3897 2224 3962 Naturam
2263 3898 2464 3960 inter-
2489 3868 2752 3976 {ffiz‘issf'

258 3998 613 4082 pellaverit,
649 4021 777 4082 quo
805 3999 1022 4063 minus
1057 4001 1396 4065 materiam
1430 4022 1692 4065 omnem
1740 4001 2141 4065 arthriticam
2180 4000 2252 4062 in
2286 4007 2464 4062 artus
2491 3982 2750 4045 P⁰d⁸8¹⁸⁶›

260 4122 613 4165 exonerare
640 4102 950 4178 valuerit;
998 4123 1161 4185 quae
1190 4103 1400 4167 adhuc
1432 4111 1710 4179 retenta,
1743 4125 1894 4167 cum
1930 4101 1996 4166 τὶ
2037 4098 2477 4180 ἀνεπιτήδειον

262 4203 521 4282 existat,
549 4211 761 4268 totam
812 4204 1145 4286 sanguinis
1190 4227 1467 4270 massam
1514 4206 1838 4290 inquinat,
1884 4212 1950 4269 et
1999 4203 2468 4268 confertissimo

262 4306 689 4390 pessimorum
720 4316 1221 4392 symptomatum
1254 4310 1513 4393 agmine
1551 4309 1883 4374 hominem
1912 4306 2182 4371 lacessit.
2275 4306 2468 4372 Quod

333 4436 356 4465 ⁵
388 4435 567 4499 onnia]
591 4446 713 4486 certo
734 4441 902 4486 certius
924 4439 1033 4487 add.
1057 4439 1135 4488 ed.
1155 4439 1255 4490 ’76.
1754 4445 1774 4469 ‘²
1807 4437 1993 4501 effoeta]
2017 4439 2188 4500 affecta
2211 4439 2282 4488 ed.
2309 4439 2404 4492 '1ss
