3138 5006
611 276 1412 344 OBSERVATIONUM
1455 278 2027 346 MEDICARUM
2072 289 2122 343 Ι.
2157 293 2207 342 6.
2420 286 2499 348 ⁷1

265 443 564 515 retusuS,
599 438 732 501 sive
759 437 1248 520 refrigeratione
1275 436 1650 518 intensiore,
1682 439 1813 504 sive
1842 440 2039 504 etiam
2070 440 2499 507 evacuationi-
2559 462 2770 513 Funus

267 537 402 602 bus
448 545 716 622 praeter
742 541 1014 603 modum
1058 540 1311 604 effusis:
1357 541 1430 603 in
1458 539 1583 605 hoc
1610 561 1761 605 vero
1800 562 1973 620 casu,
2006 561 2155 606 eum
2193 563 2495 628 paroxys-
2522 527 2803 642 Ᾰξξξζζζ,

263 659 426 703 mus
457 639 860 704 adventitius
888 640 1266 725 primarium
1304 642 1689 725 insequitur,
1721 643 1943 707 mitius
1972 644 2255 728 insuper,
2284 665 2497 727 neque
2560 655 2767 706 ’61-·64.

263 742 368 805 ita
412 763 688 824 prorsus
733 742 847 806 diu
897 749 1092 825 atque
1139 743 1304 806 alter
1353 763 1621 826 aegrum
1664 745 1911 827 affligit.
2003 746 2089 809 In
2134 747 2347 828 priore
2393 746 2495 810 in-
2522 739 2805 797 vitatavel·

263 846 532 909 stantia
581 844 894 908 materiae
945 846 1386 928 turgescentia
1435 845 1577 912 sive⁴
1615 843 1941 932 ὀργασμός
1990 848 2241 912 tardius
2284 869 2493 912 rever·
2518 806 2782 928 Ξετὲἓῐνιῑῒὲἶ

261 955 538 1011 tentem
562 954 668 1011 et⁴¹
691 946 812 1010 sibi
843 945 1130 1011 debitam
1151 948 1487 1030 periodum
1509 969 1921 1032 nequaquam
1943 952 2393 1032 praestolatur,
2418 973 2493 1016 ac
2518 929 2803 1050 ἒξζζξξοξξ·

259 1049 557 1130 proinde
587 1049 921 1131 aliquanto
944 1049 1413 1131 praematurius
1432 1049 1921 1133 despumatione
1944 1073 2062 1116 sua
2082 1052 2489 1135 defungitur:
2516 1056 2609 1104 hoc
2631 1074 2749 1107 canu

258 1150 338 1212 in
367 1150 740 1234 posteriore
779 1155 1020 1228 autem,
1052 1171 1202 1215 cum
1233 1151 1496 1233 sanguis
1525 1173 1663 1215 non
1694 1152 1833 1235 jam
1862 1173 1941 1217 ea
1966 1153 2029 1216 vi
2058 1155 2297 1238 polleat
2327 1175 2491 1238 quae
2515 1135 2751 1234 2⁸32?

257 1253 596 1316 materiae
627 1251 866 1315 Febrili
893 1273 1028 1315 uno
1054 1253 1304 1336 impetu
1333 1252 1755 1317 excutiendae
1783 1254 2076 1334 sufficiat,
2106 1276 2259 1318 mox
2287 1255 2489 1319 alium
2514 1250 2747 1327 vestitis,

257 1353 350 1418 de
381 1375 568 1418 novo·
595 1375 1050 1438 paroxysmum
1079 1353 1438 1432 substituit,
1471 1376 1599 1437 quo
1628 1355 1767 1438 ejus
1794 1356 2095 1439 reliquias
2125 1377 2162 1419 e
2192 1357 2339 1420 sinu
2368 1378 2486 1422 suo
2506 1327 2799 1440 {2333

255 1455 604 1521 exturbet.
693 1457 1007 1522 Quinimo
1029 1476 1066 1520 e
1095 1456 1345 1520 duabus
1372 1457 1548 1521 hisce
1572 1457 1780 1520 causis
1810 1457 1933 1521 sibi
1960 1459 2236 1521 invicem
2266 1458 2484 1522 adver·
2508 1441 2792 1558 ξέζεξξῗ

256 1557 580 1622 santibus
621 1557 788 1621 forte
834 1558 1032 1622 etiam
1075 1557 1315 1641 pendet
1354 1565 1492 1622 tam
1534 1579 2067 1642 paroxysmorum
2106 1559 2483 1642 anticipatio
2512 1581 2783 1645 Utriusque

257 1658 342 1722 in
371 1659 590 1723 Febre
619 1660 1109 1723 Intermittente
1137 1659 1460 1723 ordinaria
1481 1667 1677 1742 atque
1706 1661 2006 1742 regulari,
2027 1681 2223 1743 quam
2253 1681 2484 1724 eorun-
2508 1646 2775 1760 ζζξξέῐῑῶ·

263 1761 430 1824 dem
473 1760 721 1825 tardior
764 1761 1076 1838 accessi03
1123 1782 1396 1847 quarum
1437 1768 1715 1844 utraque
1756 1762 1831 1824 in
1872 1761 1973 1824 his
2004 1760 2317 1825 Febribus
2358 1761 2485 1825 fre-

263 1869 560 1946 quenter
614 1863 913 1940 occurrit,
973 1871 1166 1946 quaer
1209 1860 1605 1949 νυχθήμερον
1666 1883 1859 1928 omne
1916 1869 2325 1946 percurrunt,
2384 1863 2486 1928 vel

265 1965 546 2028 solitum
585 1964 953 2049 paroxysmi
993 1971 1251 2047 tempus
1297 1965 1745 2048 anticipantes,
1791 1965 1894 2028 vel
1936 1985 2013 2029 eo
2056 1965 2261 2028 serius
2306 1984 2483 2028 acce-

267 2065 533 2130 dentes.

373 2167 502 2250 [8.]
557 2167 862 2232 Febrinm
899 2175 1116 2232 autem
1148 2167 1738 2233 Intermittentium
1769 2167 2081 2252 quaedam
2110 2167 2275 2233 veris
2305 2173 2479 2246 sunt,
2510 2187 2683 2236 febres
2699 2189 2787 2237 In-

267 2269 600 2352 quaedam
649 2270 984 2333 autumni:
1047 2269 1334 2352 quamvis
1385 2269 1562 2333 enim
1611 2271 1684 2334 in
1734 2270 2228 2354 tempestatibus
2277 2271 2478 2334 inter-
2502 2253 2787 2366 ξξῐζξξξξιζ

269 2371 512 2434 mediis
539 2371 893 2434 nonnullae
930 2370 1344 2448 oboriantur;
1391 2371 1697 2453 quoniam
1727 2378 1949 2436 tamen
1985 2372 2134 2436 illae
2164 2378 2231 2436 et
2260 2373 2476 2436 minus
2501 2379 2574 2428 les
2596 2388 2730 2438 sunt,

272 2473 651 2559 frequentes
681 2478 855 2551 sunt,
879 2479 946 2537 et
976 2471 1060 2535 ad
1087 2471 1446 2554 praedictas
1473 2471 1695 2537 reduci
1723 2479 2014 2556 possunt,
2051 2473 2215 2556 (illas
2244 2493 2478 2557 nempe
2502 2444 2775 2563 ξξῃῇξῐω

281 2574 520 2657 quibus
577 2575 784 2657 magis
837 2573 1398 2657 appropinquant,)
1445 2574 1685 2638 idcirco
1736 2583 1992 2639 omnes⁸
2056 2575 2177 2639 sub
2226 2574 2479 2639 duobus

277 2674 456 2739 hisce
487 2676 849 2758 generibus,
893 2676 1258 2739 melibus
1285 2696 1537 2758 nempe,
1563 2682 1757 2759 atque
1786 2676 2283 2755 Autumnaeibus,
2306 2697 2478 2741 com-

277 2776 540 2859 plectar.
629 2776 974 2859 Tempora‘
1004 2776 1086 2839 ad
1116 2797 1280 2859 quae
1322 2776 1797 2859 particulariter
1825 2776 1909 2845 ὡς
1940 2774 2049 2839 ἐπὶ
2078 2774 2153 2839 τὸ
2180 2775 2353 2839 πολύ
2378 2796 2477 2839 re·

280 2877 599 2956 feruntur,
630 2898 885 2941 menses
916 2884 1072 2942 sunt
1103 2878 1454 2957 Februarii,
1485 2886 1681 2961 atque
1710 2876 2031 2958 Augusti3
2076 2877 2229 2939 licet
2276 2897 2477 2958 quan-

281 2978 490 3061 doque
517 2979 835 3043 maturius
861 2978 1193 3057 invadant,
1223 2980 1473 3043 tardius
1505 2980 1701 3043 etiam
1731 2996 2242 3059 nonnunquam3
2286 2984 2479 3058 prout

277 3080 520 3145 scilicet
561 3080 841 3159 uberior,
882 3080 1208 3163 parciorve
1249 3081 1320 3145 in
1365 3086 1516 3145 aere
1565 3084 1909 3163 appa-ratus
1949 3078 2053 3141 vel
2094 3077 2178 3141 ad
2222 3077 2481 3143 easdem

275 3182 722 3265 producendas
757 3182 932 3260 facit,
962 3182 1066 3246 vel
1103 3181 1318 3259 officit,
1349 3189 1417 3246 et
1453 3202 1532 3245 ex
1575 3179 1995 3263 consequenti
2028 3179 2237 3262 magis
2280 3180 2479 3243 etiam

273 3284 570 3347 minusve
599 3283 950 3367 epidemice
979 3282 1473 3365 depraedantur.
1537 3282 1741 3366 Cujus
1758 3282 1853 3345 rei
1882 3282 2249 3365 exemplum
2277 3280 2477 3345 habe-

273 3385 600 3449 mus‘satis
629 3386 890 3449 obvium
909 3384 984 3448 in
1013 3384 1326 3449 Febribus
1348 3383 1947 3448 Intermittentibus
1968 3382 2477 3447 Autumnalibus

273 3487 436 3551 anni
481 3488 670 3566 1661,
716 3508 844 3571 quo
895 3508 1068 3551 anno
1112 3486 1384 3551 memini
1432 3486 1783 3549 foeminam
1828 3486 2155 3567 quandam
2209 3483 2477 3548 aedibus

273 3590 438 3653 meis
465 3589 744 3653 vicinam
779 3591 988 3673 primo
1027 3589 1400 3654 Quartanae
1441 3595 1595 3651 suae
1638 3606 2037 3671 paroxysmo,
2066 3586 2206 3670 ipso
2236 3587 2477 3649 scilicet

273 3692 318 3754 J
321 3690 597 3755 ohannis
643 3692 808 3755 festo
860 3698 1219 3775 correptam
1270 3690 1526 3753 fuisseu.
1616 3690 1705 3753 Et
1752 3688 2110 3772 complures
2155 3687 2265 3751 alii
2309 3687 2477 3759 circa

269 3792 449 3856 idem
475 3800 732 3876 tempus
759 3800 1244 3877 praematurum
1273 3792 1587 3856 Febribus
1616 3792 1744 3855 illis
1774 3791 2051 3873 correpti
2077 3789 2279 3867 fuere,
2313 3808 2477 3871 quae

273 3895 688 3979 postmodum
711 3896 877 3960 adeo
915 3895 1304 3979 epidemicae
1334 3899 1712 3971 evaserunt3
1760 3892 1931 3976 quod
1960 3895 2347 3975 argumento
2376 3896 2476 3953 est

273 3992 590 4081 magnum
631 4004 776 4062 tum
809 3999 1008 4062 fuisse
1051 3999 1122 4061 in
1155 3998 1284 4062 ista
1321 4017 1486 4080 quae
1520 4004 1681 4061 tunc
1724 3995 2061 4060 obtinebat
2101 3994 2265 4058 ae’ris
2309 3997 2474 4055 tem-

273 4102 450 4185 perie
495 4101 578 4165 ad
625 4102 785 4165 istos
829 4099 1087 4165 morbos
1133 4108 1530 4183 apparatum,
1578 4099 1692 4182 qui
1737 4099 2037 4181 deinceps
2086 4093 2475 4181 procedente

275 4224 449 4266 anno
479 4203 838 4285 stipatiores
867 4198 1344 4286 grassabantur.

341 4319 364 4351 ’ί
394 4312 472 4375 et]
496 4327 591 4361 om.
615 4312 688 4362 ed.
713 4312 809 4363 ⁹76.
1481 4314 1499 4342 ²
1537 4314 1757 4373 Tempora
1798 4308 1907 4373 lfa]
1949 4308 2161 4370 Reliqua
2202 4306 2380 4354 desunt
2421 4308 2476 4354 in

341 4382 361 4405 ¹
393 4376 538 4439 quae]
563 4376 732 4438 utjm
756 4380 930 4425 dictum
951 4378 1060 4426 add.
1088 4378 1163 4425 ed.
1187 4377 1285 4428 ’76.
1421 4376 1526 4424 edd⁴
1551 4376 1649 4435 ⁹66,
1674 4376 1769 4423 ’68.
1797 4387 1953 4436 usque
1975 4372 2038 4420 ad
2054 4374 2403 4435 grassabantur.

343 4446 362 4469 ¹
396 4438 570 4503 omnes]
593 4444 702 4489 illas
717 4458 864 4490 omnes
882 4442 988 4491 edd.
1013 4442 1109 4500 '66,
1132 4442 1229 4489 ’68.
1488 4446 1513 4470 ¹
1554 4440 1629 4488 Cf.
1656 4454 1761 4502 sup.
1787 4454 1834 4501 p.
1858 4438 1936 4487 67.
