3138 5006
597 244 1391 312 OBSERVATIONUM
1437 247 2008 312 MEDICARUM
2053 253 2120 306 V.
2165 260 2208 310 1.
2375 246 2502 307 205

397 405 521 488 [3.]
578 407 993 473 Praemature
1034 410 1381 474 admodum
1418 418 1730 494 sequente
1776 430 1970 487 anne,
1999 427 2222 471 mense
2259 405 2499 470 scilicet
2541 420 2794 469 Comaru.

300 508 343 569 J
346 508 637 587 anuariO,
665 510 1061 577 invadebant
1104 513 1417 591 Morbilli,
1454 513 1633 576 haud
1671 513 1886 576 minus
1931 508 2268 594 epidemici
2303 514 2498 591 atque
2524 485 2806 600 Δξᾞξξΐη

298 619 489 675 erant
530 613 641 677 isti
682 615 792 698 qui
836 615 1063 680 eodem
1104 615 1309 680 ferme
1348 623 1639 699 tempore
1683 615 1840 679 anni
1883 615 2054 679 1670
2097 613 2354 676 fuerant
2395 611 2496 674 in-
2565 615 2772 665 ’⁷³-’⁷⁵·

300 715 521 796 gressi.
612 717 878 782 Etenim
903 718 976 781 in
1005 719 1255 782 nullam
1292 739 1429 783 non
1456 719 1590 782 fere
1617 717 1930 782 familiam
1959 737 2028 780 se
2055 715 2495 790 insinuabant,
2579 707 2756 766 1674.

298 817 583 880 infantes
629 840 783 901 prae
840 821 1107 885 caeteris
1158 843 1383 886 omnes
1442 821 1670 886 adorti.
1757 820 1916 884 Non
1962 826 2184 883 autem
2231 817 2499 902 perinde

300 921 625 1003 regulares
683 930 889 1002 erant,
941 945 1153 1007 neque
1203 932 1435 1008 typum
1484 925 1581 988 ita
1637 925 1720 988 ad
1770 923 2080 988 amussim
2136 921 2498 1000 servabant,

298 1029 499 1106 atque
539 1022 649 1087 isti
696 1025 809 1108 qui
858 1027 1185 1109 praedicto
1230 1048 1405 1091 anno
1452 1026 1872 1091 infestabant.
1959 1027 2062 1090 De
2109 1025 2233 1089 hac
2279 1031 2500 1088 autem

298 1124 563 1188 illorum
588 1125 719 1190 ab
700 1128 975 1192 invicem
996 1119 1425 1214 discrepantia
1451 1130 1640 1213 plura
1667 1129 1878 1194 dicam
1898 1128 2013 1193 ubi
2042 1127 2122 1191 de
2149 1127 2278 1190 illis
2307 1148 2498 1210 agam

298 1228 752 1310 particularius
792 1231 873 1314 [c.
908 1231 1030 1315 3]
1080 1231 1174 1296 Η1
1204 1233 1411 1315 magis
1436 1232 1648 1295 indies
1676 1231 2006 1315 magisque
2037 1228 2497 1313 grassabantur

297 1328 387 1392 ad
420 1331 897 1413 aequinoctium
938 1354 1143 1418 usque
1170 1335 1447 1413 vernale,
1479 1357 1518 1400 a
1545 1355 1675 1417 quo
1703 1341 1992 1416 tempore
2025 1331 2254 1395 iisdem
2285 1331 2496 1413 gradi-

299 1429 426 1494 bus
456 1431 923 1514 decrescebant,
957 1437 1161 1501 donec
1199 1437 1390 1521 paulo
1421 1444 1567 1521 post
1603 1437 1890 1519 elapsum
1930 1434 2278 1499 solstitium
2307 1433 2498 1497 aesti-

300 1555 457 1596 vum
484 1535 753 1600 tandem
781 1547 1251 1604 evanescerent.

402 1637 523 1721 [4.]
582 1639 765 1703 Sicut
794 1648 1012 1706 autem
1044 1641 1333 1706 Morbilli
1364 1642 1719 1726 epidemici,
1751 1641 1863 1724 qui
1890 1639 2280 1705 invadebant
2308 1637 2498 1703 initio

301 1740 461 1803 anni
508 1743 697 1821 1670,
730 1743 1023 1809 Variolas
1060 1745 1279 1828 nigras
1311 1745 1555 1810 ibidem
1599 1745 1948 1828 descriptas
1975 1741 2495 1819 introducebant,

298 1841 375 1905 hi
410 1844 652 1926 pariter
678 1845 853 1910 haud
887 1848 1105 1911 minus
1148 1849 1503 1932 epidemici,
1533 1848 1646 1932 qui
1682 1847 1872 1912 initio
1899 1847 2093 1931 hujus
2125 1845 2280 1910 anni
2325 1864 2497 1908 com-

300 1945 635 2026 parebant,
681 1948 1087 2015 Variolarum
1145 1953 1417 2036 speciem
1467 1951 1882 2016 introduxere
1931 1949 2041 2013 isti
2086 1947 2498 2032 persimilem.

300 2047 475 2112 Cum
496 2049 669 2113 enim
698 2051 893 2134 (quod
914 2054 1091 2137 prius
1130 2054 1237 2138 [iv.
1270 2056 1332 2117 6.
1365 2055 1457 2138 8.]
1499 2061 1598 2117 est
1618 2053 1962 2135 notatum,)
1990 2050 2288 2114 Variolae
2316 2069 2498 2133 prae-

300 2151 589 2214 cedentis
619 2155 1099 2220 constitutionis
1128 2165 1273 2240 post
1298 2157 1543 2241 priores
1574 2176 1778 2220 annos
1799 2155 1960 2219 duos
1989 2153 2280 2238 pustulas
2310 2152 2498 2217 emit-

300 2259 519 2317 terent
547 2254 763 2318 minus
792 2277 867 2319 ac
894 2257 1111 2321 minus
1140 2258 1549 2341 nigricantes‚
1564 2259 1846 2342 ‘majores
1872 2257 2136 2340 insuper
2163 2254 2402 2318 sensim
2431 2259 2499 2317 et

300 2355 600 2438 majores,
622 2357 827 2422 donec
856 2360 975 2424 sub
1004 2361 1201 2424 finem
1232 2362 1389 2426 anni
1420 2363 1547 2427 167
1548 2363 1590 2425 3
1620 2381 1739 2444 pro
1767 2359 1998 2443 speciei
2024 2358 2277 2422 ratione
2304 2357 2496 2420 mites

302 2465 521 2524 essent
550 2465 617 2524 et
648 2460 1005 2546 benignae3
1042 2464 1182 2549 jam
1209 2471 1466 2550 recepta
1507 2464 1780 2549 pristina
1806 2462 2081 2541 feritate,
2106 2467 2172 2525 et
2207 2459 2496 2544 pessimis

304 2565 751 2646 symptomatis
782 2567 1073 2649 stipatae,
1103 2568 1610 2632 revertebantur.
1699 2566 1981 2631 Invaluit
2010 2565 2170 2628 haec
2206 2564 2498 2628 Variola·

302 2686 453 2729 rum
482 2667 721 2748 species
750 2676 1063 2733 autumno
1098 2670 1407 2754 proximo,
1436 2670 1693 2753 longius
1730 2670 1928 2732 etiam
1954 2668 2028 2730 in
2054 2667 2352 2750 hyemem
2391 2686 2498 2729 ex-

304 2788 591 2848 currens,
614 2790 795 2853 quae,
819 2792 969 2835 cum
998 2772 1201 2836 solitis
1229 2772 1493 2837 calidior
1513 2772 1722 2837 multo
1751 2777 1936 2849 esset,
1964 2768 2191 2833 morbo
2208 2768 2498 2844 favebat;

304 2879 651 2955 appetente
678 2894 827 2939 vero
854 2881 1239 2960 tempestate
1266 2875 1597 2958 frigidiore
1625 2874 1974 2939 imminuta
2001 2878 2120 2950 est,
2150 2870 2341 2935 Febri
2362 2870 2502 2953 jam

305 2976 625 3057 grassanti
653 2996 804 3040 mox
822 2976 1035 3041 locum
1066 2978 1321 3042 cedens.

402 3078 527 3162 [5.]
583 3078 807 3143 Febris
848 3079 1028 3159 haec,
1071 3102 1231 3163 quae
1278 3100 1393 3164 per
1440 3100 1691 3145 annum
1735 3082 2168 3163 perseverarat
2218 3094 2498 3153 omnem,
2584 3080 2760 3140 1675.

303 3179 495 3245 initio
522 3181 567 3243 J
568 3180 705 3261 ulii,
731 3183 857 3248 167
860 3186 920 3262 5,
943 3182 1135 3267 longe
1162 3184 1419 3268 lateque
1446 3182 1835 3266 depopulata
1861 3187 2000 3259 est3
2045 3179 2158 3243 sed
2186 3185 2502 3243 autumno

298 3284 437 3367 jam
480 3286 1035 3370 appropinquante
1072 3287 1144 3350 in
1188 3286 1430 3351 viscera
1466 3286 1678 3370 coepit
1717 3283 2022 3363 converti,
2049 3282 2228 3347 nunc
2271 3281 2504 3365 dysen-

302 3386 507 3450 teriae
537 3389 1003 3471 symptomatis,
1027 3410 1205 3454 nunc
1227 3388 1598 3453 diarrhoeae
1628 3409 1696 3452 se
1723 3387 2018 3472 prodens,
2040 3385 2192 3450 licet
2216 3384 2504 3468 quando-

306 3508 433 3571 que
483 3510 693 3574 neque
742 3492 913 3555 hanc
961 3491 1230 3556 haberet
1276 3491 1598 3569 comitem,
1642 3510 1852 3574 neque
1900 3490 2101 3567 illam,
2145 3488 2258 3553 sed
2307 3492 2504 3570 caput

302 3591 513 3675 magis
540 3593 855 3672 tentabat,
888 3594 1270 3678 stupidiores
1291 3593 1565 3657 reddens
1595 3614 1839 3677 aegros.
1906 3592 2205 3656 Variolae
2233 3591 2507 3668 interea,

304 3715 469 3777 quae
512 3696 649 3779 jam
696 3696 1007 3779 pauculos
1052 3696 1207 3761 hinc
1248 3696 1401 3760 inde
1448 3694 1814 3773 affecerant,
1856 3694 1977 3759 sub
2023 3693 2505 3778 aequinoctium

304 3798 681 3861 autumnale
724 3799 983 3882 penitus
1029 3799 1459 3883 disparebant,
1503 3799 1614 3862 vix
1661 3819 1868 3861 unum
1914 3797 2264 3860 alterumve
2306 3794 2502 3878 jugu-

300 3900 533 3963 lantes.
624 3900 667 3963 J
669 3920 775 3963 am
803 3901 979 3965 enim
1008 3901 1229 3966 Febris
1259 3902 1413 3966 alios
1442 3900 1704 3964 vincens
1733 3899 2115 3983 epidemicos
2138 3897 2294 3961 anni
2319 3916 2502 3979 prae-

301 4002 590 4067 dominio
646 4002 1031 4086 potiebatur.
1122 4004 1612 4069 Observandum
1669 4010 1768 4069 est
1823 4002 2261 4076 nihilominus,
2307 3996 2501 4081 quod,

302 4126 457 4169 cum
510 4106 848 4188 proclivior
904 4113 1070 4171 esset
1120 4107 1343 4171 Febris
1392 4108 1552 4171 haec
1600 4106 1939 4170 materiam
1983 4102 2380 4167 morbificam
2427 4099 2500 4165 in

301 4208 545 4271 viscera
572 4206 910 4292 deponere,
934 4230 1099 4293 quae
1121 4209 1551 4295 dysenteriam
1580 4208 1982 4325 quandoque,
2002 4204 2251 4287 saepius
2281 4209 2500 4265 autem
2527 4226 2695 4291 Dyoe„
2665 4234 2770 4275 noe.

305 4310 725 4389 diarrhoeam,
756 4312 1095 4389 excitabat,
1127 4333 1204 4376 ex
1250 4312 1370 4376 hac
1407 4312 1737 4376 occasione
1767 4311 2006 4375 ventris
2049 4308 2330 4372 tormina
2358 4328 2500 4370 eam
2525 4292 2808 4405 ζὴοθξὼζο·

306 4414 577 4479 edidisse
622 4421 903 4497 stragem
950 4414 1139 4497 vulgo
1183 4414 1597 4498 putabantur,
1645 4434 1810 4496 quae
1858 4411 2046 4475 Febri
2089 4409 2242 4474 huic
2287 4430 2504 4473 revera
2528 4374 2792 4484 1185111118-
