3138 5006
637 255 761 317 128
1255 250 1645 316 THOMAE
1692 249 2208 315 SYDENHAM

327 430 610 478 vinoun
633 412 974 497 corripitur
1013 411 1408 496 ingentibus,
1439 432 1777 496 oppressus
1812 411 2099 494 undique
2138 412 2201 474 vi
2238 411 2483 491 morbi3
2528 419 2720 496 atque
2760 413 2834 476 in

329 495 610 608 Ξξζξζζῇ
632 515 1004 600 hujusmodi
1054 537 1262 600 agone
1317 525 1394 580 ut
1449 516 1803 600 plurimum
1860 514 2279 598 extinguitur,
2326 537 2402 580 eo
2456 537 2647 599 quem
2697 517 2851 600 jam‘

368 623 576 674 ⁸⁶⁷·’69-
637 619 912 682 diximus
942 618 1065 682 die.
1842 669 1849 676 .
2634 690 2641 696 ,

325 724 443 774 Alia
452 741 612 788 symp.
734 721 898 804 [23.]
957 721 1128 784 Sunt
1178 728 1245 783 et
1291 719 1417 790 alia
1461 711 1673 784 adhue
1731 725 2161 803 symptomata
2218 739 2381 802 quae
2432 719 2503 782 in
2554 718 2841 803 quolibet

327 795 524 916 ἓξὲξ
537 869 614 916 ge,
635 823 843 888 morbi
873 828 1048 886 statu
1077 827 1440 900 occurrunt,
1461 829 1599 885 tam
1628 821 1924 884 Discreto
1946 821 2353 884 Variolarum
2384 823 2622 905 generi,
2644 843 2841 905 quam

330 919 436 1028 ¹¹5³?
449 917 565 1028 νζ,
637 923 1010 989 Confluenti
1037 924 1276 1007 pariter
1303 924 1687 988 eommunia.

330 997 612 1094 ἲὲηῗζιιῖωἱι
723 1026 1066 1103 Phrenitis,
1107 1026 1284 1089 verbi
1313 1026 1539 1108 gratia,
1572 1047 1612 1088 a
1638 1024 1841 1088 nimia
1884 1025 2216 1108 sanguinis
2256 1026 2630 1090 ebullitione
2675 1046 2838 1089 non-

329 1117 602 1222 {cerua-ensent-
634 1150 970 1211 nunquam
1015 1149 1280 1210 aegrum
1314 1128 1595 1210 corripit,
1628 1135 1693 1191 et
1732 1127 1957 1190 caloris
1995 1134 2132 1191 tam
2173 1149 2403 1210 parum
2432 1137 2529 1192 est
2566 1128 2837 1210 patiens,

330 1209 568 1318 phienitis
635 1239 711 1294 ut
740 1231 992 1312 magnis
1019 1229 1260 1293 viribus
1307 1249 1382 1292 ac
1419 1229 1771 1293 furibundo
1816 1230 1967 1292 nisu
2008 1230 2275 1314 injectas
2303 1221 2843 1313 prehendentium

334 1335 418 1378 ἀ’
639 1339 704 1397 et
725 1333 892 1396 lecto
919 1332 1454 1395 incarcerantium
1483 1353 1714 1394 manus
1743 1331 1999 1395 eludere
2028 1339 2318 1395 conetur.

333 1447 536 1496 affectus
727 1434 1096 1518 Aliquando
1126 1433 1348 1498 eadem
1392 1454 1585 1497 causa
1619 1433 1919 1496 effectum
1961 1433 2153 1516 longe
2182 1434 2503 1497 diversum
2548 1456 2662 1498 seu
2690 1455 2840 1498 eon-

329 1520 618 1572 cometem,
641 1539 912 1603 trarium
965 1537 1063 1619 (ut
1106 1537 1400 1618 videtum)
1435 1536 1750 1620 producit,
1783 1536 2087 1599 affectum
2126 1537 2365 1600 scilieet
2408 1543 2842 1614 comatosum3

640 1642 735 1705 ita
780 1647 855 1704 ut
907 1661 1096 1722 aeger
1144 1660 1480 1723 nunquam
1524 1638 1726 1702 ferme
1784 1638 2059 1722 evigilet,
2112 1639 2241 1704 nisi
2298 1639 2606 1703 continuo
2650 1639 2845 1723 pulsu

641 1743 974 1807 excitatus·

336 1864 560 1914 maculae
740 1847 904 1930 [24.]
960 1847 1079 1910 Est
1108 1846 1303 1910 etiam
1331 1845 1445 1910 ubi
1479 1845 1550 1908 in
1577 1846 1701 1910 hoc
1728 1843 1973 1924 morb0,
2003 1845 2270 1929 perinde
2308 1851 2502 1928 atque
2545 1846 2617 1909 in
2644 1851 2843 1928 peste,

333 1945 618 1994 purpureae.
641 1950 855 2013 laxata
900 1948 1423 2013 inflammationis
1480 1949 1544 2011 vi
1592 1948 1923 2031 sanguinis
1969 1969 2295 2031 compage,
2348 1947 2637 2012 maculae
2692 1969 2843 2030 pur-

639 2073 876 2136 pureae
907 2073 974 2115 se
1020 2056 1348 2115 ostentant
1387 2050 1663 2133 pustulis
1692 2051 2133 2133 interspersae,
2165 2049 2391 2113 mortis
2434 2050 2566 2113 fere
2596 2071 2848 2132 semper

639 2155 1084 2238 praenuncias.
1175 2154 1604 2236 Frequentius
1650 2153 1773 2216 hoe
1824 2153 2037 2216 evenit
2086 2153 2200 2216 ubi
2254 2153 2417 2215 aeris
2468 2152 2847 2215 constitutio

641 2256 866 2321 morbo
893 2257 1002 2319 isti
1031 2255 1378 2339 epidemice
1402 2256 1721 2338 grassanti
1748 2275 1905 2339 prae
1930 2255 2197 2319 caeteris
2224 2253 2417 2317 favet.
2476 2253 2847 2337 Aliquando

641 2359 714 2422 in
741 2358 1144 2442 pustularum
1175 2359 1544 2422 summitate
1572 2359 1861 2423 maculae
1889 2358 2111 2440 nigrae
2142 2358 2429 2442 exiguae,
2460 2358 2847 2420 anicularum

641 2461 852 2545 capita
895 2462 999 2525 vix
1043 2467 1408 2546 aequantes,
1439 2461 1510 2525 in
1544 2460 1759 2526 medio
1800 2481 1950 2525 vero
1986 2460 2409 2539 subsidentes,
2452 2479 2521 2524 se
2564 2460 2849 2544 produnt

641 2566 828 2628 variis
857 2566 928 2627 in
955 2564 1110 2629 locis
1133 2591 1151 2643 3
1197 2585 1360 2648 quae
1389 2586 1539 2627 cum
1578 2564 1779 2628 nimio
1816 2562 2045 2628 fervori
2081 2570 2295 2627 ortum
2327 2562 2605 2627 debeant
2636 2584 2845 2640 suum,

639 2667 906 2731 tandem
947 2667 1256 2731 beneficio
1284 2667 1616 2751 regiminis
1656 2666 1861 2749 magis
1904 2665 2247 2749 temperati
2288 2665 2542 2729 fuscum
2570 2665 2848 2729 colorem

644 2770 1004 2853 acquirunt,
1023 2774 1371 2853 posteaque
1400 2768 1797 2852 pedetentim
1826 2768 2183 2832 subflavum
2211 2768 2415 2845 illum,
2441 2766 2555 2850 qui
2571 2766 2848 2831 Variolis

645 2873 945 2957 genuinis
975 2892 1048 2936 ae
1076 2893 1268 2935 suum
1310 2893 1554 2935 morem
1600 2871 2046 2935 obtinentibus
2088 2870 2473 2934 nanu-aliter
2502 2870 2846 2953 competit3

643 2976 818 3059 quod
861 2975 1015 3038 satis
1055 2974 1300 3058 liquido
1343 2975 1627 3038 cernitur
1663 2974 1735 3037 in
1776 2973 1887 3037 illa
1926 2994 2089 3057 quae
2128 2974 2297 3037 circa
2338 2972 2637 3036 morbum
2673 2972 2850 3035 hunc

645 3086 932 3143 versatur
959 3080 1158 3161 praxi,
1189 3079 1260 3141 in
1290 3100 1416 3161 quo
1445 3077 1665 3142 omnia
1694 3083 2126 3162 symptomata
2152 3096 2229 3140 eo
2252 3082 2407 3139 sunt
2435 3076 2693 3139 mitiora
2722 3096 2849 3158 quo

645 3180 850 3263 magis
879 3180 1174 3264 pustulae
1201 3180 1641 3244 maturitatem
1676 3180 1945 3262 adeptae
1974 3178 2058 3243 ad
2087 3178 2334 3243 dictum
2366 3178 2646 3241 colorem
2674 3197 2847 3241 acoe-

643 3282 832 3359 dunt‚
864 3288 1058 3364 atque
1088 3302 1125 3344 e
1154 3286 1400 3345 eontra.

345 3398 532 3474 Mietup
742 3384 855 3468 [25
864 3385 910 3468 .]
966 3384 1466 3449 Adolescentum
1495 3404 1685 3467 porro
1714 3391 1782 3448 et
1810 3383 2038 3448 aetatis
2068 3384 2225 3448 flore
2254 3382 2612 3467 vigentium
2648 3383 2849 3466 (prae-

343 3476 602 3525 angme-
647 3488 834 3571 cipue
879 3486 936 3551 si
985 3486 1152 3564 vine,
1189 3492 1302 3549 aut
1349 3486 1473 3550 alio
1521 3486 1743 3569 quovis
1785 3486 2033 3570 liquore
2076 3486 2418 3570 spirituoso
2462 3507 2531 3550 se
2574 3484 2851 3549 nimium

647 3589 1094 3673 impleverint,)
1130 3610 1334 3671 usque
1363 3588 1521 3651 adeo
1557 3589 1631 3651 in
1669 3589 1792 3653 hoc
1820 3586 2045 3652 morbo
2086 3608 2558 3671 nonnunquam
2588 3587 2851 3671 sanguis

649 3693 1019 3757 aceenditur
1045 3692 1348 3775 furitque,
1364 3699 1441 3755 ut
1469 3713 1587 3774 per
1615 3691 1879 3755 arterias
1908 3697 1974 3754 et
1990 3692 2265 3756 vesicam
2286 3692 2457 3755 viam
2487 3692 2610 3755 sibi
2637 3691 2849 3769 faeiat,

649 3802 716 3859 et
745 3800 934 3879 “qua
983 3794 1136 3858 data
1177 3802 1380 3877 porta,
1432 3794 1635 3857 ruat''
1692 3794 1905 3879 [Virg.
1934 3794 2093 3857 Aen.
2124 3795 2167 3857 i.
2202 3794 2317 3877 83]
2350 3818 2369 3871 3
2418 3814 2545 3876 quo
2592 3794 2853 3877 quidem

649 3898 852 3962 mictu
911 3898 1264 3979 sanguineo
1312 3895 1418 3959 vix
1467 3895 1645 3959 aliud
1702 3902 2063 3980 symptoma
2118 3896 2353 3980 pejoris
2403 3904 2598 3959 notae
2659 3904 2853 3979 atque

651 4000 884 4065 ominis
910 3998 1198 4063 invenire
1225 3998 1376 4061 licet
1403 4018 1517 4081 per
1542 4018 1807 4061 omnem
1832 3996 2027 4080 hujus
2056 3996 2265 4061 morbi
2290 3996 2709 4079 tragoediam.

343 4120 595 4183 sanguinis
749 4102 914 4186 [26]
967 4100 1074 4166 Ab
1104 4100 1328 4165 eadem
1355 4100 1618 4183 insuper
1652 4120 1844 4163 eausa
1878 4118 2348 4182 nonnunquam
2381 4098 2554 4183 (lieet
2596 4098 2847 4183 rarius)

345 4192 612 4309 {¹:2²2th
651 4203 914 4287 sanguis
953 4224 990 4267 e
1025 4200 1438 4285 pulmonibus
1473 4202 1743 4284 ejicitur.
1837 4201 2130 4286 Utraque
2172 4224 2322 4267 vero
2368 4203 2856 4285 haemorrhagia

345 4311 426 4360 hic
448 4326 560 4359 ιω-
652 4306 810 4369 haee
839 4306 959 4369 sub
993 4304 1206 4370 morbi
1232 4304 1420 4367 initio
1456 4304 1836 4387 plerumque
1878 4304 2217 4387 contingit,
2248 4306 2522 4389 pustulis
2562 4306 2853 4369 nondum

351 4383 538 4423 cantur.
657 4403 1175 4489 erumpentibus3
1221 4405 1322 4469 vel
1379 4406 1432 4467 si
1489 4406 1560 4467 in
1618 4404 2003 4489 quibusdam
2060 4406 2214 4469 locis
2262 4428 2329 4469 se
2382 4406 2743 4485 ostendant,
2781 4407 2855 4469 in
