3138 5006
494 292 1282 358 OBSERVATIONUM
1329 295 1898 359 MEDICARUM
1948 301 1998 354 I.
2042 308 2165 366 1,2.
2342 298 2428 358 29

1151 556 1342 620 CAP.
1399 556 1525 620 IL·

932 702 1032 763 De
1059 700 1306 763 Morbis
1333 699 1734 782 Epidemicis.

335 857 566 920 Νιιιιι,
610 858 954 941 quicquam
1001 859 1293 942 (opinor‚)
1344 860 1637 923 animum
1679 859 2021 922 universae
2072 880 2201 942 qua
2248 867 2430 943 patet
2459 877 2713 941 Epidemi-

233 959 604 1024 Medicinae
637 961 963 1043 pomoeria
1009 961 1532 1044 perlustrantem,
1576 966 1767 1025 tanta
1809 961 2233 1026 admiratione
2282 983 2425 1045 per-
2455 957 2552 1000 Μ’

229 1061 438 1140 cellet,
478 1083 674 1145 quam
717 1063 990 1126 discolor
1033 1062 1148 1126 illa
1185 1069 1256 1126 et
1300 1063 1402 1127 sui
1445 1063 1641 1145 plane
1684 1062 2009 1129 dissimilis
2053 1063 2423 1128 morborum

229 1164 753 1247 Epidemicorum
781 1163 1003 1242 facies3
1035 1160 1169 1228 non'
1197 1170 1335 1227 tam
1366 1185 1494 1247 qua
1519 1165 1726 1228 varias
1757 1165 2047 1248 ejusdem
2076 1167 2233 1229 anni
2260 1172 2425 1230 tem-

225 1272 529 1348 pestates,
551 1287 746 1348 quam
775 1287 904 1349 qua
931 1265 1361 1350 discrepantes
1391 1264 1786 1330 diversorum
1816 1266 1897 1331 ab
1926 1267 2203 1332 invicem
2224 1289 2426 1333 anno-

226 1386 375 1430 rum
399 1367 898 1431 constitutiones
925 1367 1236 1446 referunt,
1260 1367 1343 1431 ab
1373 1368 1579 1450 iisque
1609 1368 1997 1451 dependent.
2076 1369 2198 1454 [2.]
2241 1369 2427 1435 Quae

225 1475 362 1532 tam
407 1477 632 1552 aperta
667 1469 1142 1552 praedictorum
1177 1470 1555 1535 morborum
1598 1470 1932 1535 diversitas
1967 1478 2115 1536 tum
2152 1472 2427 1556 propriis
2454 1492 2559 1534 tum
2577 1502 2607 1534 a
2621 1503 2731 1550 pro-

225 1591 299 1636 ac
321 1570 448 1634 sibi
475 1572 902 1655 peculiaribus
925 1570 1432 1656 symptomatisb,
1452 1579 1599 1636 tum
1617 1573 1816 1637 etiam
1844 1573 2148 1637 medendi
2174 1575 2426 1638 ratione
2451 1551 2704 1662 ξξζξζξξὶ·

227 1693 429 1757 quam
467 1673 538 1736 hi
578 1673 658 1737 ab
697 1674 825 1737 illis
865 1673 1182 1758 disparem
1223 1695 1482 1758 prorsus
1521 1675 1646 1739 sibi
1683 1675 2049 1754 vendicant,
2082 1676 2237 1740 satis
2276 1677 2423 1740 illu·
2452 1686 2721 1753 symptom-

226 1775 446 1839 cescit.
557 1777 658 1843 Ex
715 1776 952 1860 quibus
1011 1782 1268 1840 constat
1327 1776 1588 1840 morbos
1638 1776 1850 1856 hosce,
1903 1785 1979 1840 ut
2029 1784 2107 1841 ut
2159 1783 2425 1842 externa
2450 1749 2685 1855 {2333
2703 1761 2736 1792 ⁸

227 1877 678 1959 quadantenus
719 1878 946 1962 specie,
977 1885 1044 1942 et
1084 1877 1531 1963 symptomatis
1572 1879 1817 1962 aliquot
1855 1879 2147 1965 utrisque
2183 1881 2425 1962 pariter
2446 1870 2632 1982 3⁶⁰⁸?

226 1981 848 2063 supervenientibus,
879 1981 1220 2045 convenire
1248 1981 1440 2064 paulo
1469 1981 1937 2045 incautioribus
1964 1981 2323 2060 videantur,
2352 2003 2423 2045 re
2448 1950 2642 2046 ὼέἓῒέ
2654 2000 2715 2048 ab

223 2089 452 2146 tamen
493 2083 634 2166 ipsa
681 2083 760 2165 (si
801 2082 970 2146 bene
1013 2082 1362 2146 adverteris
1405 2083 1744 2166 animum,)
1783 2082 2029 2146 alienae
2074 2082 2421 2146 admodum
2447 2078 2657 2177 ξὲζζῖξῗ

221 2203 364 2248 esse
393 2184 649 2264 indolis,
672 2191 738 2248 et
769 2184 1006 2250 distare
1033 2191 1111 2248 ut
1139 2205 1290 2248 aera
1307 2184 1550 2267 lupinis
1567 2193 1613 2248 ⁰.
1708 2183 1909 2248 Haud
1937 2184 2237 2268 equidem
2265 2186 2422 2249 satis

221 2287 356 2351 scio
395 2308 480 2351 an
527 2287 902 2370 diligentius
940 2307 1210 2351 examen
1244 2287 1442 2370 (quali
1477 2285 1607 2350 rite
1642 2286 2045 2351 instituendo
2084 2287 2189 2350 vix
2228 2287 2425 2350 unius

219 2389 508 2453 hominis
556 2389 768 2454 brevis
811 2396 990 2454 aetas
1031 2411 1150 2472 par
1193 2409 1332 2454 esse
1372 2388 1713 2471 videatur,)
1763 2410 1882 2452 nos
1929 2388 2223 2452 edoceret
2267 2389 2421 2473 Epi-

220 2490 622 2556 demicorum
672 2491 829 2557 alios
875 2492 1191 2557 continua⁴
1230 2491 1509 2574 quadam
1561 2491 1740 2571 serie,
1787 2512 1907 2556 ceu
1947 2491 2120 2557 facto
2162 2491 2421 2572 circulo,

221 2594 384 2658 alios
415 2615 666 2677 semper
695 2595 1022 2677 excipere3
1067 2616 1152 2659 an
1179 2614 1330 2657 vero
1359 2614 1585 2658 omnes
1614 2593 2181 2658 indiscriminatim
2206 2594 2419 2659 nullo-

220 2717 350 2778 que
380 2704 630 2761 servato
676 2697 920 2775 ordine,
949 2718 1068 2780 pro
1098 2696 1350 2761 occulta
1381 2697 1544 2760 aeris
1574 2696 1849 2760 diathesi
1880 2702 1946 2759 et
1986 2695 2419 2780 inexplicabili

217 2805 586 2882 temporum
617 2800 889 2877 ratione,
919 2799 1223 2863 mortales
1257 2800 1599 2862 incessere.
1700 2798 1821 2882 [3.]
1864 2798 2011 2863 Hoc
2041 2798 2271 2862 saltem
2299 2820 2415 2882 pro
2442 2814 2673 2890 Febfium

218 2907 552 2984 comperto
595 2900 802 2965 habeo
842 2922 920 2964 ex
966 2900 1307 2983 multiplici
1353 2899 1979 2964 accuratissimarum
2025 2900 2413 2964 observatio·
2436 2886 2688 2926 connum-

215 3025 382 3067 num
401 3004 552 3083 fide,
574 3005 931 3087 praedictas
951 3003 1324 3069 morborum
1353 3002 1612 3087 species,
1634 3003 2011 3087 praesertim
2031 3001 2242 3067 febres
2265 3023 2413 3066 con·
2436 2942 2709 3081 τπᾚὲἓειιξε

215 3106 462 3185 tinuas,
491 3107 587 3170 ita
615 3113 742 3171 toto
793 3106 990 3190 (quod
1033 3108 1264 3189 aiunt,)
1298 3107 1461 3169 coelo
1506 3105 1783 3183 differre,
1814 3111 1910 3183 ut,
1942 3125 2070 3187 qua
2110 3105 2417 3169 methodo
2440 3070 2657 3197 ἓξὲξ

218 3215 526 3273 currente
577 3230 749 3273 anno
809 3215 1104 3292 aegrotos
1162 3208 1550 3287 liberaveris,
1600 3207 1825 3271 eadem
1868 3208 2009 3291 ipsa
2052 3228 2225 3271 anno
2276 3210 2415 3291 jam
2439 3198 2639 3310 2⁵:25&

215 3316 514 3374 vertente
570 3310 842 3375 forsitan
893 3331 930 3374 e
979 3309 1194 3375 medio
1245 3310 1472 3375 tolles:
1542 3309 1859 3392 quodque,
1910 3308 2027 3372 ubi
2086 3310 2285 3374 semel
2342 3310 2415 3373 in
2438 3327 2667 3375 methodo

218 3411 574 3491 genuinam
604 3411 908 3475 medendi
932 3412 1273 3489 rationem,
1295 3431 1490 3493 quam
1512 3410 1674 3473 haec
1693 3410 1795 3473 vel
1816 3410 1931 3474 illa
1948 3410 2145 3474 febris
2176 3411 2415 3494 species
2438 3398 2663 3503 ζξζὲξὲ·

217 3510 342 3574 sibi
373 3511 688 3591 vendicat,
719 3512 1048 3595 auspicato
1090 3511 1448 3589 inciderim,
1481 3509 1564 3573 ad
1608 3510 1887 3575 eundem
1932 3530 2196 3593 scopum
2240 3512 2416 3575 colli-

217 3634 408 3677 mans
435 3613 732 3696 (favente,
763 3620 841 3676 ut
869 3614 964 3692 fit,
997 3614 1261 3696 Optimo
1289 3612 1636 3694 Numam)
1673 3620 1915 3675 metam
1950 3612 2133 3693 quasi
2168 3632 2419 3695 semper

218 3716 561 3799 attingam,
604 3724 901 3799 respectu
943 3716 1028 3780 ad
1069 3721 1674 3799 temperamentum,
1715 3721 2014 3793 aetatem,
2060 3720 2127 3777 et
2170 3716 2419 3798 reliqua

218 3817 537 3901 ejusmodi
593 3838 1052 3901 usquequaque
1107 3816 1370 3894 habito,
1431 3816 1656 3894 donec,
1704 3816 1991 3879 extincta
2046 3815 2159 3879 illa
2208 3817 2417 3899 specie

217 3941 510 4004 novoque
541 3921 853 4004 gliscente
880 3920 1072 3999 malo,
1103 3941 1338 4003 anceps
1376 3940 1640 3984 rursum
1678 3919 1914 3983 haereo
1952 3940 2079 4001 qua
2114 3920 2277 3983 mibi
2313 3920 2417 3983 via

217 4024 652 4088 insistendum
694 4030 770 4087 ιιι
816 4023 1022 4107 aegris
1069 4022 1480 4102 subveniam3
1543 4044 1618 4087 ac
1660 4022 1949 4107 proinde,
1990 4022 2118 4085 nisi
2159 4022 2415 4105 ingenti

220 4125 512 4190 adhibita
569 4126 821 4190 cautela
859 4124 1260 4207 intentisque
1303 4124 1605 4189 omnibus
1654 4125 1855 4189 animi
1907 4124 2137 4202 nervis,
2185 4124 2289 4187 vix
2339 4145 2415 4188 ac

287 4261 308 4281 ¹
341 4255 496 4301 Deest
515 4255 608 4301 hoe
633 4270 736 4317 cap.
763 4256 812 4301 in
831 4254 935 4302 edd.
965 4254 1059 4309 ’66‚
1083 4253 1175 4300 ’68.
1361 4262 1432 4301 rat
1457 4254 1575 4317 quid
1598 4254 1777 4301 distent
1800 4270 1909 4301 aera
1932 4253 2169 4315 lupinis.'’
2215 4316 2217 4319 y
2240 4250 2411 4299 Horat.

285 4319 307 4349 δ
344 4318 686 4381 symptoman's]
704 4320 732 4367 i.
747 4335 786 4366 e.
809 4322 1086 4377 —matibus,
1103 4324 1156 4365 ut
1177 4318 1274 4365 fere
1363 4320 1512 4379 Epist.
1529 4319 1557 4367 i.
1586 4318 1627 4367 7.
1648 4320 1722 4365 23.
1748 4318 1831 4365 ubi
1852 4333 1899 4365 v.
1930 4317 2142 4379 Interpp.
2165 4335 2177 4371 ς
2214 4316 2411 4365 Erasini

221 4382 402 4475 ubique
425 4384 501 4430 his
523 4384 572 4431 in
597 4384 744 4431 libris.
1361 4386 1514 4445 Adag.
1542 4384 1573 4429 i.
1600 4385 1644 4429 3.
1671 4384 1746 4432 79.

345 4456 394 4494 ut
414 4465 525 4496 aem
543 4448 742 4511 lupinis]
769 4452 798 4473 “
819 4446 922 4495 Nec
947 4456 1108 4495 tamen
1131 4448 1268 4509 igno-
