3138 5006
558 177 1370 248 OBSERVATION'UM
1413 179 1987 248 MEDICARUM
2032 195 2115 251 11.
2150 201 2205 252 2.
2388 177 2517 252 109

321 337 450 404 dem
477 339 900 426 diaphoresin
915 343 1210 410 conciere
1227 349 1500 428 satagas,
1520 363 1599 408 eo
1619 341 1689 408 in
1710 343 2115 410 manifestius
2132 339 2519 430 phrenitidis
2587 365 2785 418 rum

308 443 660 526 perieulum
703 447 1032 525 adduces3
1078 455 1195 512 aut
1243 447 1438 530 (quod
1479 447 1783 512 tristioris
1824 447 2037 512 adhuc
2080 449 2315 513 ominis
2366 453 2511 536 est,)
2576 433 2792 485 P⁸⁸¹⁸¹²·

306 565 460 610 vana
485 569 602 632 spe
645 549 1120 634 aliquantisper
1149 550 1444 630 lactatus,
1473 549 1743 615 tandem
1780 571 1898 634 pro
1938 549 2281 616 sudoribus
2318 573 2515 618 exan-
2542 497 2825 612 5⁸23}ss

301 649 588 716 themata
643 653 1126 718 Pestilentiae
1167 652 1402 718 elicies.
1500 653 1669 737 [31.]
1724 653 1893 718 eum
1936 655 2113 720 enim
2169 657 2515 742 praecipua
2569 629 2667 686 ’⁶⁵’
2692 630 2789 678 ’ω’

297 751 564 838 hujusce
607 757 780 821 mali
819 757 997 822 labes
1036 756 1110 820 in
1151 755 1575 840 spirituosiori
1607 777 1855 820 massae
1902 757 2297 842 sanguineae
2328 767 2517 844 parte

291 857 592 938 resideat,
645 861 832 924 unde
874 859 1256 924 crassiorum
1298 859 1763 943 particularum
1814 861 2165 943 exagitatio
2210 863 2514 929 nonnihil

291 958 674 1044 languidior
707 985 904 1047 quam
931 963 1004 1028 in
1033 963 1174 1028 aliis
1201 962 1821 1028 inflammationibus
1848 963 2225 1049 plerumque
2256 967 2512 1048 existat,

287 1065 555 1130 tenuior
585 1069 710 1131 illa
735 1066 968 1152 portio,
997 1065 1149 1132 novi
1178 1067 1404 1132 caloris
1435 1067 1797 1132 accessione
1824 1067 1897 1130 in
1926 1069 2237 1154 majorem
2263 1069 2510 1136 rabiem
2535 1091 2767 1142 Macula«,

287 1174 452 1248 acta,
483 1170 758 1255 impetu
797 1171 1059 1236 demum
1093 1171 1266 1235 facto
1303 1191 1526 1235 omnes
1569 1170 1813 1234 cruoris
1851 1170 2045 1235 fibras
2086 1173 2264 1238 ultra
2296 1181 2511 1240 textu-
2570 1171 2809 1222 ''mun“

2582 1223 2818 1272 estilenti·

282 1292 394 1336 rae
407 1270 718 1340 'modum
758 1277 1076 1341 distensas
1119 1297 1376 1360 prorsus
1403 1275 1649 1359 frangit
1690 1295 1765 1340 ac
1798 1277 2203 1343 comminuit.
2289 1277 2356 1344 A
2383 1301 2516 1365 qua
2540 1285 2639 1336 ale·
2662 1303 2691 1336 a
2714 1289 2773 1336 fi-

285 1374 620 1444 fibrarum
663 1379 1169 1462 sanguinearum·
1205 1377 1625 1443 dissolutione
1662 1378 2063 1442 macularum
2106 1379 2516 1446 Pestilentia·
2536 1352 2807 1479 {2222OE

284 1476 456 1542 lium
507 1503 783 1548 causam
827 1481 1176 1566 petendam
1220 1501 1356 1546 esse
1400 1501 1669 1560 censeo;
1715 1481 1973 1565 quippe,
2016 1502 2154 1546 non
2206 1503 2389 1547 secus
2442 1505 2517 1549 ac
2542 1481 2805 1558 arumnis-

285 1581 542 1648 vibices
572 1607 615 1650 a
641 1586 834 1670 plaga
865 1585 1130 1650 fortiore
1166 1585 1238 1648 in
1265 1592 1518 1668 partem
1557 1583 1839 1666 aliquam
1878 1583 2159 1668 corporis
2196 1586 2518 1650 musculo·-
2542 1543 2835 1659 ffitssi'iz.

289 1701 436 1748 sam
466 1686 746 1765 inflicta,
773 1687 986 1772 primo
1015 1687 1334 1752 intensius
1368 1687 1769 1752 rubicundae
1803 1687 1875 1750 in
1909 1693 2062 1752 cute
2088 1688 2516 1769 efflorescunt,
2543 1680 2743 1730 tui-,non
2758 1691 2835 1723 ’θ’

294 1804 372 1952 :ilc
413 1787 610 1854 brevi
635 1797 782 1874 post
819 1798 1108 1874 tempore
1150 1791 1414 1856 livorem
1445 1789 1771 1875 quendam
1810 1797 1925 1854 aut
1969 1790 2377 1874 nigredinem
2413 1792 2514 1856 in-
2538 1753 2830 1930 §effi-{1:1¹}-

337 1900 546 1958 nunt.
2538 1885 2809 1983 inflicta-or¹

395 1995 574 2080 [32]
630 1996 887 2063 Deinde
943 2017 1093 2063 vero
1141 1997 1214 2062 in
1261 1997 1633 2082 corporibus
1684 2017 1851 2080 quae
1896 1997 2052 2062 satis
2102 2005 2397 2083 prompte
2442 1996 2515 2063 in
2541 2029 2816 2093 Diaphore·

299 2099 612 2165 sudorem
641 2101 1000 2178 solvuntur,
1030 2102 1082 2164 si
1115 2101 1507 2185 diaphoresis
1529 2101 1711 2185 justo
1750 2102 2223 2184 praematurius
2258 2103 2515 2187 (nempe
2539 2095 2825 2222 &xxxm-

299 2207 448 2267 tota
498 2203 775 2269 materia
819 2202 1120 2269 morbosa
1175 2203 1470 2269 nondum
1527 2203 1789 2289 penitus
1848 2204 2207 2290 dissipata‚)
2254 2203 2513 2270 abrum-
2540 2224 2643 2272 riu·
2664 2226 2743 2273 ab·

301 2311 522 2386 patur,
554 2307 913 2387 bubonum,
953 2308 1064 2391 qui
1106 2307 1518 2372 laudabiliter
1563 2306 1825 2390 quidem
1862 2307 1982 2372 sub
2022 2309 2220 2372 finem
2263 2308 2514 2373 sudoris
2538 2296 2697 2402 {¹22ss
2711 2290 2823 2418 Ριζξζ

303 2409 566 2488 Prodire
615 2410 1008 2494 inceperant,
1068 2419 1291 2494 postea
1348 2411 1629 2475 deterior
1679 2409 1891 2475 evadit
1942 2411 2249 2475 conditio·
2335 2411 2514 2476 Nam
2540 2419 2643 2496 fiir?
2658 2420 2763 2496 ⁸{am

305 2512 632 2579 subducta
658 2536 822 2599 quae
851 2536 957 2579 eos
983 2516 1056 2579 in
1086 2516 1323 2580 molem
1352 2514 1645 2579 attollere
1675 2512 1938 2579 deberet
1977 2514 2283 2579 materiae
2308 2522 2510 2598 parte,
2536 2493 2823 2598 ζ’ξῗξζξξῖ

311 2624 427 2681 aut
457 2619 537 2684 de
565 2619 738 2683 facili
765 2620 941 2684 intro
967 2625 1279 2699 remeant,
1311 2624 1426 2683 aut
1457 2619 1687 2682 saltem
1718 2618 1801 2683 ad
1828 2618 2153 2701 legitimos
2184 2617 2511 2683 abscessus
2535 2614 2791 2741 32:3³¹

309 2738 647 2805 nunquam
704 2723 1186 2808 perducuntur;
1259 2720 1827 2805 (quemadmodum
1870 2721 2069 2784 etiam
2126 2720 2201 2783 in
2256 2721 2509 2785 variolis
2535 2742 2597 2789 ad
2619 2741 2781 2805 legiti-

314 2825 596 2889 accidere
640 2826 825 2904 solet,
857 2825 1107 2909 quoties
1147 2844 1337 2908 aeger
1379 2845 1496 2909 per
1544 2824 1785 2907 primos
1822 2822 1956 2887 dies
2002 2822 2356 2906 impensius
2404 2844 2509 2887 su-
2534 2808 2747 2921 ffggssass·

313 2924 484 2992 davit
499 2930 546 3012 3)
599 2935 856 3013 recepto
887 2934 1104 2992 autem
1137 2928 1348 2992 denuo
1377 2928 1554 2990 intra
1581 2948 1801 2989 muros
1822 2925 2007 2989 hoste
2035 2924 2239 3003 ferali,
2260 2925 2333 2989 in
2363 2946 2509 2989 san·
2534 2937 2711 2998 perdu-

314 3030 506 3110 guine
545 3031 889 3096 commotio
933 3030 1267 3108 excitatur,
1299 3031 1480 3113 cujus
1511 3048 1705 3113 opera
1732 3049 1809 3092 eo
1839 3049 1967 3112 quo
1996 3028 2287 3111 superius
2314 3027 2509 3091 innu-
2534 3008 2725 3050 cuntur.

311 3131 476 3197 imus
513 3134 714 3199 'modo
751 3154 938 3219 saepe
977 3133 1364 3218 ecthymata,
1394 3131 1797 3197 imminentis
1834 3131 1997 3195 lethi
2040 3130 2299 3211 indicia,
2338 3129 2508 3195 foras
2531 3080 2825 3197 ξέξιᾞζῖιιηι

309 3238 777 3322 propelluntur.
2530 3212 2820 3326 :ganamn-

324 3372 330 3378 ·
405 3340 572 3425 [33.]
626 3340 874 3405 Verum
914 3339 1301 3425 quibusnam
1343 3339 1550 3405 modis
1579 3337 1681 3402 his
1721 3337 1989 3422 aliisque
2024 3336 2507 3401 difficultatibus
2531 3341 2649 3454 ἓξὲξ
2665 3358 2751 3455 32-

309 3442 562 3508 obviam
589 3442 669 3506 iri
699 3444 916 3528 possit,
945 3452 1024 3509 ut
1051 3442 1445 3509 luculentius
1485 3448 1795 3527 patescat,
1828 3441 1982 3525 quid
2024 3440 2096 3503 in
2126 3440 2247 3504 hoc
2280 3440 2507 3505 morbo
2529 3486 2693 3519 caus..

309 3568 348 3611 a
389 3568 498 3611 me
543 3568 662 3632 pro
695 3548 957 3612 modulo
1007 3568 1153 3611 meo
1194 3547 1440 3611 sactum
1480 3546 2017 3627 observatumque
2062 3542 2278 3622 fuerit,
2318 3542 2509 3608 initio

307 3671 348 3714 a
371 3672 662 3735 nuperae
689 3652 816 3715 luis
844 3649 1207 3735 primordiis
1237 3649 1452 3728 duct0,
1483 3670 1738 3712 summa
1765 3648 1893 3713 fide
1922 3647 2267 3711 edisserere
2297 3646 2502 3711 lubet.

403 3754 570 3839 [34]
624 3754 932 3819 Nobilem
959 3754 1308 3818 foeminam
1338 3754 1609 3817 ineunte
1638 3752 1820 3817 Maio
1848 3772 2023 3815 anno
2056 3751 2246 3830 1665,
2278 3750 2507 3815 aetatis

307 3856 560 3923 circiter
607 3858 804 3922 unius
863 3865 931 3922 et
988 3858 1220 3940 viginti
1277 3878 1619 3935 annorum,
1673 3878 1748 3919 ac
1798 3861 2309 3938 temperamento
2361 3876 2506 3917 san-

307 3963 544 4045 guineo
592 3962 949 4045 praeditam
1007 3960 1216 4025 invisi.
1306 3961 1573 4023 Praeter
1615 3959 1886 4024 Febrem
1946 3957 2279 4021 ardentem
2342 3978 2505 4040 quae

306 4064 496 4148 paulo
527 4072 680 4129 ante
706 4064 1046 4141 invaserat,
1083 4062 1464 4127 vomitiones
1491 4062 1903 4147 importunae
1941 4060 2191 4143 aliaque
2221 4064 2505 4142 sympto-

307 4175 484 4232 mata
527 4166 780 4232 febrilia
836 4188 1094 4248 aegram
1142 4166 1615 4230 excruciabant.
1705 4163 2124 4228 curationem
2182 4181 2224 4223 a
2279 4180 2507 4223 venae-

309 4272 590 4336 sectione
619 4270 1004 4355 auspicatus,
1023 4276 1278 4353 postero
1309 4269 1412 4335 die
1442 4268 1524 4332 ad
1549 4265 2055 4352 praecavendam
2084 4260 2507 4341 diarrhoeam,

317 4378 516 4457 (quae,
551 4382 628 4439 ut
673 4374 745 4438 in
798 4373 1066 4457 hujusce
1110 4374 1448 4437 Tractatus
1493 4372 1683 4436 initio
1741 4370 1811 4449 [i.
1859 4372 1922 4432 4.
1964 4372 2064 4451 9.]
2112 4365 2504 4446 monuimus,
