3138 5006
697 263 786 324 46
1312 259 1702 325 THOMAE
1752 260 2271 323 SYDENHAM

428 421 896 490 ana1=[F0rm.
923 423 998 490 2.]
1077 419 1139 499 R
1191 423 1378 491 Aquae
1403 421 1687 491 Papaveris
1710 419 1987 474 Rhoeados
2010 422 2195 474 uncias
2218 421 2367 486 duas,

411 492 636 539 Conrm.
1189 509 1379 578 Aquae
1404 507 1695 560 Mirabilis²²
1721 507 2000 560 drachmas
2024 507 2174 570 duaa,

388 555 667 669 *ἧὲῗ-(ξέἒκ
1191 593 1383 665 Syrupi
1407 593 1473 646 de
1499 592 1789 657 Meconiob‚

1196 681 1388 751 Syrupi
1415 681 1698 749 Papaveris
1722 679 1968 745 Erratici,
1993 697 2098 734 ana
2120 683 2477 745 semunciam3

981 768 1152 822 Misce
1174 789 1187 832 ;
1223 767 1318 821 fiat
1340 768 1581 822 haustus.

791 915 956 998 [18.]
1013 915 1106 978 At
1163 914 1236 992 si,
1291 914 1390 976 vel
1442 911 1524 976 ob
1578 912 1899 996 copiosam
1950 912 2283 995 sanguinis
2328 912 2651 995 jacturam
2706 935 2915 996 quam

693 1019 1042 1082 curationis
1074 1018 1346 1080 decursu
1383 1038 1606 1100 passus
1636 1023 1735 1080 est
1780 1037 1989 1098 aeger,
2021 1017 2121 1080 vel
2150 1038 2227 1079 ex
2257 1016 2554 1079 vomendi
2600 1016 2917 1098 frequen-

692 1122 786 1185 tia
815 1120 1405 1204 dejectionibusque
1445 1119 1516 1181 in
1547 1119 1801 1181 emetici
1830 1119 2025 1202 hujus
2064 1140 2190 1180 usu
2225 1118 2431 1196 factiS,
2464 1119 2563 1181 vel
2608 1141 2687 1180 ex
2718 1141 2913 1200 prae-

694 1225 864 1286 senti
903 1223 1194 1306 ejusdem
1239 1219 1566 1308 civrvpeflq„
1600 1221 1700 1284 vel
1746 1243 1823 1283 ex
1866 1219 2198 1309 debilitate
2244 1221 2401 1303 ejuS,
2432 1221 2535 1284 vel
2565 1241 2643 1283 ex
2674 1221 2913 1284 Febris

685 1328 824 1411 jam
868 1327 1252 1390 declinantis
1295 1332 1637 1401 vetustate,
1670 1324 1925 1386 nullum
1961 1325 2099 1407 jam
2144 1325 2418 1407 supersit
2456 1325 2528 1387 in
2565 1334 2915 1407 posterum

389 1444 631 1520 Nonnun5
693 1429 1112 1493 concitandae
1141 1428 1378 1491 nimiae
1409 1426 1805 1491 ebullitionis
1835 1425 2229 1509 periculum3
2276 1432 2439 1503 tum,
2464 1435 2648 1489 metu
2674 1429 2915 1508 procul

389 1525 537 1570 ‘¹⁰⁸⁰‘
554 1517 644 1557 ‘³²¹‘
689 1532 933 1610 habito,
966 1533 1101 1596 vice
1129 1532 1399 1594 haustus
1439 1530 1834 1614 praescripti,
1867 1529 2226 1593 Diascordii
2256 1529 2409 1591 satis
2431 1529 2681 1610 largam
2712 1529 2913 1592 dosin

389 1590 466 1621 am
495 1573 615 1621 Dia-

387 1639 539 1685 seord.
565 1639 648 1686 do-
691 1637 792 1699 vel
833 1635 1245 1719 impermixti,
1276 1634 1374 1697 vel
1421 1655 1625 1717 aquae
1671 1633 1862 1697 alicui
1906 1633 2234 1696 cardiacae
2280 1632 2523 1709 sociati,
2556 1631 2911 1696 exhiberes

388 1703 456 1748 sis
474 1702 590 1750 satis
698 1740 710 1753 .
1751 1736 1762 1748 .
2745 1735 2758 1746 .

387 1765 522 1826 larga
539 1782 666 1829 prae.
685 1738 923 1823 Jubeo:
969 1739 1366 1821 praeclarum
1412 1757 1566 1799 sane
1596 1735 2159 1812 medlcamentum,
2191 1733 2383 1797 modo
2426 1755 2503 1797 ea
2533 1741 2913 1816 quantitate

386 1831 638 1879 scribenda
694 1840 1076 1920 exhibueriS,
1153 1861 1315 1922 quae
1387 1838 1656 1902 remedii
1726 1838 1943 1922 potius
2017 1856 2212 1919 quam
2283 1836 2461 1900 tituli
2520 1857 2911 1900 mensuram

384 1901 472 1942 est.
692 1942 978 2025 impleat.

386 2052 657 2165 {qu-uf
792 2044 954 2127 [19.]
1014 2043 1144 2106 Hic
1215 2049 1433 2106 autem
1493 2042 1637 2120 loci,
1697 2041 2071 2126 priusquam
2140 2040 2221 2104 de
2280 2040 2566 2104 emeticis
2642 2040 2913 2104 dicendi

387 2182 532 2229 Croci
555 2182 665 2230 Me·
691 2147 888 2208 finem
917 2145 1168 2222 faciam,
1193 2145 1735 2228 praetereundum
1754 2165 1888 2207 non
1918 2150 2035 2220 est,
2058 2144 2322 2206 omnino
2344 2150 2563 2206 tutum
2587 2165 2729 2206 non
2756 2165 2911 2207 esse

385 2246 618 2357 ἷῗέῑὶῃῑέξέ·
699 2250 950 2331 (saltem
979 2249 1050 2311 in
1091 2247 1212 2311 hac
1241 2248 1446 2311 Febre
1455 2245 1528 2329 ‘¹,)
1564 2246 1903 2311 vomitoria
1932 2267 2011 2310 ex
2039 2246 2363 2310 infusione
2402 2247 2569 2310 croci
2603 2247 2911 2311 metallo-

389 2373 666 2422 adolescen-
692 2372 839 2414 rum
883 2358 1109 2434 parata
1152 2351 1456 2433 puerulis,
1501 2350 1726 2414 ullisve
1766 2349 1937 2413 infra
1976 2348 2471 2413 adolescentiam
2501 2350 2906 2428 constitutiS,

389 2439 647 2550 2333*
691 2454 792 2519 vel
821 2455 1090 2518 minima
1125 2455 1485 2538 quantitate
1529 2454 1849 2518 exhibere.
1949 2453 2261 2535 Optarem
2289 2452 2589 2535 equidem
2616 2459 2695 2515 ut
2724 2452 2909 2517 illius

389 2575 494 2615 tuto
516 2568 654 2615 exhi·
689 2559 830 2622 loco
859 2558 986 2621 alia
1012 2557 1199 2621 nobis
1227 2558 1488 2635 tutiora,
1515 2555 1627 2619 sed
1658 2557 1811 2619 satis
1841 2556 2103 2619 interim
2135 2556 2431 2633 efficacia,
2453 2562 2902 2639 suppeterent,

381 2634 568 2683 beatur.
694 2682 854 2743 quae
885 2660 1220 2724 humorem
1242 2660 1437 2737 hunc,
1461 2659 1532 2722 in
1557 2659 1779 2722 Febris
1803 2658 2231 2721 declinatione
2253 2659 2387 2721 fere
2410 2670 2694 2742 sempere
2725 2658 2903 2722 diar-

691 2763 954 2827 rhoeam
1014 2763 1446 2840 minitantem,
1497 2761 1807 2824 radicitus
1860 2760 2176 2843 extirpare
2222 2761 2423 2843 possit
2446 2787 2465 2839 3
2512 2762 2610 2825 vel
2664 2761 2905 2825 saltem

689 2873 765 2930 ut
794 2868 1264 2931 medicamento
1295 2865 1508 2948 aliquo
1537 2864 1770 2927 idoneo
1802 2884 2013 2926 acrem
2036 2864 2227 2925 istam
2256 2864 2597 2927 materiam
2628 2866 2905 2947 ejusque

689 2970 820 3032 vim
863 2971 1245 3033 corrosivam
1279 2968 1376 3031 ita
1412 2973 1667 3030 mutare
1694 2966 1917 3029 liceret
1946 2987 2019 3028 ac
2049 2972 2357 3044 retexere,
2387 2973 2465 3029 ut
2494 2988 2904 3031 commovere

690 3073 1092 3137 diarrhoeam
1128 3070 1446 3153 nequiret.
1541 3068 1806 3151 Saepius
1845 3068 2129 3151 profecto
2158 3067 2320 3130 mihi
2350 3069 2699 3131 molestum
2728 3068 2902 3132 illud

691 3174 942 3252 accidit,
965 3173 1135 3256 quod
1158 3172 1239 3235 ad
1267 3172 1549 3235 infantes
1571 3192 1929 3254 puerosque
1952 3169 2157 3233 Febre
2180 3179 2503 3253 correptos
2526 3171 2900 3249 accersitus,

688 3275 1146 3339 indicationem
1177 3274 1495 3357 conspexi,
1517 3294 1679 3356 quae
1710 3273 1969 3355 quidem
1998 3272 2452 3337 medicamenti
2470 3294 2661 3335 usum
2691 3273 2903 3337 suasit

691 3378 872 3460 cujus
900 3398 1020 3460 ope
1051 3384 1232 3440 extra
1265 3376 1622 3459 periculum
1665 3375 1961 3439 collocari
2002 3376 2405 3457 potuissent;
2453 3375 2624 3458 quod
2668 3382 2903 3438 tamen

691 3478 1010 3557 exhibere,
1039 3480 1280 3542 veritus
1308 3478 1670 3542 infaeiicem
1702 3478 1966 3556 exitum,
1998 3498 2135 3540 non
2167 3498 2312 3539 sum
2342 3498 2554 3540 ausus.
2643 3476 2899 3539 Verum

689 3583 760 3645 in
792 3581 1028 3645 adultis
1056 3582 1305 3645 nullam
1344 3581 1496 3646 inde
1525 3603 1763 3644 noxam
1789 3580 2103 3643 hactenus
2135 3579 2481 3657 observavi,
2510 3578 2702 3643 modo
2741 3600 2899 3642 cum

689 3683 1096 3751 cautionibus
1124 3683 1466 3767 praedictis
1496 3684 1843 3748 emeticum
1872 3682 2269 3765 propinetur.

788 3787 950 3871 [20]
1005 3787 1328 3851 Vomendi
1373 3786 1699 3850 exantlato
1758 3785 2039 3867 negoti0,
2083 3783 2245 3847 illud
2303 3804 2559 3846 mecum
2621 3784 2897 3848 ulterius

690 3890 1040 3972 disquirere
1084 3891 1274 3969 soleo,
1311 3896 1553 3966 utrum,
1598 3887 2120 3952 evacuationibus
2162 3887 2552 3969 praegressis
2595 3908 2732 3950 non
2775 3886 2895 3951 ob-

688 3992 1031 4072 stantibus,
1077 3994 1340 4077 sanguis
1389 3992 1746 4056 etiamnum
1791 3991 1949 4055 adeo
1994 3996 2324 4054 exaestuet
2367 3996 2443 4052 ut
2485 3989 2659 4053 illius
2704 3990 2895 4053 effer-

687 4098 1043 4163 vescentiae
1061 4097 1297 4161 limites
1315 4096 1527 4160 adhuc
1542 4095 1826 4179 ponendi
1844 4094 1995 4173 sint,
2016 4115 2091 4159 ac
2109 4094 2443 4157 sufflamen
2464 4093 2837 4157 addendum
2846 4095 2894 4172 ’ς

755 4266 778 4298 b
809 4271 900 4331 Aq.
937 4270 1068 4325 Mir„
1113 4272 1216 4331 Syr.
1262 4272 1318 4316 de
1353 4270 1491 4324 Meo„
1527 4284 1618 4315 ana
1652 4266 1745 4329 35&
1896 4272 1917 4295 ²
1949 4265 2148 4327 semper]
2167 4268 2258 4313 nisi
2266 4264 2396 4327 forte
2413 4281 2547 4312 verno
2566 4272 2761 4325 tempore
2780 4264 2893 4313 add.

690 4332 795 4381 edd.
821 4334 917 4389 ’66,
941 4335 1038 4389 ’68,
1063 4333 1158 4383 ’76.
1831 4331 1903 4377 ed.
1931 4332 2025 4378 ’66-

755 4403 774 4425 ²
807 4396 1041 4459 exhibere]
1067 4401 1224 4445 —beri
1247 4396 1350 4443 edd.
1370 4397 1466 4453 ’66,
1492 4396 1587 4443 ’68.
1893 4394 1911 4423 ¹
1936 4398 2166 4455 sufflamen
2200 4396 2383 4450 addere,
2416 4394 2447 4439 i.
2487 4409 2530 4456 q.
2565 4395 2893 4453 seffaminare,

755 4464 778 4497 ἃ
810 4464 970 4509 saltem
989 4457 1094 4524 ξω]
1120 4477 1216 4509 om.
1241 4461 1344 4509 edd.
1365 4462 1459 4517 ’66,
1485 4460 1583 4519 ’68,
1609 4458 1701 4509 ’76.
1828 4475 1891 4506 sc.
1916 4462 2133 4517 coercere,
2158 4462 2415 4519 reprimere.
