3138 5006
655 278 737 346 xx'
769 299 774 306 ·
1283 281 1693 349 THOMAE·
1722 281 2239 350 SYDENHAM

353 465 622 515 Hmonu
657 450 962 514 nocentia
996 447 1342 530 adnotare,
1357 449 1715 516 semmdum
1744 449 2054 515 adnotata
2080 449 2480 516 curationem
2506 447 2859 514 reformare

375 531 610 643 1⁴¹g¹³¹¹⁸·
659 552 904 617 solebat
945 553 1014 639 [ξ
1045 553 1215 638 20.].

477 607 550 645 ΞΑ.

745 653 1149 721 Constitutio
1203 653 1412 741 prima
1465 654 1536 740 [i.
1582 653 1677 740 3.]
1734 655 2045 721 Febribus
2088 651 2596 721 Autumnalibus
2640 653 2859 718 Inter-

651 759 1086 840 mittentibus,
1139 758 1372 826 deinde
1417 759 1763 825 Continuis
1819 758 2139 842 malignis,
2190 759 2407 838 fiebat,
2462 779 2627 842 quae
2670 778 2869 841 prae-

655 861 888 945 gressis
935 861 1532 927 Intermittentibus
1584 862 1739 926 satis
1792 861 2067 946 analoga
2114 867 2301 926 esset.
2411 860 2738 924 Naturam
2782 859 2861 923 in

654 962 796 1029 istis
841 964 1243 1030 diarrhoea-m
1285 964 1416 1029 fere
1458 965 1681 1029 civisse
1736 966 1821 1050 [c.
1852 965 1915 1029 4.
1966 966 2002 1050 §
2049 963 2143 1048 9.]
2175 989 2197 1043 3
2254 985 2325 1028 se
2365 963 2681 1030 vomitum
2718 982 2857 1026 mo-

653 1067 838 1147 visse,
890 1090 931 1132 a
981 1091 1108 1152 quo
1153 1074 1404 1133 cert-um
1452 1068 1749 1132 levamen
1800 1065 1887 1132 sit
1932 1072 2227 1131 secutum
2282 1066 2349 1153 [ᾗ
2386 1067 2465 1129 11
2498 1065 2623 1150 sq.]
2650 1089 2671 1146 3
2714 1070 2855 1129 tm·-

654 1170 884 1234 batum
949 1191 1027 1236 eo
1090 1171 1340 1236 vomitu
1402 1169 1835 1236 ventriculum
1900 1167 2275 1252 paregorico
2344 1167 2618 1247 sedasse,
2683 1166 2855 1251 quod

654 1271 898 1357 ubique
927 1274 1171 1339 solebat
1200 1294 1276 1337 eo
1305 1272 1410 1340 die
1454 1273 1627 1352 dare,
1660 1293 1789 1356 quo
1816 1270 2135 1337 vomitum
2167 1275 2476 1351 moverat,
2505 1290 2675 1336 novo
2700 1289 2856 1334 con-

657 1375 800 1440 silio
859 1377 927 1463 [ᾇ
979 1377 1112 1462 17.]
1145 1403 1165 1455 3
1237 1383 1400 1444 tunc
1457 1380 1783 1464 clyster-es,
1836 1399 2072 1463 eosque
2130 1399 2317 1462 saepe
2364 1376 2694 1464 repetitos,
2742 1377 2861 1442 ad·-

653 1478 1006 1550 ministrari
1037 1480 1310 1572 jubebat
1371 1482 1439 1569 [§
1488 1483 1627 1567 21.]
1659 1509 1676 1560 3
1725 1489 1791 1547 et
1842 1481 2135 1547 cardiaca
2177 1481 2403 1546 morbo
2446 1486 2747 1565 superato
2776 1499 2858 1544 ex

655 1581 838 1666 aquis
878 1583 1240 1648 aromaticis
1281 1585 1478 1649 mista
1535 1585 1603 1673 [ξ
1636 1587 1719 1650 25
1754 1585 1879 1670 sq.]
1908 1611 1927 1664 3
1988 1590 2421 1670 symptomata
2459 1584 2527 1671 [ξ
2558 1585 2641 1647 41
2676 1583 2803 1668 sq.]
2835 1609 2857 1662 3

655 1684 956 1750 adversus
984 1683 1418 1770 phrenitidem
1439 1687 1637 1754 dabat
1664 1688 2021 1754 laudanum
2050 1709 2242 1752 suum
2270 1687 2559 1773 opiatum
2591 1687 2659 1774 [§
2682 1687 2854 1771 44.].

652 1788 1174 1854 Intermittentes
1213 1790 1648 1855 Autumnales
1684 1789 2067 1856 difficiliores
2108 1809 2265 1867 esse,
2297 1809 2461 1872 quae
2498 1807 2711 1872 neque
2746 1809 2853 1852 ve-

653 1893 1156 1958 nae-sectionem
1183 1893 1416 1972 ferant,
1438 1913 1652 1978 neque
1680 1892 2134 1978 purgationem
2166 1891 2250 1976 [c.
2284 1893 2347 1955 5.
2382 1891 2419 1977 §
2450 1890 2565 1975 29]
2596 1915 2617 1969 3
2662 1892 2854 1955 corti-

651 2015 794 2060 cem
823 1993 1257 2059 Peruvianum
1284 2016 1421 2059 non
1450 1995 1685 2060 debere
1725 1994 1863 2059 dari
1902 1993 2030 2058 nisi
2070 1992 2299 2059 morbo
2331 1992 2599 2078 paulum
2626 1991 2853 2071 fracto,

651 2100 814 2160 tunc
858 2095 1086 2159 utilem
1129 2096 1423 2161 futurum
1473 2099 1540 2185 [ᾗ
1580 2098 1719 2182 34.]
1746 2123 1766 2177 3
1812 2097 2127 2163 Vernales
2172 2102 2403 2182 sponte
2447 2095 2581 2160 fere
2627 2095 2854 2160 cedere

664 2198 732 2284 [ᾗ
769 2197 902 2282 16.]
927 2223 952 2277 3
1004 2199 1200 2281 (quod
1226 2200 1420 2284 longe
1448 2201 1637 2265 aliter
1664 2188 1967 2266 cecidisse
1992 2199 2144 2281 vidi,
2167 2205 2247 2263 ut
2273 2196 2505 2283 viginti
2534 2203 2680 2283 post
2706 2219 2853 2284 par-

654 2321 950 2385 oxysmos
993 2303 1229 2367 cortice
1265 2304 1626 2369 Peruviano
1669 2325 1829 2390 opus
1878 2302 2075 2368 fuerit
2091 2305 2136 2386 3)
2212 2303 2283 2367 in
2332 2302 2671 2369 Quartana
2714 2321 2859 2366 cor-

652 2403 849 2468 tieem
875 2403 948 2467 in
975 2426 1200 2488 parvas
1231 2405 1413 2472 doses
1437 2407 1713 2472 divisum
1741 2407 1883 2472 dari
1910 2406 2144 2472 debere
2184 2406 2253 2493 [ξ
2284 2404 2455 2493 35.].

736 2508 825 2573 In
869 2508 1152 2574 secunda
1189 2510 1671 2578 Constitutione
1710 2514 1920 2578 Pestis
1951 2512 2381 2577 Londinensis
2418 2512 2715 2595 tangitur
2753 2511 2851 2596 [ii.

650 2610 776 2694 2.],
801 2632 994 2695 quam
1023 2612 1320 2677 eamdem
1340 2614 1695 2679 Nathaniel
1726 2613 2029 2699 Hodges⁶
2058 2614 2413 2697 descripsit,
2446 2614 2689 2679 Noster
2716 2634 2853 2678 non

651 2712 832 2776 vidit.
943 2713 1178 2779 Febres
1228 2716 1699 2783 Pestilentiales
1756 2738 1899 2782 eam
1943 2722 2427 2802 praecesserunt
2474 2722 2541 2781 et
2592 2711 2853 2781 secutae

651 2821 807 2880 sunt
867 2816 936 2901 [ξ
989 2817 1131 2900 3.]3
1191 2818 1263 2882 in
1322 2818 1637 2904 principio
1680 2819 1835 2884 mali
1882 2806 2129 2885 Auctor
2184 2820 2340 2903 (non
2390 2818 2525 2883 viso
2574 2818 2855 2900 morbo,)‘

649 2918 1231 2987 venae-sectionem
1265 2924 1611 3007 repetitam
1654 2923 1968 3009 profuisse
2013 2922 2236 2989 didicit
2291 2924 2359 3010 [ξ
2398 2925 2484 2989 26
2514 2922 2671 3007 sq.],
2702 2943 2855 2987 cum

649 3024 856 3089 victus
891 3022 1145 3092 ratione
1175 3028 1686 3112 antipleuritica3
1730 3029 1934 3095 altera
1968 3050 2111 3114 spes
2140 3028 2211 3093 in
2240 3027 2447 3093 calido
2476 3027 2709 3093 sudore
2736 3048 2858 3111 per

651 3136 928 3214 quatuor
956 3151 1031 3195 ac
1057 3130 1288 3215 viginti
1316 3133 1506 3198 horas
1535 3133 1917 3200 continuato
1944 3135 2309 3220 ponebatur
2347 3133 2417 3220 [ξ
2444 3136 2533 3197 43
2564 3133 2691 3217 sq.]
2705 3178 2723 3197 .

736 3234 823 3297 In
849 3232 1046 3298 tertia
1073 3233 1555 3301 Constitutione
1584 3237 1957 3321 plenissima
1994 3244 2093 3301 est
2121 3236 2391 3301 historia
2417 3234 2851 3314 Variolarum,

659 3332 779 3418 [iii.
798 3328 905 3418 '2.]
916 3382 936 3412 ,
982 3354 1140 3418 quas
1178 3334 1424 3401 Noster
1460 3338 1706 3423 primus
1750 3338 2046 3424 explicite
2082 3339 2158 3404 in
2198 3338 2527 3404 Discretas
2569 3343 2637 3401 et
2679 3337 2851 3402 Con-

649 3436 926 3502 fluentes
969 3439 1303 3523 separavit,
1335 3446 1402 3505 et
1440 3442 1726 3507 utriusve
1770 3443 2023 3527 generis
2070 3448 2518 3527 symptomata,
2560 3448 2849 3519 eventus,

649 3540 990 3624 crisesque,
1027 3546 1094 3605 et
1133 3542 1534 3609 curationem
1574 3544 1869 3609 distinxit
1916 3545 1987 3632 [ξ
2023 3548 2081 3610 1.
2114 3545 2239 3630 sq.]
2255 3591 2270 3608 .
2346 3544 2675 3609 Discretas
2716 3543 2855 3607 fere

648 3641 944 3708 Naturae
973 3645 1320 3710 committit
1361 3648 1428 3734 [ξ
1452 3650 1538 3711 46
1560 3649 1684 3735 sq.]
1713 3672 1733 3727 3
1779 3648 2265 3713 Confluentium
2295 3646 2579 3732 pericula
2606 3645 2853 3711 indicat

659 3746 730 3832 [ξ
762 3746 899 3829 50.]
929 3772 948 3825 3
991 3768 1225 3812 venam
1265 3756 1457 3830 secat,
1489 3752 1763 3815 emetica
1805 3750 1937 3831 dat,
1969 3750 2270 3835 anodyna
2322 3750 2434 3835 [ξξ
2466 3750 2571 3827 36,
2603 3748 2710 3829 48,
2742 3750 2850 3829 53,

652 3848 790 3932 61.]
806 3896 821 3913 .
911 3848 1136 3915 Febris
1164 3851 1500 3917 Variolosa
1527 3852 1768 3938 absque
1798 3853 2134 3939 eruptione
2176 3854 2258 3937 [c.
2290 3852 2385 3935 3.]
2400 3898 2419 3917 .

741 3951 992 4018 Quarta
1029 3953 1427 4020 Const'itutio
1466 3955 1909 4041 Dysenterica.
2002 3958 2087 4021 In
2134 3978 2213 4021 ea
2256 3955 2531 4021 Cholera
2576 3954 2855 4019 Morbus

659 4054 770 4140 [iv.
803 4056 898 4139 2.]
926 4080 948 4135 3
995 4076 1187 4141 quem
1227 4063 1379 4123 ante
1419 4059 1747 4144 Hispanos
1784 4056 2038 4145 jusculo
2066 4060 2393 4145 pullorum
2420 4058 2607 4125 tenui
2635 4078 2753 4142 per
2778 4078 2853 4123 os

651 4158 970 4239 adsumto,
1002 4166 1069 4225 et
1100 4182 1218 4245 per
1261 4162 1566 4247 clysteres
1611 4163 1871 4248 injecto,
1918 4160 2241 4228 debellare
2280 4169 2559 4227 conatur
2612 4160 2681 4247 [ξ
2726 4160 2819 4245 3.]
2834 4210 2851 4226 .

650 4262 737 4325 In
765 4260 1152 4347 Dysenteria
1178 4284 1412 4329 venam
1455 4271 1649 4345 secat,
1681 4265 1897 4331 alvum
1928 4265 2126 4344 ducit,
2158 4264 2487 4330 narcotica
2522 4259 2635 4328 dat
2668 4260 2755 4349 [c.
2787 4267 2849 4329 3.

655 4365 691 4448 ξ
724 4366 766 4427 8
795 4364 919 4449 sq.]
947 4390 967 4443 3
1013 4364 1084 4429 in
1112 4366 1488 4431 tenesmode
1529 4368 1738 4453 specie
1778 4370 1914 4433 solo
1954 4389 2095 4433 sero
2139 4366 2324 4432 lactis
2353 4365 2582 4445 utitur,
2616 4366 2853 4431 iterum

683 4498 704 4521 ·
726 4495 879 4541 Pestis
896 4510 1108 4555 nuperae,
1119 4498 1248 4556 apud
1262 4497 1372 4556 Pop.
1395 4497 1590 4545 Londin.
1602 4502 1880 4561 grassantis,
1898 4500 2126 4547 Narratio
2142 4498 2401 4553 Histoi-ica,
2418 4498 2523 4544 8vo.
2540 4494 2696 4543 Lond.
2710 4494 2857 4549 16⁷2.
