3138 5006
1243 1121 1420 1171 VIRO

256 1254 413 1302 TAM
446 1253 767 1304 VIR-TUTE
807 1252 1019 1304 QUAM
1057 1252 1519 1302 ERUDITIONE
1556 1242 1900 1302 UNDIQUE
1937 1250 2438 1300 coNsUMMA'ro

742 1403 1111 1478 CAROLO
1204 1401 1672 1495 GOODALL,
1765 1403 1956 1477 M.D.

950 1623 955 1628 ,
978 1571 1127 1605 com..
1162 1571 1289 1605 nnn.
1328 1558 1503 1605 nom).⁸
1520 1570 1688 1604 soem.

331 1672 550 1738 CUM
565 1696 637 1737 ea
666 1696 821 1760 quae
847 1675 920 1736 de
936 1674 1130 1737 Febre
1146 1676 1484 1758 praesentis
1506 1674 1750 1758 hujusce
1778 1671 2230 1736 Constitutionis
2250 1695 2442 1756 nuper

232 1778 632 1853 observaram,
684 1780 751 1840 in
790 1778 1100 1861 publicum
1148 1777 1316 1838 edere
1366 1785 1706 1852 statmrm,
1769 1776 1913 1838 Tibi
1956 1797 2116 1858 prae
2173 1775 2440 1848 caeteris,

250 1881 361 1943 Vir
418 1880 834 1957 ornatissime,
888 1881 1142 1964 opellam
1193 1881 1355 1944 hanc
1405 1901 1600 1942 meam
1649 1880 1974 1941 dicandam
2031 1900 2153 1940 esse
2196 1880 2439 1942 censui:

232 1985 409 2070 idque
453 1986 523 2048 ob
573 1986 731 2048 duas
776 1987 1150 2070 potissimum
1202 1987 1467 2049 rationes
1516 1985 1667 2046 mihi
1697 1983 2061 2067 faciendum
2105 1973 2438 2044 uidebatur.

230 2088 535 2164 Primum,
567 2088 744 2172 quod,
777 2110 912 2150 cum
941 2089 1339 2151 amicissimus
1368 2087 1521 2150 milti
1542 2087 1645 2162 sis,
1684 2107 1870 2147 comes
1901 2085 2236 2147 indivulsus
2266 2084 2444 2146 lateri

230 2211 459 2272 semper
515 2189 780 2268 haesisti,
838 2211 1043 2274 meque
1117 2189 1254 2251 Tuo
1291 2191 1537 2273 juvasti
1581 2189 1927 2272 patrocinio
1984 2195 2195 2250 contra
2243 2209 2442 2250 omnes

230 2301 519 2377 quotquot
544 2314 606 2354 se
633 2294 788 2355 mibi
821 2296 1061 2376 uspiam
1091 2292 1476 2376 objecerant&
1583 2292 1765 2369 Quod
1791 2313 1909 2354 non
1941 2299 2068 2353 tam
2106 2293 2224 2352 mei
2249 2292 2444 2376 ipsius

225 2397 437 2477 qratia
457 2396 839 2478 praestabas,
869 2417 1053 2481 quam
1094 2419 1166 2457 ex
1206 2399 1435 2459 incocto
1467 2417 1751 2480 qeneroso
1779 2397 2016 2479 pectori
2041 2395 2299 2472 homno,
2331 2395 2443 2456 hoc

233 2508 337 2575 est,
368 2522 439 2560 ex
468 2521 687 2582 maqno
715 2501 1020 2585 proboque
1046 2503 1268 2581 anim0,
1300 2503 1407 2587 qui
1447 2501 1592 2564 Tibi
1618 2500 1840 2564 author
1858 2500 2002 2583 fuit
2030 2509 2110 2562 ut.
2130 2501 2372 2563 veritati
2399 2523 2442 2563 a

248 2600 339 2661 Te
383 2602 653 2685 coqnitae
698 2612 1142 2688 compertaeque
1185 2607 1467 2667 assentiri
1506 2604 1680 2669 baud
1718 2604 2043 2683 dubitares,
2083 2606 2264 2667 etiam
2305 2625 2441 2667 cum

235 2727 433 2768 omnes
452 2706 599 2787 sere
635 2707 897 2767 omnium
927 2706 1035 2789 qui
1071 2727 1193 2767 rem
1240 2704 1551 2767 Medicam
1597 2705 1946 2767 tractabant
1979 2704 2220 2789 linquae
2253 2707 2318 2767 in
2352 2728 2446 2767 me

236 2832 423 2873 unum
467 2818 913 2871 escacuerentur.
1018 2807 1253 2884 Quibus
1296 2816 1495 2869 tamen
1540 2828 1660 2869 non
1703 2815 1792 2868 est
1833 2807 1996 2891 quod
2020 2809 2276 2884 irascar,
2307 2806 2446 2892 (nec

235 2915 469 2975 irascor
512 2910 711 2996 sane,)
740 2910 1239 2995 quandoquidem,
1270 2930 1407 2971 cum
1452 2919 1539 2972 tot
1581 2930 1838 2993 nequam
1881 2909 2242 2985 medicastri,
2285 2930 2445 2973 cere-

235 3019 411 3080 brosa
439 3039 555 3080 sua
584 3017 817 3078 somnia
861 3023 919 3076 et
936 3014 1245 3097 flymenta
1284 3012 1654 3074 venditantes
1693 3032 1810 3095 quo
1833 3012 2086 3094 famam
2126 3012 2225 3073 sui
2249 3010 2446 3077 latius

233 3133 604 3209 sparqerent,
654 3125 820 3185 toties
864 3122 1085 3184 mundo
1125 3120 1517 3202 imposuerint
1532 3143 1557 3195 ‚-
1597 3120 1718 3202 fas
1761 3122 1998 3183 omnino
2043 3128 2178 3182 erat
2219 3129 2291 3183 ut
2329 3122 2451 3183 viri

234 3230 469 3311 inqenio
517 3236 577 3289 et
602 3226 843 3311 judicio
878 3225 1153 3308 praediti
1202 3244 1320 3285 non
1366 3224 1568 3284 statim
1619 3231 1678 3284 et
1724 3224 1850 3285 sine
1889 3225 2157 3285 examine
2207 3246 2278 3286 ea
2333 3224 2446 3286 ad-

236 3334 551 3407 mitterent,
583 3350 739 3414 quae
782 3349 887 3410 eqo
909 3330 1052 3411 jam
1097 3334 1326 3407 recepto
1359 3346 1624 3408 praxeos
1663 3327 1816 3387 mori
1847 3325 2186 3408 plurimum
2227 3326 2442 3389 adver-

234 3435 441 3495 santia
480 3434 543 3494 in
586 3430 841 3493 medium
878 3427 1274 3513 protuleram.
1387 3427 1525 3504 Quo
1566 3449 1686 3490 non
1731 3429 2014 3504 obstante,
2071 3452 2209 3493 cum
2255 3431 2442 3494 nihilo

250 3535 393 3597 Tibi
434 3539 633 3597 minus
677 3534 935 3607 debeam,
970 3552 1237 3593 mearum
1267 3533 1545 3615 partium
1591 3553 1713 3593 esse
1754 3532 1920 3607 duxi,
1955 3541 2204 3616 qratum
2251 3535 2445 3596 animi

236 3642 350 3701 mei
389 3640 453 3700 in
498 3637 590 3701 Te
634 3635 921 3719 affectum
961 3634 1230 3697 omnibus
1267 3641 1546 3696 testatum
1579 3634 1840 3716 facere,·
1886 3636 2127 3719 quando
2169 3638 2271 3697 vix
2313 3636 2440 3698 alia

236 3744 430 3803 virtus
474 3748 764 3801 naturam
794 3738 1145 3812 humanam,
1175 3737 1263 3798 ad
1290 3736 1608 3820 profectus
1651 3736 1896 3801 ultimas
1940 3747 2128 3803 metas
2161 3746 2438 3813 evectam,

237 3844 356 3904 hac
401 3842 607 3904 deceat
648 3841 844 3924 maqis
862 3866 883 3902 .·
962 3861 1105 3904 nam
1152 3841 1331 3901 sicuti
1371 3860 1535 3923 reyes
1585 3862 1680 3905 eos
1722 3841 1936 3924 quibus
1959 3841 2204 3923 favent,
2252 3840 2444 3903 titulis

236 3955 295 4008 et
322 3946 613 4009 honorum
641 3944 971 4028 insiqnibus
1001 3944 1324 4019 illustrare,
1356 3952 1536 4028 atque
1556 3944 1696 4006 aliis
1715 3944 2152 4027 spectabiliores
2179 3944 2442 4019 reddere,

236 4057 531 4133 sataqunt
547 4078 571 4124 ,·
618 4051 708 4110 ita
754 4046 1029 4123 Natura,
1075 4049 1299 4131 quoties
1344 4047 1503 4109 hunc
1546 4047 1642 4109 vel
1680 4048 1851 4110 illum
1895 4045 2110 4109 humili
2154 4046 2334 4109 turba
2369 4068 2446 4109 ac

229 4174 412 4236 qreqe
462 4152 767 4214 hominum
829 4152 1079 4215 eximere
1127 4150 1396 4225 voluerit,
1442 4150 1898 4234 qratitudinem,
1953 4172 2057 4211 ceu
2113 4150 2444 4215 excelsioris

229 4258 397 4340 qenii
424 4264 626 4318 notam
658 4276 735 4317 ac
764 4254 1187 4329 characterem,
1220 4254 1364 4316 solet
1389 4250 1785 4338 imprimereb.
1877 4253 2094 4316 Altera
2123 4255 2301 4330 ratio,
2332 4275 2444 4317 cur

238 4362 386 4424 haec
445 4362 587 4424 Tibi
628 4362 1011 4443 potissimum
1066 4361 1406 4436 inscribam,
1460 4362 1608 4422 haec
1665 4368 1754 4422 est
1767 4383 1788 4421 .·
1835 4360 1998 4445 quod
2049 4359 2286 4435 scilicet,
2321 4382 2444 4445 pro

372 4498 397 4525 ⁸
434 4491 508 4539 cf.
534 4494 729 4541 Dissert.
756 4494 905 4554 Epist.
931 4495 956 4553 5
982 4493 1057 4540 55.
1600 4484 1622 4513 ¹⁵
1661 4487 1734 4535 Cf.
1752 4490 1948 4537 Dissert.
1973 4490 2125 4551 Epist.
2151 4491 2176 4549 5
2205 4490 2310 4538 140.

1288 4574 1328 4634 3
1361 4592 1404 4640 Q
