3138 5006
712 267 843 328 518
1224 264 1644 335 ΤΗΟΜΑΕ
1691 263 2214 338 SYDENHAM

404 444 491 495 D:
502 440 685 493 Fusus
710 426 870 492 nino
897 446 1159 492 necesse
1184 433 1285 491 est
1310 433 1411 491 ut
1420 424 1598 491 dicta
1623 426 1794 491 dosis
1823 434 2049 493 octava
2073 426 2176 491 vel
2203 426 2401 491 etiam
2431 432 2660 493 sexta²
2675 447 2938 511 quaque

422 510 501 559 Pu
468 521 673 623 ''201¹’‘
711 528 873 593 hora
896 534 1247 611 repetatur.

405 642 486 703 ‘De
508 672 624 703 eon·
810 630 945 714 [11.
948 630 977 714 ]
1032 630 1201 695 Οιιιιι
1230 650 1390 697 vero
1412 628 1537 696 sub
1574 628 1822 696 ultimis
1854 628 2068 695 morbi
2099 629 2328 695 diebus
2361 628 2542 693 haud
2573 650 2736 695 raro
2773 630 2932 695 acci-

406 726 520 831 ζινξ
528 790 637 831 t„
626 731 849 809 edat,
892 752 1071 815 &0811
1112 732 1327 798 alvum
1368 730 1631 815 (partim
1674 753 1716 797 a
1755 730 1968 803 morbi
2007 738 2265 809 natura,
2307 730 2546 815 partim
2599 752 2646 795 a
2687 752 2936 814 magna

404 848 583 895 deman
550 862 619 911 up
620 862 689 897 er-
710 836 1231 919 paregorioorum
1270 834 1355 913 vi,
1398 855 1678 918 quorum
1717 854 1908 918 opem
1949 834 2142 918 plane
2187 834 2576 917 deposcebat
2619 834 2936 899 medendi

406 912 647 961 '‘⁹¹²³“oe
710 936 943 1019 r'a'tio,)
956 936 1053 1003 ita
1092 936 1521 1021 constipatam
1562 956 1721 1014 esse,
1750 943 1827 1000 ut
1863 943 2012 1001 tum
2053 936 2188 1003 fere
2233 937 2585 1004 suffocetur
2615 936 2758 1015 ille,
2785 943 2936 1001 tum

712 1038 939 1105 Febris
966 1039 1055 1105 ad
1070 1060 1219 1103 eum
1245 1038 1521 1121 gradum
1549 1037 1912 1105 ascenderit
1937 1045 2015 1103 ut
2037 1039 2178 1123 ,iam
2208 1039 2290 1105 de
2319 1059 2517 1122 aegro
2535 1058 2758 1123 paene
2779 1059 2934 1103 con-

712 1142 1067 1207 clamatam
1094 1141 1425 1220 videatnr3
1470 1140 1634 1209 duro
1669 1141 1825 1207 huic
1861 1140 2038 1207 nodo
2075 1140 2276 1205 durus
2315 1160 2560 1207 cuneus
2599 1141 2936 1225 aptandus

712 1255 813 1317 est
830 1272 854 1326 ς
870 1296 879 1305 .
893 1253 965 1313 et
982 1245 1182 1311 rebus
1207 1244 1301 1311 sio
1326 1245 1672 1324 stantibus,
1693 1246 1888 1330 longe
1913 1246 2134 1313 minus
2162 1268 2358 1331 aegro
2383 1247 2656 1331 periculi
2689 1248 2820 1312 erit
2851 1247 2934 1311 ab

712 1357 1045 1435 assumpto
1080 1349 1435 1416 eathartioo
1474 1348 1784 1427 leniente,
1826 1371 2024 1433 quam
2051 1370 2093 1415 a
2121 1348 2328 1417 Febre
2361 1369 2439 1417 eo
2473 1349 2936 1415 vehementiae

714 1456 799 1523 ab
826 1456 1183 1522 alvinarum
1208 1454 1461 1519 faecum
1486 1452 1854 1519 retentione
1885 1460 2206 1537 provecta.
2284 1454 2418 1519 Hic
2443 1474 2568 1537 ego
2593 1452 2762 1519 satis
2789 1452 2934 1517 feli-

714 1560 881 1629 citer
934 1555 1267 1623 electuarii
1320 1555 1569 1621 lenitivi
1625 1554 2135 1640 sesquiunoiam⁸
2182 1555 2256 1619 in
2305 1574 2512 1638 aquae
2561 1554 2938 1620 stillatitiae

712 1659 1029 1729 tenuioris
1082 1656 1381 1742 (exempli
1438 1656 1666 1741 gratia,
1719 1678 1922 1741 aquae
1979 1656 2263 1735 cichorii‚
2312 1657 2417 1721 vel
2472 1678 2684 1740 aquae
2743 1658 2936 1723 lactis

716 1760 1119 1845 ὠθήτω-ἰωὴ
1166 1759 1377 1825 unciis
1406 1766 1684 1842 quatuor
1715 1760 1995 1825 solutam
2036 1758 2390 1842 propinavi.
2479 1758 2614 1827 Qui
2659 1758 2934 1841 quidem

714 1862 1009 1943 haustus,
1037 1864 1210 1943 lieet,
1238 1869 1385 1926 tum
1412 1860 1499 1926 ob
1526 1862 1654 1927 alvi
1691 1860 2214 1927 constrictionem
2239 1861 2394 1929 huie
2421 1860 2688 1927 affectui
2717 1861 2934 1925 solen·

715 1988 891 2045 ιιοιιι,
916 1972 1067 2031 tum
1100 1966 1301 2031 etiam
1338 1964 1422 2031 ob
1462 1963 1936 2029 diuturniorem
1971 1962 2470 2048 hypnotioorum
2495 1982 2720 2041 usum,
2751 1964 2932 2029 haud

712 2069 811 2133 ita
836 2068 1053 2133 subito
1076 2074 1371 2135 ventrem
1402 2067 1672 2146 exolvat,
1700 2067 2080 2151 plerumque
2116 2074 2360 2146 tamen,
2391 2067 2446 2131 si
2473 2087 2672 2131 mane
2701 2066 2934 2149 deglu-

715 2170 937 2249 tiatur,
960 2176 1115 2235 ante
1140 2176 1400 2235 noctem
1430 2169 2098 2254 dejectiones.aliq11as
2113 2170 2304 2253 parit.
2397 2168 2593 2235 Quod
2619 2168 2684 2233 si
2711 2169 2936 2233 minus

714 2278 1037 2355 praestare
1078 2271 1305 2349 valeat,
1344 2278 1636 2337 attamen
1683 2273 2130 2357 paregorieum
2167 2271 2417 2357 vesperi
2458 2271 2934 2337 assumendum

716 2381 837 2453 est,
875 2374 1008 2439 imo
1042 2382 1109 2439 et
1146 2373 1356 2453 citius,
1394 2397 1531 2441 non
1564 2376 1868 2443 obstante
1899 2375 2286 2441 catha-ticoh
2323 2396 2534 2459 nuper
2567 2384 2932 2460 assumpto,

718 2479 773 2548 si
798 2478 995 2546 modo
1012 2477 1442 2562 inquietudo
1421 2501 1676 2564 mgens,
1699 2485 1814 2546 aut
1843 2480 2178 2564 aegritudo
2205 2478 2457 2564 aliqua
2438 2477 2735 2562 insignis,
2757 2480 2932 2563 peri·

712 2583 933 2648 culum
986 2583 1346 2661 minitetur,
1390 2604 1478 2648 ne
1536 2603 1730 2667 aeger
1782 2583 1910 2649 hoc
1961 2583 2280 2666 praesidio
2335 2583 2714 2661 destitutus,
2765 2582 2936 2646 dum

716 2687 1105 2771 dejectiones
1170 2709 1291 2752 nos
1352 2688 1838 2772 praestolamur,
1897 2687 2044 2752 luce
2098 2688 2404 2771 privetur.
2523 2687 2672 2752 Nee
2731 2709 2936 2771 aeger

718 2790 939 2855 damni
963 2791 1067 2855 vel
1098 2790 1441 2855 minimum
1474 2811 1552 2854 ex
1585 2790 1712 2856 hoc
1741 2795 1882 2856 tam
1913 2789 2048 2853 leni
2083 2789 2435 2854 cathartico
2469 2787 2702 2872 capiet,
2733 2790 2796 2853 si
2831 2792 2934 2854 ni·

714 2889 811 2956 hil
846 2913 1107 2977 prorsus
1146 2893 1379 2958 efficiat
1414 2891 1499 2956 ad
1534 2891 1964 2976 dejectionem
2001 2891 2490 2974 provocandam.
2582 2891 2657 2954 Si
2701 2891 2936 2975 itaque

713 2993 925 3077 primo
966 2993 1073 3058 die
1112 2994 1279 3058 votis
1318 3014 1455 3058 non
1490 2993 1899 3077 respondeat,
1936 2993 2212 3057 iteretur
2251 2992 2540 3076 proxime
2579 2995 2894 3076 sequenti
2911 3021 2936 3072 ;

718 3115 881 3179 quae
910 3096 1193 3160 secunda
1226 3095 1394 3161 dosis
1426 3094 1624 3179 priori
1655 3094 1730 3158 in
1761 3094 2085 3178 suppetias
2115 3093 2288 3172 data,
2315 3093 2640 3158 rarissime
2675 3095 2936 3160 Medici

716 3217 907 3282 opem
952 3195 1405 3262 flustrabitnr:
1480 3202 1549 3262 at
1597 3196 1652 3260 si
1690 3196 1900 3280 primo
1943 3195 2048 3260 die
2083 3195 2156 3260 id
2198 3195 2422 3278 egerit,
2461 3202 2540 3260 ut
2576 3194 2784 3280 hujus
2829 3220 2936 3262 s&

716 3297 947 3362 burrae
1000 3304 1317 3381 quantum
1374 3297 1529 3362 satis
1579 3297 1654 3362 in
1689 3305 2012 3382 'praesens
2061 3306 2181 3376 est,
2199 3306 2206 3314 '
2227 3297 2602 3363 subduxisse
2653 3299 2936 3366 Medico

714 3399 1027 3478 videatur,
1068 3405 1263 3484 atque
1304 3421 1497 3483 aeger
1534 3399 1766 3466 exinde
1807 3401 2040 3464 melius
2081 3421 2154 3466 se
2193 3399 2436 3466 habere
2477 3402 2788 3484 coeperit,
2831 3425 2934 3467 se-

714 3499 927 3564 cunda
980 3499 1151 3565 dosis
1196 3500 1271 3564 in
1320 3500 1495 3564 aliud
1548 3507 1808 3584 tempus
1855 3507 2068 3585 potest
2119 3501 2380 3566 differri.
2479 3502 2648 3586 [12]
2699 3503 2936 3587 Atque

714 3606 837 3672 hac
878 3605 1131 3670 ratione
1168 3610 1309 3668 tam
1352 3603 1781 3668 venae-sectio
1827 3625 2022 3688 quam
2070 3604 2382 3669 catharsis
2423 3625 2542 3688 per
2579 3604 2936 3670 intervalla

715 3707 921 3792 repeti
946 3705 1213 3790 possint,
1246 3712 1441 3790 prout
1469 3705 1692 3770 Febris
1727 3727 1870 3770 mos
1913 3713 2107 3790 atque
2143 3706 2318 3790 aegri
2353 3704 2741 3789 inquietudo
2779 3729 2934 3790 pos-

716 3811 925 3873 tulare
952 3808 1311 3886 videantur,
1335 3807 1539 3872 donec
1566 3807 1836 3872 tandem
1861 3829 1964 3872 res
1991 3809 2062 3872 in
2087 3808 2252 3872 vado
2279 3809 2386 3872 sit.
2467 3807 2936 3874 Veruntamen

714 3912 787 3975 in
830 3911 1191 3976 catharseos
1240 3911 1503 3994 negotio
1546 3911 1714 3975 illud
1761 3911 1964 3995 probe
2003 3911 2219 3976 notari
2258 3911 2471 3989 velim,
2515 3912 2628 3994 (ne
2675 3912 2938 3996 injecta

716 4015 855 4098 ejus
904 4015 999 4078 rei
1052 4013 1301 4080 mentio
1348 4012 1543 4096 longe
1593 4014 1739 4097 plus
1797 4013 2018 4078 damni
2075 4035 2274 4097 qnam
2327 4013 2762 4078 emolumenti
2815 4038 2936 4100 ap-

716 4117 971 4201 portet,)
1034 4119 1303 4200 aegrum
1351 4137 1490 4180 non
1536 4135 1676 4180 esse
1724 4116 2138 4200 purgandum
2193 4115 2322 4180 nisi
2371 4115 2730 4180 facessente
2783 4118 2940 4202 jam

714 4217 961 4298 morbo,
996 4219 1177 4283 verbi
1214 4218 1439 4301 gratia,
1470 4217 1574 4283 die
1603 4219 1854 4284 decimo
1889 4218 2106 4296 tertio,
2139 4225 2256 4282 aut
2294 4238 2516 4283 eorum
2547 4217 2778 4301 aliquo
2819 4222 2946 4304 qui

777 4391 797 4412 ⁸
830 4385 902 4431 vel
920 4385 1057 4430 etiam
1078 4381 1231 4444 setta]
1260 4395 1355 4430 om.
1378 4379 1452 4428 ed.
1476 4381 1574 4430 ⁹86.
1994 4377 2016 4406 δ
2049 4375 2276 4440 cathara]
2297 4379 2572 4441 peregerim
2593 4377 2674 4426 ed.
2697 4377 2808 4428 ⁹86.

776 4455 797 4476 ⁸
830 4445 1189 4508 :ecquinam-iam]
1212 4445 1281 4506 gij
1305 4445 1380 4493 ed.
1408 4445 1501 4492 ⁹86.
