3138 5006
738 263 775 326 1
796 263 841 324 8
1344 258 1736 325 THOMAE
1783 259 2156 326 SYDENH
2165 261 2308 326 AM

446 443 531 492 nn
556 442 691 490 Pon·
732 423 870 509 jam
893 422 976 486 iis
1014 419 1379 506 digerendis
1413 442 1597 505 pares
1632 424 1806 486 sunt.
1897 421 2132 507 Neque
2165 429 2390 488 tamen
2427 421 2600 488 dicta
2623 419 2950 486 voracitas

496 521 656 554 ΛΟΜ·
739 531 805 590 et
847 523 1189 588 liberalior·
1219 523 1509 587 ciborum
1549 523 1830 606 ingestio
1873 525 1968 588 ita
2007 525 2382 609 frequenter
2436 525 2610 608 (licet
2651 523 2722 588 id
2766 522 2952 588 haud

432 4140 689 4191 cmm-10.

736 647 881 690 raro
922 624 1310 708 contigerit)
1356 625 1688 708 Podagrae
1721 626 1892 690 viam
1928 628 2175 707 stravit,
2213 649 2288 693 ac
2323 649 2562 692 vesana
2603 633 2672 692 et
2707 627 2948 691 immo-

739 727 1017 794 deratior
1065 727 1199 792 vini
1248 728 1658 812 compotatio,
1701 729 1878 793 unde
1929 729 2251 795 fermenta
2299 729 2698 796 coctionibus
2748 730 2946 794 variis

740 833 954 898 dicata
988 831 1245 916 penitus
1284 838 1804 917 prosternuntur,
1841 832 2348 917 praecipitantur
2381 833 2558 919 ipsae
2595 834 2942 914 coctiones,

740 942 808 1001 et
850 935 1113 1019 spiritus
1156 935 1484 999 naturales
1528 933 1610 999 ab
1653 935 1980 1001 halituum
2023 935 2520 1002 adventitiorum
2563 937 2746 1022 copia
2789 936 2940 1002 sub·

732 1039 1053 1123 jugantur
1101 1037 1712 1122 dispergunturque.
1800 1038 1844 1102 J
1844 1060 1953 1102 am
2000 1059 2152 1103 vero
2203 1059 2352 1103 cum
2399 1059 2536 1103 uno
2586 1039 2942 1122 eodemque

738 1149 1030 1225 tempore
1065 1147 1133 1204 et
1162 1139 1503 1224 spirituum
1544 1139 1679 1223 (qui
1715 1140 2021 1206 coctionis
2059 1141 2497 1207 instrumenta
2529 1143 2726 1226 sunt,)
2761 1142 2942 1224 vigor

740 1243 1184 1323 imminuatur,
1230 1249 1425 1326 atque
1464 1243 1732 1326 insuper
1771 1241 2004 1326 ingens
2053 1244 2403 1310 humorum
2449 1244 2750 1310 colluvies
2794 1266 2944 1309 san·

744 1343 1008 1428 guinem
1048 1343 1385 1428 opprimat,
1426 1343 1693 1410 omnino
1729 1366 1988 1410 necesse
2027 1349 2126 1411 e'st
2168 1354 2248 1411 ut
2285 1348 2578 1431 singulae
2617 1347 2942 1412 coctiones

742 1448 921 1512 haud
974 1448 1100 1512 rite
1148 1455 1561 1532 peragantur,
1607 1447 1766 1512 dum
1814 1447 1909 1514 ita
1956 1448 2324 1515 obruuntur
2373 1451 2631 1534 singula
2677 1451 2942 1531 viscera,

741 1551 919 1614 unde
978 1550 1237 1634 spiritus
1287 1550 1539 1634 jamdiu
1596 1551 1968 1616 fatiscentes
2024 1574 2200 1617 nunc
2257 1553 2456 1619 etiam
2505 1553 2941 1618 suffocantur:

742 1674 899 1718 nam
958 1653 1013 1716 si
1064 1674 1103 1717 a
1152 1652 1287 1718 sola
1343 1653 1691 1738 spirituum
1749 1653 2081 1720 debilitate
2129 1655 2442 1740 penderet
2489 1655 2598 1722 hic
2655 1655 2942 1734 morbus,

743 1755 1045 1834 infantes,
1111 1755 1444 1835 foeminas,
1504 1764 1700 1841 atque
1765 1776 1874 1822 eos
1939 1779 2100 1842 quos
2169 1758 2505 1844 aegritudo
2573 1759 2946 1824 diuturnior

740 1859 1105 1937 maceravit,
1145 1859 1387 1943 pariter
1428 1859 1797 1937 invaderet;
1843 1880 1995 1923 cum
2028 1860 2163 1924 fere
2191 1859 2608 1926 virosissimos
2655 1869 2960 1944 quosque·

740 1963 1088 2042 adoriatur,
1126 1969 1193 2028 et
1232 1961 1694 2028 robustissimis
1726 1970 2000 2028 naturae
2035 1963 2362 2048 principiis
2393 1964 2742 2048 praeditos,
2781 1986 2944 2048 quos

738 2071 963 2130 tamen
990 2086 1125 2129 non
1154 2065 1528 2150 aggreditur
1556 2064 1762 2130 donec
1797 2065 2024 2131 caloris
2065 2073 2131 2132 et
2167 2067 2513 2151 spirituum
2542 2068 2944 2132 naturalium

741 2165 1064 2230 defectum
1098 2165 1227 2230 sive
1258 2165 1774 2246 declinationem,
1803 2167 2152 2234 humorum
2183 2189 2436 2254 quoque
2463 2170 2796 2254 congestio
2833 2192 2944 2236 ex-

740 2265 955 2351 cipiat,
1001 2289 1042 2330 a
1088 2267 1321 2350 quibus
1364 2269 1559 2333 simul
1602 2269 1849 2353 junctis
1893 2271 2339 2338 concoctiones
2383 2272 2644 2338 vitiatae
2685 2295 2944 2359 perver-

739 2377 993 2437 tuntur.

837 2476 1004 2562 [19.]
1058 2475 1277 2555 Porro,
1320 2483 1398 2542 ut
1456 2497 1796 2543 causarum
1856 2501 2014 2564 quas
2072 2477 2585 2545 enumeravimus
2643 2477 2948 2563 singulae

738 2580 1240 2666 indigestionem
1303 2588 1773 2665 promoverant,
1831 2582 1928 2646 ita
1993 2602 2217 2647 earum
2281 2583 2622 2666 pleraeque
2685 2581 2952 2647 laxitati

736 2683 999 2749 habitus
1044 2690 1111 2748 et
1150 2683 1589 2747 musculorum
1639 2684 1918 2767 corpori·
1961 2685 2402 2768 procurandae
2444 2685 2742 2750 nonnihil
2786 2706 2949 2750 con-

736 2788 1045 2868 tulerant,
1086 2786 1265 2852 unde
1305 2794 1495 2873 porta
1542 2787 1757 2850 crudis
1799 2786 2264 2871 indigestisque
2310 2787 2690 2852 humoribus
2731 2787 2950 2855 intro-

738 2891 1073 2957 mittendis
1122 2890 1449 2975 panditur,
1494 2889 1744 2973 quoties
1793 2888 1902 2953 isti
1949 2889 2032 2953 ad
2081 2888 2396 2954 exteriora
2440 2889 2948 2973 protruduntur.

740 2994 1013 3063 Quoties
1042 2994 1217 3059 enim
1237 2991 1311 3057 in
1339 2990 1654 3074 sanguine
1685 2988 1927 3053 diutius
1951 2989 2350 3054 stabulantes
2377 2996 2516 3053 tam
2541 2990 2711 3053 mole
2739 3011 2954 3071 quam

736 3120 933 3183 prava
970 3096 1245 3161 diathesi
1284 3096 1483 3159 macti
1524 3092 1786 3169 fuerint,
1827 3092 2094 3156 tandem
2137 3092 2414 3157 calorem
2456 3098 2950 3176 putrescentem

736 3200 1119 3283 acquirunt3
1164 3204 1231 3261 et
1267 3216 1417 3261 cum
1462 3216 1597 3259 non
1633 3193 1906 3277 amplius
1949 3214 1989 3257 a
2021 3193 2282 3256 Natura
2317 3192 2455 3275 regi
2493 3192 2760 3277 possint,
2789 3214 2948 3277 pro-

736 3305 1052 3383 rumpunt
1092 3298 1166 3361 in
1209 3298 1504 3381 speciem,
1543 3304 1612 3361 et
1647 3296 1718 3361 in
1767 3296 2067 3360 articulos
2112 3295 2446 3379 depluunt,
2488 3296 2696 3361 calore
2739 3304 2946 3381 atque

736 3399 1035 3465 acredine
1065 3398 1313 3463 dolores
1348 3397 1876 3482 exquisitissimos
1911 3397 1982 3463 in
2010 3398 2380 3483 ligamentis
2413 3399 2946 3484 membranisque

736 3523 884 3568 ossa
932 3502 1427 3585 contegentibus
1474 3501 1866 3580 excitantes3
1941 3524 2106 3587 quae
2155 3502 2257 3567 vel
2299 3524 2340 3567 a
2388 3503 2586 3582 senio,
2629 3505 2731 3569 vel
2773 3505 2944 3569 luxu

736 3615 933 3693 atque
970 3606 1469 3691 intemperantia
1508 3606 1896 3671 labefactata
1935 3608 2296 3691 laxataque,
2325 3608 2512 3672 facile
2555 3608 2946 3675 humoribus

736 3712 1054 3797 impetum
1089 3709 1473 3775 facientibus
1507 3709 1722 3774 locum
1763 3709 2146 3774 concedunt.
2239 3709 2368 3773 Hic
2402 3730 2552 3774 vero
2583 3709 2944 3776 humorum

736 3814 1098 3898 Podagram
1120 3812 1569 3896 generantium
1592 3811 1942 3895 prolapsus,
1963 3811 2071 3894 qui
2090 3832 2544 3897 paroxysmum
2573 3812 2942 3894 constituit,

734 3916 938 3984 serius
982 3936 1255 4003 ocyusve
1304 3913 1644 3998 contingit,
1689 3919 1883 3999 prout
1934 3936 2092 3979 ansa
2133 3915 2506 3999 hujusmodi
2553 3915 2944 3983 humoribus

732 4022 805 4087 in
834 4026 1087 4087 motum
1116 4016 1358 4084 ciendis
1388 4018 1541 4082 data
1566 4016 1782 4081 fuerit.

832 4125 998 4209 [20]
1055 4124 1099 4188 J
1100 4144 1207 4188 am
1244 4142 1393 4186 vero
1433 4118 1833 4185 curationem
1874 4118 2047 4203 quod
2081 4126 2348 4204 spectat,
2387 4120 2486 4202 (ut
2523 4118 2732 4204 primo
2769 4143 2946 4204 quae

735 4236 891 4293 sunt
943 4224 1304 4292 omittenda
1352 4222 1791 4305 subinnuam,)
1839 4221 2009 4297 licet,
2057 4221 2114 4285 si
2160 4221 2464 4287 humores
2515 4221 2946 4306 respiciamus

734 4339 930 4415 atque
956 4328 1457 4413 indigestionem
1484 4325 1660 4389 unde
1689 4324 1798 4389 isti
1826 4324 2100 4390 trahunt
2126 4323 2464 4409 originem,
2487 4324 2696 4409 prima
2715 4326 2946 4397 fronte

731 4434 931 4499 videri
960 4432 1157 4516 possit
1186 4429 1609 4495 indicationes
1649 4428 1964 4493 curativas
2001 4426 2316 4513 imprimis
2347 4428 2429 4493 ad
2455 4428 2760 4493 humores
2789 4430 2948 4513 jam
