3138 5006
516 285 1307 353 OBSERVATIONUM
1350 288 1923 355 MEDIOARUM
1973 284 2022 351 1'.
2061 303 2112 350 5.
2381 291 2468 365 69

258 443 459 511 acutis
487 446 727 512 morbis
746 446 845 511 uti
861 448 1213 528 consuevit,
1237 470 1387 513 cum
1418 449 1752 532 sanguinis
1769 451 2007 515 molem
2029 449 2112 515 ab
2136 450 2466 515 intestinis
2525 470 2739 524 Fanum

254 548 533 612 inimicis
568 549 841 614 liberare
880 556 1231 617 coneturm:
1277 551 1473 635 hujus
1509 552 1686 615 enim
1724 553 2237 617 effervescentiae
2268 552 2462 617 bene·
2491 534 2772 651 ᾇζζξὶζὶ

252 652 399 715 ficio
430 651 786 735 disjunctae
812 652 1141 735 peccantis
1168 651 1344 717 illius
1371 654 1680 718 materiae
1707 661 1943 737 partes,
1969 676 2131 738 quae
2162 656 2464 738 sanguini
2529 664 2734 713 '61-'64.

253 752 673 835 aequabiliter
712 754 1036 818 admixtae
1074 755 1353 833 fuerant,
1385 756 1726 839 aggregari
1771 757 2244 840 quodammodo
2301 758 2463 821 inci·

250 853 462 935 piunt‚
494 859 689 937 atque
724 854 884 918 adeo
918 854 1145 919 leviori
1182 876 1377 938 opera
1420 856 1636 939 subigi
1675 864 1966 940 possunt,
1994 864 2072 921 ut
2108 858 2190 921 ad
2231 858 2464 942 despu-

248 955 607 1018 mationem
644 961 1043 1039 opportunae
1088 957 1413 1021 evadant..
1472 958 1561 1021 Et
1603 958 1866 1040 quidem
1907 966 1985 1023 ut
2022 958 2147 1024 hoc
2189 960 2324 1038 fiat,
2359 961 2463 1024 vel
2490 986 2655 1038 Quiin
2673 993 2766 1040 Fe-

250 1076 331 1120 ex
371 1077 447 1120 eo
483 1057 839 1139 plurimum
871 1058 1111 1123 referre
1141 1064 1415 1137 constat,
1446 1059 1622 1141 quod
1653 1059 1764 1142 qui
1794 1081 1874 1126 ex
1902 1059 2215 1128 Febribus
2245 1062 2460 1127 Inter·
2484 1052 2586 1164 {²2⁸
2606 1071 2712 1166 ξιξ)

246 1158 663 1221 mittentibus
708 1158 1097 1238 moriuntur,
1150 1160 1469 1242 siquidem
1511 1160 1585 1223 in
1623 1182 2003 1245 paroxysmo
2052 1170 2340 1246 pereant,
2387 1163 2462 1229 in
2484 1134 2691 1241 pergunt

244 1260 458 1342 primo
500 1260 612 1324 illo
641 1267 930 1344 tempore
966 1262 1541 1343 (exhorrescentiae
1571 1263 1856 1347 scilicet,)
1891 1264 2028 1329 fato
2059 1265 2458 1347 fungantur3
2485 1244 2737 1357 ξξξὲζῗε·

246 1382 405 1425 nam
444 1362 501 1425 si
536 1361 621 1425 ad
657 1368 912 1445 tempus
944 1364 1464 1429 effervescentiae.
1486 1365 1891 1447 pertigerint,
1933 1367 2162 1429 saltem
2190 1386 2306 1449 pro
2349 1366 2463 1429 illa
2487 1377 2703 1435 tempore

244 1462 387 1527 vice
415 1484 551 1527 non
578 1464 963 1528 moriuntur.
1052 1466 1273 1549 Atque
1301 1485 1416 1548 per
1443 1465 1603 1531 haec
1633 1466 1761 1530 duo
1789 1472 2081 1550 tempora
2107 1488 2210 1531 res
2241 1488 2462 1549 aegro-
2486 1435 2721 1561 gutsstffrn'

244 1586 397 1627 rum
435 1565 508 1628 in
551 1572 829 1648 angusto
863 1576 1239 1645 versantu13
1296 1567 1531 1650 quibus
1573 1567 1823 1651 elapsis,
1869 1569 2138 1633 tertium
2181 1575 2468 1652 tempus,

247 1667 425 1749 quod
454 1667 932 1751 despumationi
967 1670 1253 1735 dicatum
1284 1675 1403 1749 est,
1434 1670 1839 1753 insequitur3
1885 1692 2016 1756 quo
2056 1672 2462 1750 succedente,

246 1776 685 1852 symptomata
714 1770 935 1835 omnia
973 1770 1183 1853 primo
1211 1770 1490 1835 leviora¹²
1520 1772 1708 1850 fiunt,
1741 1780 1935 1855 atque
1962 1771 2228 1836 tandem
2268 1773 2461 1855 plane

244 1878 659 1937 evanescunt.
748 1874 1251 1954 Despumationis
1291 1879 1512 1937 autem
1546 1874 1811 1936 nomine
1850 1874 2018 1937 nihil
2055 1874 2231 1938 aliud
2261 1875 2462 1957 signis

244 1974 516 2037 ficatum
544 1974 706 2053 volo,
741 1995 938 2056 quam
980 1976 1289 2041 materiae
1326 1975 1598 2039 Febrilis
1634 1976 1773 2059 jam
1817 1975 2122 2040 subactae
2166 1981 2232 2040 et
2277 1976 2460 2060 quasi

245 2074 535 2139 devictae
584 2076 1023 2158 expulsionem
1084 2098 1199 2140 seu
1256 2078 1768 2159 separationem3
1830 2084 2024 2160 atque
2073 2078 2237 2141 illud
2288 2077 2460 2160 quod

244 2184 583 2260 separatur
609 2177 851 2261 partim
886 2178 984 2260 (ut
1023 2178 1095 2240 in
1126 2177 1265 2242 aliis
1294 2178 1651 2262 liquoribus
1683 2199 1944 2243 cernere
1971 2179 2167 2261 licet,)
2202 2180 2455 2258 florum,

241 2279 487 2362 partim
514 2280 767 2343 saecum
797 2280 1119 2343 rationem
1149 2288 1214 2343 et
1246 2286 1487 2345 sortem
1516 2279 1826 2345 obtinet0.

256 2388 298 2437 .·
344 2380 469 2469 [4.]
526 2378 651 2443 His
707 2380 803 2445 ita
858 2381 1103 2464 positis,
1162 2381 1491 2445 videamus
1550 2382 1874 2467 quomodo
1931 2382 2046 2445 fiat
2102 2389 2179 2447 ut
2237 2380 2458 2445 redeat
2485 2391 2630 2441 Unde
2653 2399 2726 2441 est

238 2502 685 2567 paroxysmus,
718 2484 1236 2568 quandoquidem
1274 2505 1614 2567 aegrorum
1653 2505 1786 2548 sors
1826 2485 1897 2547 in
1938 2484 2100 2549 vado
2121 2485 2260 2568 jam
2303 2506 2458 2549 con-
2479 2457 2741 2584 2332191221‘

242 2585 484 2652 s‘tituta
531 2585 805 2650 videtur.
892 2587 1226 2650 Nimirum
1294 2586 1563 2651 Febrilis
1627 2588 1897 2650 materia
1953 2587 2248 2651 nondum
2312 2594 2458 2652 tota
2478 2587 2709 2648 roxyami.

242 2688 606 2769 emigravit,
638 2688 769 2766 sed,
802 2689 1345 2771 quemadmodum
1390 2711 1585 2772 apum
1615 2689 1882 2771 embrya
1921 2690 2106 2752 statis
2152 2691 2454 2773 tempori-

238 2787 370 2856 bus
402 2785 640 2853 sensim
670 2798 1101 2870 succrescunt,
1133 2792 1229 2855 ita
1262 2792 1473 2855 latens
1501 2791 1663 2856 haec
1700 2791 1974 2856 materia
2004 2813 2122 2875 pro
2152 2799 2456 2875 typorum

239 2893 497 2957 ratione
556 2893 770 2958 denuo
829 2902 1024 2978 caput
1082 2895 1286 2974 effert,
1338 2912 1411 2958 ac
1468 2893 1710 2959 novum
1766 2895 2104 2977 negotium
2161 2895 2456 2958 Naturae

238 2995 521 3073 facessit,
581 2994 755 3061 idem
814 2997 1097 3062 stadium
1156 2997 1500 3061 decurrens
1562 2997 1738 3080 quod
1794 2998 1866 3059 in
1923 2995 2454 3079 praecedentibus

236 3097 439 3163 modo
468 3097 888 3162 ostendimus.
976 3099 1177 3163 Nunc
1216 3107 1437 3163 autem
1476 3099 1529 3162 si
1559 3099 1702 3183 quis
1747 3120 1786 3162 a
1812 3119 1919 3163 me
1963 3117 2220 3162 causam
2263 3119 2454 3180 quae-

240 3199 483 3277 siverit,
514 3221 631 3263 eur
672 3200 876 3264 fomes
923 3201 1033 3264 ille
1085 3201 1483 3278 delitescens,
1500 3217 1505 3222 ⁴
1524 3201 2002 3265 effervescentia
2046 3200 2456 3284 praecedenti

238 3322 383 3368 non
412 3301 566 3364 satis
605 3301 929 3379 subactus,
964 3324 1038 3366 ac
1076 3303 1345 3385 proinde
1374 3325 1525 3367 eum
1564 3303 1812 3387 reliqua
1844 3303 2116 3367 materia
2147 3310 2455 3385 peccante

238 3424 383 3466 non
440 3403 760 3486 expulsus,
819 3405 1215 3488 proindeque
1282 3426 1479 3469 novas
1540 3405 1902 3488 tragoedias
1970 3405 2260 3484 daturus,
2318 3426 2454 3467 non

242 3503 475 3568 eodem
505 3505 696 3569 modo
723 3506 796 3568 in
826 3506 1005 3570 omni
1025 3506 1229 3572 Febre
1258 3507 1737 3571 Intermittenti
1769 3506 2216 3589 progrediatur
2223 3532 2244 3583 ;
2275 3506 2454 3587 (nam

239 3628 423 3672 nunc
462 3628 687 3687 unum,
718 3629 895 3672 nunc
935 3608 1116 3688 duoS,
1147 3630 1325 3673 nunc
1359 3616 1492 3674 tres
1529 3609 1664 3673 dies
1701 3609 1920 3691 exigit,
1952 3609 2326 3692 priusquam
2370 3608 2454 3671 ad

238 3709 686 3772 maturitatem
728 3711 1078 3793 perveniat,
1119 3732 1487 3795 novumque
1529 3732 1985 3794 paroxysmum
2025 3709 2260 3774 excitet
2278 3710 2321 3793 3)
2372 3710 2452 3774 de

240 3809 369 3874 hac
409 3831 483 3876 re
527 3811 859 3894 (inquam,)
904 3813 961 3875 si
990 3813 1133 3896 quis
1176 3813 1338 3876 mihi
1377 3813 1714 3896 negotium
1756 3811 2074 3889 exhibeat,
2106 3832 2227 3894 ego
2261 3812 2454 3894 plane

240 3933 350 3978 me
379 3912 626 3976 nescire
654 3913 881 3978 fateor.
969 3914 1203 3997 Neque
1230 3936 1380 3980 vero
1410 3915 1748 3997 quisquam
1780 3914 1942 3978 alius
1977 3913 2174 3996 (quod
2204 3912 2445 3993 sciam,)

239 4014 315 4096 in
353 4014 477 4078 hac
521 4035 713 4078 causa
750 4022 888 4079 tam
929 4017 1253 4100 praeclare
1299 4038 1367 4080 se
1412 4017 1610 4099 gessit
1655 4024 1731 4079 ut
1775 4037 2083 4080 arcanum
2126 4015 2248 4078 hoc
2292 4036 2452 4097 opus

239 4116 539 4180 Naturae
614 4117 769 4179 satis
841 4137 1169 4181 enarrasse
1237 4119 1549 4182 videatur.
1684 4117 1804 4201 [5.]
1881 4118 2025 4200 Ego
2091 4117 2452 4196 Philosophi

241 4238 485 4280 nomen
513 4237 648 4281 non
678 4219 910 4298 ambi0,
944 4225 1011 4283 et
1041 4220 1152 4303 qui
1180 4220 1448 4285 titulum
1482 4221 1667 4283 illum
1701 4241 1769 4284 se
1799 4220 2030 4284 mereri
2060 4217 2450 4295 existimant,

309 4400 341 4421 ¹¹⁸
376 4390 591 4452 conetur]
617 4399 807 4438 conatur
830 4392 903 4441 ed.
932 4393 1028 4440 ⁹66.
1462 4399 1485 4422 ⁰
1520 4394 1597 4441 Cf.
1626 4409 1731 4456 sup.
1758 4409 1797 4439 c.
1823 4394 1867 4438 4.
1893 4393 1915 4450 5
1941 4393 2018 4438 52.

312 4455 335 4477 “
373 4455 568 4517 leviora]
594 4457 763 4504 Iem'ora
788 4457 892 4505 edd.
918 4458 1013 4514 '66‚
1041 4459 1133 4505 ’68.
