3138 5006
1012 267 1535 333 TRAC'I'A'PUS
1587 268 1646 332 Ι.
2300 256 2428 332 431

219 425 357 516 jam
414 436 773 495 memorata
828 429 1095 494 caeteris
1162 426 1654 512 quibuscunque
1717 433 2082 511 praestare3
2159 435 2227 492 at
2285 449 2434 492 vero
2483 445 2568 494 Da
2591 447 2728 495 Pon-

228 534 369 599 dico
398 555 549 599 eum
586 534 699 617 qui
731 532 1089 597 remedium
1126 531 1210 596 ad
1242 532 1415 595 hanc
1448 530 1880 596 intentionem
1916 529 2434 596 satisfaciendam
2527 526 2686 560 ΛΟΜ·

226 637 747 722 potentissimum
795 634 1083 700 invenire
1125 634 1429 719 potuerit,
1469 635 1666 717 longe
1714 635 1963 718 majora
2009 634 2084 698 in
2125 634 2430 698 sana-ndis

226 740 468 805 morbis
498 739 833 804 Chronicis
876 743 1200 822 praestare
1236 757 1443 821 posse,
1474 758 1672 821 quam
1709 735 1848 820 ipse
1888 757 1957 801 se
1999 757 2184 820 posse
2213 736 2430 801 existi-

224 843 519 907 maverit.

323 945 489 1029 [41.]
543 944 733 1009 Istud
776 965 928 1009 vero
974 943 1052 1008 iis
1098 944 1401 1008 omnibus
1452 965 1618 1027 quae
1669 943 1750 1006 de
1795 940 2092 1026 Podagra
2141 940 2434 1006 sananda
2457 959 2713 1022 Digestiva

226 1047 515 1112 dicturus
566 1069 711 1112 sum
762 1047 1309 1128 praemittendum
1350 1053 1469 1125 est,
1507 1052 1575 1111 et
1619 1047 2050 1128 maximopere
2090 1067 2246 1129 prae
2289 1067 2430 1110 cae·
2455 1023 2738 1146 22²2de-

224 1151 381 1216 teris
436 1148 927 1228 observandum,
985 1171 1221 1234 nempe
1282 1149 1455 1234 quod
1512 1149 1827 1233 digestiva
1891 1149 2178 1214 remedia
2237 1170 2428 1232 quae·
2455 1154 2594 1203 sidue
2616 1162 2665 1203 et

222 1273 479 1337 cunque
543 1254 697 1336 (sive
752 1253 1371 1318 medicamentorum
1432 1259 1767 1336 apparatu,
1821 1252 1952 1316 sive
2012 1252 2246 1332 diaeta,
2301 1253 2429 1317 sive
2451 1227 2746 1333 ffisstssnssssff

222 1357 701 1436 exercitatione,
761 1377 841 1420 ea
896 1356 1243 1437 constant,)
1307 1355 1487 1419 haud
1544 1354 1755 1418 obiter
1811 1354 2220 1423 instituenda
2277 1355 2428 1433 sint,
2453 1350 2635 1414 panda:

220 1479 447 1523 verum
506 1465 879 1524 constanter
937 1465 1133 1542 atque
1190 1459 1373 1524 omni
1430 1457 1722 1522 adhibita
1781 1458 2118 1540 diligentia
2176 1457 2430 1522 assidue

220 1563 615 1647 usurpanda.
706 1563 875 1627 Cum
912 1562 1089 1626 enim
1126 1563 1201 1626 in
1226 1562 1351 1626 hoc
1386 1561 1634 1640 morbo,
1673 1561 1776 1625 uti
1813 1560 2012 1625 etiam
2052 1561 2126 1624 in
2156 1559 2428 1625 Chroni-

222 1685 446 1729 corum
478 1665 985 1750 quamplurimis,
1017 1687 1210 1730 causa
1244 1666 1385 1749 ejus
1421 1665 1495 1728 in
1534 1663 1836 1728 habitum
1869 1670 1937 1729 et
1971 1685 2205 1730 novam
2243 1665 2428 1748 quasi

221 1775 522 1832 naturam
591 1768 977 1847 transiverit,
1036 1789 1231 1832 nemo
1296 1789 1493 1832 sanus
1561 1767 2022 1832 existimaverit
2086 1766 2426 1832 leviculam
2542 1845 2548 1852 ⁵

222 1868 504 1952 aliquam
549 1891 623 1934 ac
659 1877 1185 1936 momentaneam
1228 1870 1682 1936 alterationem
1725 1870 2028 1953 sanguini
2067 1873 2261 1953 atque
2303 1870 2424 1934 hu-

221 1971 510 2036 moribus
554 1995 595 2038 a
634 1973 919 2057 quolibet
965 1975 1097 2039 sive
1132 1975 1401 2039 remedii
1442 1974 1574 2038 sive
1606 1973 1814 2038 vietus
1855 1993 2092 2056 genere
2133 1972 2424 2056 superin-

219 2076 505 2155 ductam,
537 2077 887 2140 curationis
924 2098 1189 2161 scopum
1224 2097 1411 2161 posse
1450 2076 1812 2160 attingere3
1857 2081 1927 2140 at
1962 2095 2111 2140 vero
2145 2075 2426 2158 corporis

217 2177 479 2243 habitus
538 2180 750 2244 omnis
812 2180 937 2244 alio
994 2179 1433 2244 traducendus
1492 2186 1612 2258 est,
1667 2185 1861 2262 atque
1918 2179 2113 2243 homo
2169 2178 2426 2261 integer

218 2281 519 2366 deinceps
564 2283 747 2367 quasi
799 2305 966 2348 nova
1008 2284 1244 2348 incude
1292 2281 1732 2367 refingendus.
1819 2281 2054 2366 Neque
2097 2281 2274 2346 enim
2316 2282 2424 2346 hic

216 2386 312 2449 ita
357 2405 425 2448 se
473 2407 579 2450 res
625 2386 825 2450 habet
876 2392 1069 2470 atque
1118 2387 1191 2450 in
1242 2386 1467 2451 morbo
1520 2392 1714 2450 acuto
1754 2385 1989 2470 aliquo,
2041 2384 2156 2449 ubi
2199 2385 2256 2448 is
2309 2386 2422 2469 qui

216 2487 411 2553 modo
455 2488 757 2554 athletice
808 2512 885 2555 ac
932 2490 1299 2575 pancratice
1341 2489 1616 2571 valebat,
1663 2488 2008 2573 derepente
2050 2487 2230 2553 febre
2281 2510 2418 2553 cor-

215 2598 460 2674 reptas,
514 2591 594 2655 ab
654 2593 899 2676 optimo
956 2594 1251 2658 sanitatis
1302 2600 1481 2657 statu
1528 2592 1604 2657 in
1659 2592 1960 2657 morbum
2017 2592 2418 2675 periculosis-

216 2695 477 2774 simum,
519 2696 701 2779 quasi
742 2702 935 2780 rupto
984 2704 1202 2782 ponte,
1243 2718 1543 2781 praeceps
1586 2697 1743 2761 ruit.
1831 2695 2162 2777 Podagrae
2205 2695 2420 2779 dispar

214 2797 567 2862 admodum
596 2799 799 2865 ratio:
838 2800 958 2864 ubi
988 2800 1129 2883 quis
1156 2820 1272 2884 per
1298 2801 1539 2863 multos
1571 2820 1776 2863 annos
1805 2798 2146 2863 continuos
2175 2818 2418 2863 comes·
2442 2832 2558 2867 nam

214 2901 575 2966 sationibus
632 2903 1343 2987 compotationibusque
1400 2901 1940 2985 intemperantius
1995 2901 2416 2983 indulgendO,
2443 2896 2720 2997 3³33an-

213 3002 404 3067 solita
437 3004 741 3067 exercitia
773 3004 1289 3084 intermittendo,
1321 3002 1565 3068 desidia
1603 3011 1798 3087 atque
1837 3003 2102 3087 pigritia
2133 3003 2418 3068 intabes-
2445 3012 2607 3087 γεμὴ,
2621 3013 2722 3061 sive

212 3106 441 3185 cend0‚
476 3107 577 3171 vel
615 3108 815 3185 etjam
852 3107 1055 3173 nimio
1100 3108 1315 3172 studio
1360 3114 1553 3192 atque
1597 3107 1921 3171 irremissa
1959 3106 2162 3171 animi
2203 3106 2418 3171 inten-
2443 3074 2684 3203 ῗέζᾟξῐξῖ

212 3210 410 3289 tione,
452 3210 719 3295 aliisque
761 3211 931 3275 vitae
974 3211 1315 3290 erroribus,
1356 3211 1426 3274 id
1472 3211 1608 3294 egit
1659 3210 1928 3276 tandem
1971 3210 2154 3294 quasi
2199 3211 2418 3276 dedita
2443 3206 2721 3284 ⁰3³⁰⁰¹¹⁰¹¹P⁵⁸

211 3332 404 3395 opera
444 3318 521 3377 ut
558 3313 736 3377 varia
773 3314 1053 3396 corporis
1096 3314 1418 3378 fermenta
1454 3320 1926 3398 pervertantur,
1956 3312 2159 3397 'atque
2203 3316 2414 3399 oppri-
2437 3276 2664 3384 ἑῗιιῗιιῑιεῖἐ

208 3423 477 3480 mantur
526 3415 787 3500 spiritus
834 3417 1163 3497 animales,
1222 3417 1359 3501 (qui
1407 3418 1714 3483 coctionis
1764 3418 2202 3483 instrumenta
2259 3426 2414 3483 sunt
2437 3414 2720 3514 {3⁸52ssss

206 3517 556 3602 primaria,)
603 3517 783 3582 unde
824 3518 1127 3583 humores
1170 3521 1752 3603 praeternaturales
1803 3521 2158 3585 coacervati
2199 3542 2410 3587 erum-
2436 3542 2497 3575 vo
2519 3536 2680 3578 extm-

208 3625 379 3704 punt
406 3620 675 3684 tandem
710 3642 860 3685 cum
892 3622 1032 3705 jam
1066 3621 1150 3687 ad
1180 3644 1507 3686 summum
1538 3622 1814 3705 gradum
1849 3624 2114 3689 exaltati
2146 3624 2410 3703 fuerint,
2436 3593 2714 3719 ξῗιῖζξὲξῃ,

208 3742 287 3785 ae
316 3727 599 3803 stragem
626 3722 869 3801 edunt;
908 3722 1515 3807 carnibus’denique
1543 3725 1864 3805 emollitis,
1888 3731 1955 3790 et
1985 3726 2410 3792 effoeminatis
2436 3725 2669 3785 tegranda

209 3824 518 3903 articulis,
582 3824 759 3889 unde
832 3824 1135 3891 humores
1208 3826 1549 3891 illabentes
1623 3829 1982 3913 promptius
2058 3829 2406 3913 excipiunt.
2431 3795 2522 3839 εἰ

206 3926 431 4010 Atque
470 3926 569 3992 ita
610 3926 874 3991 demum
915 3929 1043 3993 alia
1085 3928 1269 4012 quasi
1306 3936 1545 3995 natura
1587 3932 1828 3995 sensim
1869 3930 2412 4015 superinducitur,

206 4028 487 4113 pristina
534 4037 601 4095 et
643 4030 929 4095 naturali
978 4032 1257 4115 corporis
1310 4032 1680 4097 oeconomia
1729 4054 1950 4097 eversa
1995 4032 2292 4098 funditus
2344 4039 2411 4097 et

206 4132 456 4198 deleta:
523 4154 673 4198 cum
730 4134 841 4199 isti
889 4135 1273 4221 paroxysmi,
1320 4136 1433 4220 qui
1480 4136 1821 4200 hominum
1868 4135 2280 4200 incautorum
2338 4156 2414 4199 ac

206 4237 425 4301 minus
464 4238 928 4323 perspicacium
967 4239 1185 4305 oculos
1224 4240 1602 4323 animosque
1639 4239 1759 4305 soli
1795 4238 1932 4303 fere
1963 4238 2414 4323 perstringunt

208 4345 277 4403 et
320 4347 659 4425 occupant,
703 4340 871 4407 nihil
920 4363 1179 4426 prorsus
1231 4342 1411 4408 aliud
1460 4343 1596 4407 sint
1641 4364 1837 4426 quam
1896 4340 2090 4405 series
2141 4345 2208 4404 et
2255 4340 2414 4405 ordo

208 4448 716 4526 symptomatum
775 4445 857 4510 ab
909 4445 1021 4511 illa
1071 4446 1379 4512 methodo
1430 4444 1858 4531 pendentium
1917 4466 2044 4529 qua
2093 4443 2196 4508 uti
2253 4444 2414 4511 solet
