3138 5006
516 257 1307 323 OBSERVATIONUM
1354 260 1928 325 MEDICARUM
1975 271 2038 321 V.
2079 275 2130 333 2,
2167 275 2216 325 3.
2347 268 2475 330 21⁷

268 440 473 502 usque
504 420 934 503 depauperato
965 419 1445 504 debilitatoque,
1476 427 1553 486 ut
1583 444 1824 502 succOS,
1858 445 2016 507 quos
2043 431 2334 488 recenter
2364 425 2472 488 ad-
2541 445 2738 493 Fanum

268 529 484 586 vectos
513 523 811 605 nequiret
855 523 1224 601 assimilare,
1255 545 1371 607 per
1415 524 1678 589 sudores
1709 526 1936 609 ejicere
1967 527 2336 605 moliretur3
2381 528 2475 590 ita
2499 511 2779 622 A2⁰N⁸Jgffg¹

270 625 517 687 affectis
563 624 797 688 author
848 646 1097 708 semper
1146 626 1243 688 fui
1294 632 1370 689 ut
1422 627 1694 709 singulis
1746 628 1991 691 auroris
2047 628 2474 712 noctibusque
2498 639 2776 717 ἐξὲξ-ΕΞ.-

270 727 627 791 cochlearia
656 729 975 811 quinque¹¹
1005 729 1105 792 vel
1144 749 1255 792 sex
1284 730 1416 792 vim’
1448 731 1835 795 Malacensis
1873 731 2228 795 annosioris
2257 731 2473 795 hauri-

269 837 438 909 rent,
470 832 657 914 cujus
698 852 825 893 usu
870 831 1079 913 aegris
1118 832 1280 896 vires
1324 833 1698 897 crescebant
1737 834 2000 916 jugiter,
2031 840 2098 899 et
2143 855 2475 899 evanesce-

268 932 433 996 bant
492 933 774 997 sudores.
864 935 1083 1017 Atque
1132 934 1293 999 haec
1340 936 1421 1000 de
1472 935 1679 1000 Febre
1730 936 1924 1020 hujus
1979 936 2476 1000 Constitutionis

272 1033 622 1113 Continua,
674 1058 867 1118 quam
879 1047 924 1115 ⁰,
971 1038 1053 1101 ob
1100 1038 1426 1120 insignem
1478 1047 1808 1122 stuporem
1855 1061 1997 1102 eam
2048 1039 2182 1103 fere
2225 1060 2476 1123 semper

270 1137 709 1217 comitantem,
742 1138 923 1204 lubet
960 1138 1346 1204 Comata-sam
1377 1141 1716 1224 appellare.

1170 1378 1361 1442 CAP.
1411 1377 1586 1442 111.»

1006 1541 1291 1603 Morbilli
1320 1543 1507 1604 annis
1541 1541 1730 1606 1674.

359 1672 673 1736 Onnum:
722 1695 913 1754 anno,
956 1695 1175 1739 mense
1214 1677 1455 1740 scilicet
1504 1677 1543 1739 J
1547 1676 1833 1754 anuario,
1877 1676 2139 1754 1673-4,
2181 1677 2472 1760 ingressa

270 1780 371 1837 est
412 1775 865 1840 Morbillorum
904 1779 1142 1861 species
1184 1779 1497 1861 quaedam
1538 1779 1620 1842 ab
1662 1798 1738 1842 ea
1768 1779 2016 1842 diversa
2045 1799 2208 1861 quae
2245 1779 2473 1843 eodem

270 1897 497 1941 mense
537 1899 709 1942 anno
749 1881 1053 1958 1669-70,
1084 1880 1442 1958 invaserat3
1482 1901 1694 1963 neque
1739 1885 1964 1944 tamen
2002 1881 2219 1943 minus
2259 1881 2471 1964 epide-

271 1979 439 2044 mice
468 1981 835 2046 saeviebant
857 1982 927 2044 hi
951 1990 1143 2066 atque
1172 1984 1299 2061 isti,
1322 1982 1436 2046 sed
1463 2005 1598 2046 non
1619 1983 1888 2066 perinde
1911 1990 2096 2046 erant
2125 1985 2470 2066 regulares,

270 2103 485 2165 neque
513 2084 608 2146 ita
649 2091 1023 2149 constanter
1051 2094 1282 2169 typum
1321 2085 1788 2150 observabant:
1833 2105 2012 2148 nunc
2041 2085 2214 2148 enim
2259 2086 2470 2163 citius,
2497 2102 2717 2152 Mon-billi

270 2205 451 2248 nunc
490 2186 712 2266 serius,
744 2187 1188 2271 erumpebant,
1220 2209 1371 2250 cum
1400 2188 1473 2250 in
1512 2188 1640 2251 alia
1670 2188 1880 2270 specie
1916 2187 2168 2270 eruptio
2196 2187 2268 2251 in
2299 2188 2470 2251 diem
2493 2168 2786 2292 ξζζζὲζᾋζῃ-

272 2287 355 2350 ab
396 2287 725 2352 invasione
756 2299 1053 2372 quartum
1089 2311 1339 2374 semper
1382 2291 1734 2368 incideret3
1782 2289 2040 2366 adhaec,
2072 2291 2374 2356 humeros
2404 2296 2469 2353 et
2497 2296 2762 2371 stifutionis

270 2397 557 2454 caeteras
586 2392 801 2455 trunci
831 2401 1043 2474 partes
1074 2392 1354 2476 primum
1386 2391 1809 2474 occupabant,
1843 2412 1992 2455 cum
2021 2392 2132 2454 isti
2161 2391 2348 2456 alteri
2377 2391 2470 2455 fa·
2495 2361 2712 2471 3330

267 2493 438 2558 ciem
476 2493 760 2577 primum
791 2502 1102 2579 peterent,
1135 2503 1201 2559 et
1230 2495 1301 2559 in
1340 2495 1662 2580 reliquum
1692 2516 1922 2579 corpus
1949 2495 2262 2578 paulatim
2299 2516 2472 2579 spar-
2498 2489 2775 2599 diflbfell’ffllt

266 2604 583 2679 gerentur
598 2624 619 2676 3
665 2618 785 2663 nec
823 2598 945 2662 hac
982 2599 1051 2662 in
1097 2598 1305 2682 specie
1348 2598 1686 2663 observare
1723 2598 1928 2676 licuit,
1968 2598 2097 2661 nisi
2129 2598 2472 2676 rarissime,
2497 2569 2782 2693 {353an-

265 2720 379 2763 eas
422 2701 741 2765 cuticulae
788 2702 1412 2786 desquammationes
1455 2702 1539 2765 ad
1584 2702 1792 2764 instar
1833 2700 2080 2763 farinae
2125 2701 2474 2783 inspersae,
2497 2683 2764 2744 descnpt1s.

266 2804 523 2886 quoties
561 2805 936 2869 recederent
974 2805 1283 2883 Morbilli,
1316 2824 1480 2887 quae
1520 2804 1594 2867 in
1635 2803 1761 2867 alia
1799 2803 2008 2886 specie
2047 2802 2224 2867 haud
2259 2804 2476 2866 minus

266 2912 449 2969 certo
483 2907 1043 2989 conspiciebantur
1079 2928 1269 2990 quam
1310 2914 1454 2989 post
1489 2905 1687 2970 febris
1723 2904 2104 2969 scarlatinae
2144 2905 2476 2968 decessum

266 3010 556 3093 conspici
600 3010 828 3073 solent.
919 3010 1144 3074 Plures
1188 3010 1453 3093 insuper
1497 3031 1532 3073 e
1579 3008 1793 3072 medio
1835 3008 2172 3086 tollebant,
2225 3009 2476 3091 quoties

264 3112 569 3195 imperite
625 3118 1078 3190 tractarentur,
1142 3132 1335 3195 quam
1394 3112 1636 3195 priores
1695 3110 1830 3188 illi3
1905 3108 2103 3173 febris
2173 3110 2351 3175 enim
2409 3118 2474 3173 et

266 3214 615 3298 dyspnoea,
670 3236 833 3297 quae
892 3214 1215 3278 Morbillis
1267 3214 1767 3279 abiturientibus
1820 3212 2113 3277 solebant
2169 3213 2473 3290 accidere,

262 3316 779 3381 vehementiores
818 3323 1023 3397 erant,
1056 3325 1123 3381 et
1169 3316 1772 3400 peripneumoniam
1799 3316 1908 3379 hic
1951 3316 2214 3399 propius
2243 3316 2474 3379 refere-

264 3420 453 3498 bant,
487 3442 679 3502 quam
717 3420 789 3483 in
834 3421 1036 3484 altero
1076 3440 1330 3502 genere.
1423 3418 1926 3485 Quantumlibet
1967 3424 2187 3482 autem
2231 3418 2476 3481 fuerint

266 3523 555 3586 anomali
599 3528 793 3605 atque
832 3522 1213 3605 irregulares
1250 3522 1321 3585 hi
1365 3521 1658 3585 Morbilli
1698 3520 1910 3603 quoad
1946 3521 2083 3604 jam
2121 3527 2478 3584 memorata

268 3631 723 3709 symptomata,
749 3626 819 3687 in
840 3624 1195 3708 praecipuis
1224 3630 1447 3687 tamen
1478 3624 1632 3685 satis
1662 3622 1741 3685 iis
1773 3622 2179 3704 competebat
2208 3622 2478 3686 historia

267 3749 469 3811 quam
501 3727 580 3790 de
612 3726 933 3790 Morbillis
968 3728 1075 3810 [iv.
1109 3748 1163 3790 c.
1197 3726 1289 3809 5.]
1328 3724 1586 3802 tradidi,
1618 3746 1768 3787 cum
1810 3723 2068 3787 morbos
2109 3725 2267 3789 anni
2307 3726 2480 3788 1670

268 3830 659 3914 epidemicos
689 3829 1147 3894 describerem:
1196 3850 1359 3912 quae
1395 3827 1634 3891 idcirco
1661 3827 2262 3909 impraesentiarum
2299 3848 2478 3909 repe-

268 3934 474 3998 tenda
502 3954 636 3997 non
667 3934 810 3998 erit.
903 3932 1014 4010 Hi,
1052 3932 1153 3996 uti
1192 3931 1387 3995 etiam
1421 3930 1664 4013 priores
1703 3930 1833 4006 isti,
1866 3929 1950 3992 ad
1977 3950 2247 3992 vernum
2275 3949 2480 4010 usque

273 4035 757 4120 aequinoctium
824 4033 1318 4113 invalescebant,
1380 4054 1420 4097 a
1480 4053 1606 4115 quo
1665 4038 1954 4113 tempore
2021 4030 2479 4107 decrescentes,

276 4144 621 4221 appetente
652 4137 923 4201 solstitio
953 4136 1210 4215 aestiv0,
1242 4143 1356 4199 aut
1384 4156 1521 4198 non
1552 4133 1666 4197 diu
1693 4140 1857 4216 post,
1891 4152 2224 4196 evanuere.

372 4240 497 4323 [2.]
553 4240 837 4318 Curati0,
862 4260 1012 4303 cum
1044 4240 1223 4303 nulla
1248 4238 1449 4303 ferme
1472 4238 1543 4301 in
1564 4258 1634 4301 re
1666 4236 1746 4299 ab
1776 4234 1886 4298 illa
1909 4234 2163 4297 differat
2193 4254 2379 4317 quam
2410 4234 2482 4295 in

344 4400 367 4422 ¹²
391 4398 589 4456 quinque
608 4398 680 4441 vel
694 4393 798 4457 sex]
818 4399 910 4441 {ria
921 4403 1165 4455 quatuorve
1182 4393 1252 4440 ed.
1267 4391 1361 4442 76.
1494 4398 1517 4428 Ρ
1552 4391 1706 4438 Deest
1726 4391 1818 4437 hoc
1840 4404 1943 4452 cap.
1967 4388 2018 4437 in
2042 4389 2148 4436 edd.
2172 4388 2267 4446 '66‚
2292 4388 2386 4434 ’68.

346 4466 369 4488 ⁰
403 4460 803 4521 quam-appell]
828 4474 921 4506 om.
943 4460 1015 4507 ed.
1042 4460 1138 4508 76.
1497 4463 1518 4493 Ἰ
1554 4460 1664 4503 anni
1695 4456 1844 4517 1674]
1870 4470 1962 4503 om.
1987 4455 2060 4501 ed.
2086 4455 2178 4504 '76-

1346 4538 1445 4599 rf
