3138 5006
9 4042 19 4073 v-
9 3974 19 4007 ΙἾ

9 4112 21 4403 ’ὑ-ΊἿ-ν-

1186 320 1448 380 INDEX
1489 321 1799 381 RERUM.
2312 405 2319 411 ἱ
2571 323 2687 379 619

281 466 554 519 dieamenta
577 486 667 521 sua
690 472 742 520 in
768 471 985 551 hydrops
1007 473 1250 537 simplicia
1268 475 1435 523 defen-

279 532 366 591 dit,
378 536 476 585 474
489 554 502 591 3
525 536 584 583 de
599 536 778 584 morbis
793 552 916 599 quos
926 552 980 585 m
993 548 1144 586 semet
1157 540 1264 601 ipso
1277 554 1444 603 exper-

282 602 364 643 tus
396 604 485 654 est,
519 600 825 648 miseratione
856 616 973 663 erg-a
1003 602 1192 650 sodales
1221 618 1436 651 eommo-

279 666 377 717 tus‚
401 668 594 710 tantum
628 663 810 721 scribit,
841 666 954 722 521,
978 666 1104 721 5263
1133 667 1329 714 veniam
1361 681 1436 714 ro·

279 731 366 784 gat
378 724 539 787 quoad
552 727 780 788 dogmata
794 728 1055 776 theoretica
1070 739 1292 777 naturam
1309 745 1440 777 mor-

281 786 332 833 bi
350 803 472 863 quae
494 790 775 851 respiciunt,
798 806 967 839 verum
989 793 1150 853 quoad
1170 794 1340 855 praxin
1363 808 1440 840 as-

284 858 402 898 sent
422 867 474 898 se
493 868 552 900 ea
586 862 776 901 tantum
799 855 1106 917 proposuisse
1127 872 1252 918 quae
1271 856 1440 919 explo-

283 914 529 963 ratissima
573 916 796 974 habebat,
849 920 970 974 116;
1021 918 1276 968 historiam
1320 920 1438 968 Pes·

284 977 348 1024 tis
386 979 534 1027 tradit
569 980 687 1043 quia
716 980 900 1029 Medici
930 982 1028 1039 alii,
1061 984 1148 1045 qui
1175 990 1276 1031 toto
1314 990 1440 1031 tem-

284 1054 400 1103 pore
419 1042 673 1102 affuerunt,
696 1044 757 1091 de
776 1060 832 1091 ea
865 1044 990 1092 nihil
1021 1046 1206 1107 publici
1222 1046 1348 1108 juris
1370 1046 1440 1094 fe-

284 1112 469 1163 cerunt,
493 1106 615 1163 1023
647 1116 866 1169 tempore
885 1108 1036 1183 pestis
1058 1109 1269 1183 Lpndiu.
1288 1111 1450 1157 maxi·

283 1172 1014 1305 fflffi‘ssmafflfflff
1024 1172 1340 1295 fffissffhiffffi
1351 1188 1444 1293 1²3²}

283 1308 338 1341 ιιι
390 1295 648 1358 pleuritide
705 1298 1002 1347 curationem
1053 1300 1236 1347 flustra
1293 1306 1448 1348 tentat

283 1372 371 1419 per
402 1358 548 1407 aliam
580 1361 976 1423 praestantiorem
1009 1362 1142 1411 viam
1172 1378 1320 1425 quam
1358 1378 1446 1426 per

284 1424 735 1481 venae-sectionem,
761 1425 852 1473 251
872 1443 884 1480 3
918 1426 1174 1489 podagrae,
1199 1442 1326 1475 anno
1347 1428 1444 1485 ⁹60,

283 1483 572 1534 immaniore
625 1503 742 1535 uam
764 1495 890 1547 ante,
907 1504 1199 1553 paroxysmo
1221 1489 1445 1549 afficitur,

285 1562 434 1623 quem
469 1558 518 1597 et
554 1566 582 1597 c
631 1550 776 1598 culus
811 1566 984 1599 renum
1024 1559 1076 1600 et
1113 1554 1294 1601 mietus
1331 1568 1444 1601 san·

285 1616 1446 1741 ffifflffiffl’piffigztfssffimt

285 1738 350 1785 ab
387 1752 444 1785 ea
478 1748 677 1789 vexatus
719 1740 891 1800 fuerat,
931 1744 1058 1799 4093
1113 1750 1164 1791 et
1199 1742 1446 1793 calamum

283 1816 451 1863 regere
481 1803 640 1867 impos
670 1805 779 1863 fuit,
803 1808 928 1861 4083
1146 1808 1252 1855 'cus
1283 1808 1335 1854 in
1370 1822 1448 1855 se-

285 1874 388 1912 met
429 1866 535 1929 ipso
586 1868 886 1917 diarrhoeam
933 1869 1190 1918 sudoribus
1242 1871 1444 1929 curavit,

285 1929 414 1985 4463
448 1931 736 1979 sententiam
761 1947 901 1979 suam
920 1940 1126 1991 revocat,
1147 1949 1211 1983 sc.
1237 1934 1448 1997 podagra

285 1990 469 2039 affectis
497 1995 756 2055 purgantis
785 1996 990 2043 minime
1010 1997 1296 2055 conducere,
1317 2000 1444 2054 5243

285 2054 624 2104 rheumatismi
681 2059 982 2107 curationem
1045 2060 1100 2107 in
1153 2060 1447 2122 quibusdam

285 2119 529 2176 emendat,
547 2121 659 2179 301,
679 2124 804 2177 3023
827 2122 1166 2171 rheumatismi
1185 2124 1449 2173 scorbutici

285 2182 588 2230 curationem
631 2199 746 2231 cum
785 2186 971 2248 publici
1006 2186 1136 2248 juris
1175 2186 1310 2245 facit,
1343 2188 1443 2251 pri-

285 2252 399 2293 vato
421 2260 510 2293 suo
531 2248 783 2295 commodo
813 2249 1068 2313 publicum
1089 2250 1314 2313 praefert,
1335 2252 1445 2309 260,

287 2309 378 2355 261
403 2327 416 2363 3
465 2310 528 2357 ad
559 2311 820 2359 variolosus
847 2327 911 2360 ne
934 2314 1147 2375 amplius
1175 2328 1443 2362 accersere-

283 2380 496 2482 3333:
523 2378 884 2497 ‘smmi
923 2384 1446 2516 ῗέηὲἒῖἳιίζῗῗέζ

290 2500 400 2556 128,
420 2499 512 2548 129
531 2519 544 2556 3
578 2501 710 2563 quod
729 2502 782 2549 in
799 2502 992 2551 var-iohs
1007 2505 1234 2553 curandis
1254 2506 1444 2553 metho-

285 2562 406 2610 dum
427 2577 616 2611 novam
637 2564 896 2624 induxerit,
919 2581 976 2614 eo
1003 2568 1162 2630 magis
1183 2569 1275 2615 erit
1295 2583 1444 2617 excu-

287 2626 489 2682 sandus,
513 2627 642 2688 qu'od
661 2628 780 2676 haec
801 2631 1122 2678 recentiorum
1142 2639 1333 2679 tantum
1355 2647 1442 2679 cu·

283 2689 556 2737 rationibus
577 2691 871 2750 adversetur,
887 2696 998 2749 224,
1012 2696 1110 2742 225
1130 2712 1143 2750 3
1174 2694 1369 2756 qualem
1386 2695 1446 2742 de

287 2767 379 2799 sua
412 2753 464 2799 in
499 2754 695 2801 variolis
725 2756 866 2804 discr.
895 2762 942 2804 et
975 2757 1184 2815 lenibus,
1218 2758 1444 2806 medendi

284 2816 516 2862 methodo
546 2817 693 2864 fidem
731 2817 919 2878 habeat,
947 2821 1070 2876 1393
1102 2821 1444 2882 integerrimus

283 2877 340 2925 in
375 2880 660 2940 exponenda
691 2881 918 2930 methodo
941 2883 1232 2931 variolam-um
1267 2899 1442 2932 curan-

285 2941 476 3000 darum,
501 2945 612 3000 340,
635 2946 762 3000 3413
811 2945 863 2992 ἰιι
897 2961 986 2995 sua
1005 2947 1213 2995 variolas
1244 2948 1446 2996 curandi

284 3004 517 3053 methodo
539 3021 636 3053 non
664 3007 963 3069 phantasiae,
986 3011 1070 3057 sed
1096 3010 1445 3073 phaenomenis

283 3069 512 3129 practicis
533 3069 658 3128 litat,
680 3072 802 3126 3623
835 3079 886 3119 et
906 3073 968 3120 de
987 3075 1370 3122 venae-sectione
1391 3073 1446 3121 in

285 3131 482 3178 *ariolis
495 3133 699 3194 paulurn
711 3141 869 3183 mutat
881 3137 1315 3198 sententiam‚quod
1330 3151 1444 3196 non,

285 3195 362 3241 uti
391 3195 548 3256 primo
579 3204 844 3254 censuerat,
874 3199 1098 3261 pustulas
1131 3200 1258 3248 intra
1283 3201 1444 3262 justos

285 3257 470 3306 limites
504 3261 709 3318 coiireet,
730 3262 854 3318 3383
903 3262 962 3310 de
993 3263 1189 3311 variolis
1223 3264 1339 3311 anui
1361 3267 1444 3313 ⁹80

285 3321 455 3368 scribit
475 3321 597 3378 ideo,
621 3329 680 3370 ut
699 3338 824 3385 quae
851 3325 968 3373 olim
997 3325 1284 3374 deficiebant
1303 3343 1364 3374 ex
1383 3328 1445 3375 iis

285 3399 414 3446 quae
435 3386 729 3447 experientia
751 3388 858 3448 jam
879 3389 1103 3436 annosior
1123 3398 1444 3452 suggesserat,

283 3448 502 3504 sarciret,
517 3451 638 3503 3313
671 3449 825 3498 filium
850 3453 1220 3510 suum,variolis
1236 3455 1445 3502 anomal.

286 3510 432 3558 discr.
475 3511 772 3560 laborantem
813 3529 905 3563 sua
946 3517 1174 3564 methodo
1215 3518 1443 3577 restituit,

288 3574 412 3630 1933
445 3575 588 3622 istius
605 3577 868 3625 sententiae
885 3593 982 3626 non
1001 3588 1090 3638 est,
1104 3595 1336 3628 venereae
1351 3581 1446 3629 luis

287 3637 588 3686 curationem
609 3639 872 3688 docendam
897 3657 994 3690 non
1015 3657 1132 3700 esse,
1157 3643 1270 3701 307,
1291 3646 1402 3692 308.

352 3700 595 3749 Auctores
636 3702 690 3749 in
726 3705 907 3752 morbis
949 3705 1291 3764 describendis,
1329 3707 1446 3756 talia

284 3763 436 3826 vulgo
473 3765 704 3839 praebent
740 3767 968 3826 subsidia,
999 3784 1124 3830 quae
1161 3777 1446 3833 sequentem

283 3827 450 3890 potius
481 3843 532 3875 m
569 3830 852 3893 praecipitia
975 3839 1045 3889 nt,
1081 3847 1228 3894 quam
1267 3835 1320 3882 in
1357 3849 1442 3910 ge-

283 3891 441 3938 nuina
483 3891 702 3940 Naturae
740 3847 972 3942 methggd
1007 3895 1285 3958 indaganda
1326 3897 1442 3945 diri-

282 3962 420 4016 gant,
443 3955 556 4012 307,
581 3957 703 4011 3083
738 3964 957 4006 auctores
977 3960 1062 4021 qui
1078 3959 1444 4018 ssvenae-sectio-

285 4033 401 4065 nem
423 4019 475 4065 in
497 4025 630 4080 peste
650 4021 1065 4080 commendarunt,
1095 4024 1200 4070 106.

353 4083 494 4128 Aura
529 4081 726 4130 liberior
757 4084 809 4131 in
839 4086 964 4132 tussi
991 4086 1201 4149 epidem.
1219 4085 1303 4137 ’75
1326 4101 1443 4135 con-

285 4144 518 4202 cedenda,
539 4147 812 4195 228-233.
842 4147 912 4210 [v.
936 4149 1076 4212 [ἐκ]

353 4210 612 4256 Autumno
628 4209 855 4258 humores
871 4221 987 4260 sunt
998 4212 1278 4260 viscidiores
1294 4227 1445 4275 quam

287 4287 417 4330 vere,
439 4272 530 4328 723
555 4281 815 4334 quartanae
835 4277 1058 4324 autumni
1074 4276 1288 4338 genuina
1307 4277 1446 4324 sobo-

285 4335 374 4392 les,
402 4335 490 4389 763
527 4343 794 4385 autumnus
816 4339 1100 4402 dysenteriis
1120 4339 1264 4396 favet,
1293 4341 1398 4388 188.

353 4397 618 4446 Axiomats
661 4407 883 4449 veterum
936 4403 995 4450 de
1037 4401 1244 4450 materia
1285 4403 1444 4452 febrili

281 4463 614 4528 praeparanda
657 4464 720 4514 sd
771 4465 920 4514 crisin
972 4481 1061 4529 per
1107 4465 1304 4514 sudores
1357 4466 1446 4515 rite

1519 474 1807 535 faciendam,
1842 476 1923 524 cui
1964 474 2089 524 febri
2130 474 2357 523 videntur
2398 472 2685 535 adaptanda,

1590 602 1881 650 Balsamum
1901 618 1928 651 e
1950 602 2130 651 Mecha
2149 601 2203 649 in
2219 600 2518 665 gonorrhoea
2539 599 2683 647 virul.

1523 664 1723 722 bonum,
1747 668 1857 714 315.

1592 728 1940 778 Bathonienses
1960 744 2115 792 aquae
2137 727 2189 775 in
2211 727 2465 775 affectione
2482 726 2685 790 hyster„

1594 856 1748 903 Bolus
1767 856 1821 904 in
1842 856 2106 912 diarrhoea,
2132 853 2242 911 173,
2266 854 2378 905 575.

1592 919 1830 968 Botanica
1861 934 2095 969 sennium
2126 918 2406 967 testimonio
2438 916 2577 965 debet
2608 918 2686 965 in·

1526 982 1636 1039 niti,
1661 984 1743 1031 36.

1594 1046 1845 1094 Brassicae
1865 1045 2039 1095 folium
2071 1045 2124 1095 in
2152 1044 2413 1110 pleuritide
2430 1044 2569 1093 lateri
2590 1044 2687 1093 im-

1526 1108 1826 1171 ponendum,
1849 1111 1961 1158 249.

1596 1172 1753 1231 Bubo,
1773 1173 1855 1221 vel
1882 1172 2081 1235 parntis,
2102 1173 2157 1220 in
2184 1178 2321 1235 peste
2350 1170 2472 1219 febri
2498 1172 2689 1219 ardenti

1527 1236 1891 1298 superveniens,
1915 1250 2083 1298 aegros
2106 1251 2137 1283 a
2160 1235 2383 1283 luctuoso
2411 1234 2690 1283 discrimine

1526 1314 1669 1362 saepe
1700 1299 1887 1356 liberat,
1920 1301 2015 1355 993
2065 1298 2283 1347 bubones
2312 1298 2367 1345 in
2396 1306 2531 1360 peste
2564 1314 2687 1361 quo-

1527 1364 1675 1409 modo
1706 1362 1841 1419 flant,
1868 1364 1987 1419 1553
2024 1362 2078 1410 in
2110 1362 2387 1409 abscessum
2420 1362 2685 1409 terminan-

1527 1432 1624 1483 tur,
1652 1428 1737 1474 101
1758 1444 1771 1483 3
1805 1426 2023 1473 bubones
2044 1424 2391 1488 pestilentiales
2412 1439 2687 1487 suppuran-

1529 1496 1601 1536 tes
1632 1488 1760 1546 licet,
1781 1488 1837 1537 in
1870 1489 2117 1553 pestilenti
2152 1488 2297 1547 febre,
2320 1488 2494 1535 incerti
2525 1494 2689 1536 tamen

1529 1567 1787 1600 successus
1820 1559 1955 1611 sunt,
2001 1553 2111 1609 104,
2156 1552 2277 1608 1153
2333 1552 2580 1599 interdum
2628 1567 2689 1600 ex

1527 1615 1791 1677 improviso
1806 1615 2070 1679 disparent,
2092 1616 2213 1671 1043
2248 1614 2689 1678 diaphoreticorum

1559 1688 1947 1727 raematurorum
1974 1679 2164 1727 actione
2185 1678 2427 1740 quomodo
2454 1679 2687 1740 intropel-

1613 1749 1710 1800 tur,
1728 1745 1820 1792 129
1836 1762 1847 1799 3
1884 1758 2027 1805 saepe
2040 1742 2436 1805 intropelluntur,
2450 1742 2493 1788 si
2511 1741 2687 1789 horum

1528 1808 1751 1854 materies
1767 1805 2047 1854 sudoriferis
2062 1806 2294 1863 aufertur,
2316 1807 2412 1852 104
2425 1823 2439 1861 3
2472 1805 2690 1852 bubones

1527 1870 1895 1929 retrocedentes,
1917 1869 2125 1917 maculis
2148 1868 2405 1932 purpureis
2427 1868 2688 1915 sueceden-

1527 1933 1675 1990 tibus,
1698 1932 1883 1990 letales,
1910 1933 2017 1991 104,
2045 1934 2166 1989 1053
2201 1934 2345 1993 eujus
2378 1946 2519 1993 saepe
2540 1946 2691 1979 causa

1527 1996 1719 2043 sudoris
1766 1997 2011 2059 expressio
2062 1997 2354 2059 importuna,
2408 1996 2521 2052 105,
2565 1995 2691 2051 1093

1527 2059 1747 2107 bubones
1774 2060 1979 2117 venerei,
2006 2074 2067 2107 ex
2094 2059 2391 2121 gonorrhoea
2422 2058 2565 2106 virui.
2586 2059 2688 2121 pri-

1529 2137 1669 2171 mum
1690 2123 1789 2170 luis
1808 2123 2015 2185 gradum
2036 2123 2356 2179 constituunt,
2380 2122 2492 2171 311.

1598 2186 1847 2235 Cachexia
1868 2202 1928 2233 ex
1951 2186 2239 2234 humoribus
2259 2185 2550 2247 depravatis,
2574 2184 2689 2236 377.

1600 2249 1793 2298 Calculi
1836 2250 2049 2297 minores
2091 2264 2154 2297 ex
2195 2264 2369 2297 renum
2417 2248 2548 2311 pelvi
2590 2264 2691 2296 nou

1531 2312 1713 2360 melius
1737 2313 2056 2361 deturbantur
2088 2328 2235 2375 quam
2258 2328 2497 2374 aquarum
2518 2312 2691 2375 chaly-

1531 2375 1781 2424 beatarum
1803 2390 1915 2436 usu,
1937 2378 2051 2433 526,
2067 2376 2159 2432 273
2198 2376 2418 2423 calculus
2446 2390 2509 2423 au
2533 2377 2693 2437 major

1530 2454 1682 2501 quam
1702 2446 1759 2488 ut
1786 2454 1873 2502 per
1890 2446 2100 2487 ureteres
2122 2446 2347 2497 transeat,
2366 2439 2445 2487 vel
2459 2454 2519 2487 an
2541 2438 2689 2501 lapil-

1529 2502 1691 2551 lorum
1720 2505 1965 2566 congeries
1986 2505 2039 2550 in
2059 2502 2191 2566 pelvi
2214 2502 2424 2562 haereat,
2447 2503 2689 2566 quomodo

1530 2567 1859 2628 dignoscatur,
1892 2569 2003 2624 526,
2038 2567 2159 2622 5733
2194 2567 2413 2615 calculus
2445 2581 2506 2614 ex
2538 2567 2689 2615 decu-

1529 2629 1640 2676 bitu
1660 2631 1715 2678 in
1736 2630 1877 2706 dorso
1898 2645 2047 2693 supra
2064 2631 2249 2706 lectum
2272 2629 2564 2707 submollem
2585 2631 2689 2693 pri-

1531 2694 2691 2832 fflmz’ffi‘ffifflfissfflffiffisszffi

1530 2819 1790 2880 agendum,
1814 2821 1941 2875 3953
1973 2817 2192 2866 calculus
2212 2833 2385 2866 renum
2407 2819 2485 2867 vel
2502 2835 2691 2868 vesicae

1529 2881 1792 2944 aliquando
1822 2883 2016 2930 videtur
2036 2882 2219 2940 adesse,
2243 2883 2371 2943 quod
2403 2889 2596 2930 tantum
2617 2885 2686 2930 ef-

1530 2945 1689 2992 fectus
1711 2952 1786 2993 est
1811 2945 2083 3007 hyster-icae
2108 2944 2281 3002 effect„
2304 2947 2415 3004 200,
2440 2948 2551 3002 201,
2576 2947 2691 3004 366,

1531 3007 1660 3064 3673
1690 3008 1843 3071 hujus
1876 3007 2169 3071 exemplum,
2194 3008 2279 3055 ubi
2312 3008 2501 3056 calculo
2532 3007 2693 3057 dicata

1529 3072 1782 3129 nocebant,
1796 3072 2041 3120 narcotica
2056 3072 2310 3133 juvabant,
2325 3074 2418 3120 201
2435 3091 2448 3127 3
2468 3071 2691 3120 calculus

1531 3149 1631 3196 qua
1654 3135 1841 3183 ratione
1864 3150 1915 3182 se
1936 3135 2317 3182 manifestaverit
2337 3135 2390 3182 iu
2423 3135 2531 3198 ipso
2551 3136 2689 3183 Auc-

1529 3205 1648 3256 tore,
1672 3201 1763 3246 521
1794 3215 1897 3262 sq.;
1941 3197 2159 3246 calculus
2189 3212 2363 3245 renum
2394 3198 2448 3246 in

1527 3261 1797 3310 inveterata
1831 3262 2121 3326 plerumque
2150 3261 2383 3319 nascitur,
2417 3261 2530 3318 415,
2562 3263 2691 3318 4473

1530 3325 1651 3387 quid
1690 3333 1798 3373 tum
1820 3324 2077 3388 agendum,
2106 3325 2221 3382 447,
2243 3327 2337 3382 483
2372 3325 2592 3372 calculus
2610 3341 2687 3372 re-

1529 3402 1653 3436 num
1674 3388 1728 3437 in
1934 3389 2023 3436 ’cis
2052 3395 2177 3452 potu
2204 3389 2304 3436 acri
2332 3394 2382 3436 et
2408 3395 2689 3438 attenuante

1529 3457 1639 3499 tum
1661 3453 1899 3500 excitatur
1919 3458 2025 3500 tum
2045 3457 2318 3514 generatur,
2336 3453 2449 3510 436,
2473 3452 2564 3507 373
2600 3466 2687 3500 ex-

1528 3515 1699 3564 ercitio
1754 3515 1964 3580 corporis
2017 3516 2341 3564 constantiore
2393 3515 2689 3579 prohibetur,

1526 3579 1811 3641 praesertim
1832 3579 2142 3642 equitatione,
2165 3580 2244 3628 vel
2266 3579 2487 3627 vectione
2505 3580 2556 3626 in
2579 3595 2689 3627 cnr-

1526 3657 1602 3699 ru,
1617 3645 1731 3698 441,
1744 3645 1867 3700 4443
1900 3644 2211 3706 praevenitur
2222 3643 2417 3718 copiosa
2432 3643 2689 3692 cerevisiae

1526 3706 1691 3754 tenuis
1712 3706 1803 3754 sub
1820 3715 2014 3754 noctem
2034 3713 2401 3769 compotatione,
2424 3708 2537 3762 433,
2562 3709 2687 3764 5253

1526 3769 1646 3816 item
1680 3776 1800 3833 potu
1833 3770 2087 3818 diaetetico
2123 3770 2231 3817 loco
2266 3777 2411 3832 potus
2444 3769 2689 3827 ordinarii,

1526 3833 1641 3946 436,
1677 3833 1801 3947 47373
1852 3832 2028 3881 calculi
2062 3833 2263 3890 curatio,
2304 3833 2415 3890 447,
2436 3833 2549 3889 448,
2574 3835 2689 3890 526,

1532 3897 1560 3942 5
1596 3897 1643 3952 2,
1668 3899 1697 3943 5
1734 3897 1763 3943 3
1787 3911 1811 3943 s
1845 3931 1859 3944 .

1596 3910 1941 4007 Calefacigntia
1969 3957 2254 4006 antidotalia
2293 3963 2483 4021 pestem
2523 3958 2688 4019 potius

1526 4029 1781 4070 accersunt
1808 4036 1955 4084 quam
1984 4021 2317 4084 praeveniunt,
2354 4021 2473 4076 1023
2508 4021 2685 4069 calefa-

1527 4085 1707 4133 cientia
1742 4085 1793 4132 in
1828 4085 2081 4148 apoplexia
2112 4091 2304 4141 nocent,
2339 4084 2458 4140 5703
2498 4085 2691 4133 corticis

1531 4148 1708 4197 Peruv.
1744 4148 2005 4195 salutarem
2044 4148 2284 4195 actionem
2328 4147 2490 4196 delent
2526 4147 2581 4194 in
2614 4149 2685 4195 fe-

1527 4211 1697 4259 bribus
1720 4212 1991 4268 intermitt„
2010 4213 2129 4267 2863
2164 4211 2215 4258 in
2238 4211 2511 4276 dysenteria
2526 4211 2691 4272 qualia

1562 4274 1861 4322 haenomena
1896 4275 2145 4330 inducant,
2173 4275 2295 4330 1683
2331 4290 2360 4322 a
2397 4275 2605 4322 Medicis
2634 4275 2687 4324 iu

1549 4338 1743 4386 ebribus
1765 4353 1913 4400 quare
1940 4337 2067 4386 male
2092 4338 2392 4396 exhibentur,
2414 4340 2535 4395 5093
2572 4346 2689 4400 quot

1529 4401 1663 4449 mala
1702 4401 1912 4450 inferant
1947 4403 2001 4450 in
2036 4401 2167 4450 febre
2198 4401 2401 4464 epidem.
2438 4403 2552 4449 anni
2589 4403 2687 4461 ’73,

1532 4467 1659 4522 2083
1696 4466 1751 4514 in
1782 4465 1914 4516 febr·
1944 4479 2071 4514 nova
2104 4465 2329 4529 spidem.,
2362 4467 2485 4523 5013
2526 4465 2577 4514 in
2611 4466 2687 4518 fe-
