3138 5006
641 282 727 344 92
937 331 947 343 .
1267 275 1659 342 THOMAE
1707 275 2221 342 SYDENHAM

373 439 450 488 Fr.
420 453 584 488 sunus
640 436 881 508 tamen,
915 436 981 494 et
1009 435 1170 514 potu
1198 429 1601 514 generosiore
1628 429 2013 501 reficiendus
2043 436 2179 509 est,
2225 429 2395 497 foras
2422 448 2510 501 ne
2540 433 2745 506 exeat,
2767 428 2845 491 in

339 503 580 616 Radix„
505 581 619 614 nun
642 534 810 596 lecto
841 553 909 598 se
939 533 1054 598 diu
1096 533 1504 616 multumque
1547 533 1899 598 contineat.
1986 533 2189 599 Alvus
2221 532 2341 599 sub
2370 532 2494 595 hoc
2528 531 2847 613 regimine

381 635 484 680 ’‘61
492 633 586 680 '·⁶‘¹·
637 638 816 721 justo
851 637 973 702 erit
1018 637 1356 715 astrictior,
1385 635 1562 700 unde
1591 642 1667 700 ut
1697 637 1895 700 etiam
1938 656 1981 698 a
2017 635 2370 701 calidorum
2412 634 2846 706 medicamen-

645 749 862 810 torum
889 761 1015 804 usu
1045 759 1083 802 a
1112 739 1316 804 Febre
1347 739 1489 821 quis
1520 737 1645 803 sibi
1672 744 1943 816 metuat,
1968 738 2081 805 sed
2098 759 2265 804 vano
2294 759 2553 822 prorsus
2582 738 2817 808 timore
2826 760 2848 813 3

644 863 794 909 cum
853 841 1135 924 spiritus,
1196 841 1619 910 antecedente
1690 840 1917 909 morbo
1973 861 2141 924 pene
2214 839 2533 918 exhausti,
2601 859 2850 904 novum

645 943 946 1026 deinceps
987 965 1122 1032 non
1164 944 1420 1009 valeant
1471 942 1839 1008 accendere.
1931 943 2088 1009 Post
2147 941 2392 1025 aliquot
2452 940 2847 1025 septimanas

643 1047 956 1130 paulatim
1012 1046 1086 1114 in
1141 1045 1373 1110 melius
1430 1044 1741 1128 proficiet,
1795 1066 1923 1128 quo
1970 1051 2261 1127 tempore
2308 1043 2524 1108 omitti
2572 1049 2847 1126 possunt

645 1147 936 1212 cardiaca
965 1147 1048 1218 ad
1078 1147 1214 1214 dies
1251 1148 1596 1232 pauculos3
1642 1147 1857 1213 diaeta
1893 1167 2043 1213 vero
2087 1145 2449 1229 analeptica
2468 1145 2716 1228 jugiter
2741 1144 2847 1216 in<

645 1251 994 1329 stituenda,
1050 1257 1118 1314 et
1173 1257 1320 1335 post
1375 1250 1637 1317 brevem
1692 1249 2239 1318 intermissionem
2296 1248 2687 1331 repetendus
2744 1253 2849 1318 est

647 1352 858 1418 denuo
887 1352 1324 1419 cardiacorum
1353 1374 1528 1430 usus,
1560 1357 1755 1434 atque
1782 1352 1855 1418 in
1884 1372 1962 1416 eo
1989 1349 2467 1436 persistendum
2510 1349 2715 1417 (101100
2741 1348 2847 1419 in-

645 1463 832 1538 tegra
860 1453 1136 1522 sanitate
1163 1455 1436 1518 fruatur.

742 1558 908 1640 [56.]
962 1557 1157 1626 Dicta
1197 1557 1544 1623 methodus
1601 1553 1897 1623 Maniam
1956 1555 2155 1622 etiam
2214 1575 2379 1638 quae
2436 1553 2554 1618 has
2600 1515 2846 1624 Fehres

642 1659 909 1723 minime
943 1659 1211 1742 excepit,
1251 1658 1636 1742 quandoque
1688 1657 1957 1736 sanavit,
2001 1656 2315 1739 frigidiori
2360 1655 2603 1726 scilicet
2648 1661 2848 1737 atque

639 1759 978 1830 infirmiori
1006 1767 1516 1844 temperamento
1544 1759 1873 1844 praediti&
1930 1761 2129 1825 Anno
2150 1779 2360 1842 nuper
2392 1757 2607 1841 elapso
2639 1756 2849 1827 Saria-¹

640 1863 896 1932 buriam
926 1862 1308 1942 accersebat,
1341 1870 1418 1929 ut
1447 1884 1598 1932 cum
1628 1861 1891 1930 Medico
1919 1861 2175 1931 erudito
2205 1868 2274 1928 et
2309 1861 2523 1943 sagaci
2552 1859 2851 1942 mihique,

641 1965 1187 2080 conjunctissimO,
1235 1966 1356 2030 D¹¹⁰
1400 1966 1681 2030 Doctore
1725 1964 2023 2041 Thomas,
2067 1963 2390 2032 foeminae
2436 1961 2641 2032 nobili
2686 1981 2852 2030 0011-

644 2068 941 2145 sulerem,
993 2067 1100 2136 0111
1157 2067 1537 2150 imaginatio
1597 2065 1774 2132 haud
1816 2087 2047 2150 parum
2094 2065 2220 2131 fuit
2266 2065 2458 2132 13033.
2565 2064 2847 2130 Verum‘·

642 2169 966 2248 adhibitis,
1017 2169 1215 2233 etiam
1261 2189 1412 2234 cum
1453 2170 1594 2252 jam
1638 2189 2003 2251 praegnans
2056 2172 2243 2245 esset,
2296 2165 2597 2234 remedi-is
2646 2164 2847 2232 modo

643 2270 831 2342 dictis
861 2271 944 2338 ad
973 2292 1198 2336 sanam
1227 2270 1493 2337 omnino
1523 2277 1812 2336 mentem
1839 2269 2052 2338 rediit.

340 2402 512 2450 Mani„
743 2372 953 2458 [57.]¹³
969 2375 1284 2439 Attamen
1313 2373 1544 2440 Mania
1572 2372 1951 2450 communis,
1977 2392 2141 2456 quae
2170 2368 2413 2454 vegetis
2441 2368 2839 2448 hominibus,

569 2466 612 2579 ἒξ
645 2483 839 2561 atque
867 2476 1064 2541 etiam
1093 2476 1276 2541 nulla
1312 2475 1518 2542 Febre
1546 2495 1937 2559 praegressa,
1969 2474 2255 2539 accidere
2278 2473 2461 2553 solet,
2494 2473 2657 2541 alius
2686 2492 2847 2541 sane

559 2612 588 2644 a
642 2578 972 2664 prosapiae
1015 2585 1132 2656 est,
1173 2600 1248 2643 ac
1285 2577 1554 2662 proinde
1588 2578 1782 2660 longe
1826 2577 2091 2655 diversa,
2124 2576 2337 2660 quoad
2378 2575 2845 2652 evacuationem

641 2680 948 2746 methodo
991 2681 1365 2758 tractanda3
1410 2679 1673 2746 tametsi
1710 2678 1813 2743 vel
1852 2677 1925 2745 in
1953 2679 2073 2746 hac
2104 2678 2312 2761 specie
2348 2697 2425 2743 ea
2465 2697 2630 2759 quae
2670 2696 2847 2740 cere-

643 2784 836 2853 brum
916 2790 1110 2867 atque
1187 2781 1448 2866 spiritus
1513 2780 1823 2847 animales
1896 2778 2312 2849 corroborant
2375 2778 2553 2846 haud
2624 2777 2848 2851 omitti

643 2886 902 2954 debent.
992 2886 1410 2955 curationem
1468 2890 1689 2949 autem
1746 2884 1905 2965 ejus,
1956 2882 2079 2948 etsi
2124 2904 2261 2946 non
2319 2882 2405 2946 sit
2451 2881 2647 2964 hujus
2693 2880 2843 2959 loci,

643 2988 854 3053 obiter
896 2995 1121 3052 tamen
1165 2986 1530 3071 praedictae
1582 2985 1816 3068 speciei
1874 2984 2254 3052 subnectere
2312 3004 2447 3047 non
2508 2981 2848 3065 gravabor,

643 3111 728 3154 ne
794 3090 937 3173 quis
1003 3090 1171 3157 forte
1243 3110 1396 3173 prae
1461 3087 1885 3153 similitudine
1961 3085 2335 3151 morborum
2410 3086 2484 3149 in
2554 3104 2842 3153 errorem

644 3190 969 3273 illabatur.

335 3308 554 3383 ejusdem
742 3292 910 3375 [58.]
962 3293 1048 3356 In
1070 3290 1436 3373 junioribus
1459 3310 1533 3355 ac
1563 3290 1919 3373 sanguineo
1946 3290 2177 3354 habitu
2205 3289 2511 3374 praeditis
2540 3288 2845 3353 mittatur

335 3381 533 3421 “mm
645 3394 908 3476 sanguis
937 3414 1015 3459 ex
1049 3392 1310 3458 brachio
1341 3392 1424 3455 ad
1451 3392 1676 3455 uncias
1716 3399 1861 3455 octo
1887 3392 1987 3457 vel
2017 3412 2248 3457 novem
2287 3389 2388 3454 bis
2422 3391 2523 3457 vel
2550 3396 2671 3466 ter,
2704 3388 2839 3453 die-

643 3495 765 3560 bus
795 3495 1002 3559 tribus
1030 3495 1204 3558 inter
1232 3494 1518 3577 singulas
1539 3494 2084 3558 venae-sectiones
2112 3491 2527 3575 interpositis.
2587 3489 2843 3555 Deinde

645 3598 842 3661 semel
872 3597 1245 3660 extrahatur
1284 3595 1546 3678 sanguis
1587 3616 1667 3659 ex
1700 3596 1878 3659 venis
1909 3594 2340 3678 jugularibus.
2431 3594 2629 3657 Ultra
2666 3592 2845 3655 hunc

643 3698 911 3775 modum
938 3698 1248 3781 repetitae
1277 3697 1821 3763 venae-sectiones
1851 3717 2119 3779 aegrum
2148 3696 2365 3779 potius
2392 3694 2464 3758 in
2494 3694 2845 3770 stultitiam

644 3800 912 3876 ducunt,
973 3821 1168 3883 quam
1231 3799 1632 3863 curationem
1692 3798 2049 3864 absolvunt.
2140 3798 2374 3861 Postea
2431 3796 2845 3879 aggrediatur

642 3924 836 3965 usum
863 3901 1210 3985 pilularum
1239 3922 1317 3964 ex
1347 3900 1619 3979 duobus,
1641 3920 1914 3984 quarum
1938 3900 2311 3964 drachmam
2336 3898 2527 3963 semis
2546 3897 2647 3961 vel
2669 3918 2845 3961 scru-

643 4006 830 4089 pulos
880 4003 1059 4083 duos,
1106 4024 1225 4086 pro
1280 4004 1532 4067 ratione
1592 4002 2001 4087 operationis,
2053 4002 2265 4085 capiat
2324 4002 2521 4065 semel
2572 4000 2847 4083 singulis

549 4186 555 4191 ⁵
643 4106 1036 4192 septimaniS,
1086 4112 1255 4170 stato
1302 4106 1442 4184 (11ος
1500 4106 1597 4170 ita
1652 4112 1730 4169 ut
1789 4105 1844 4169 si
1908 4104 2107 4187 (verbi
2166 4103 2420 4187 gratia,)
2487 4102 2591 4166 die
2648 4103 2844 4189 lunae

643 4210 851 4292 primo
885 4207 1117 4290 pilulas
1157 4208 1593 4291 assumpserit,
1622 4207 1903 4291 praecise
1944 4206 2170 4271 eodem
2208 4206 2348 4289 ipso
2394 4204 2516 4283 die,
2558 4224 2679 4268 nec
2715 4203 2840 4266 fre-

647 4310 972 4392 quentius,
1035 4309 1452 4393 sequentibus
1519 4309 1894 4393 septimanis
1963 4309 2226 4375 eaedem
2283 4311 2662 4389 repetantur
2727 4326 2845 4388 per

775 4470 790 4497 ⁸
823 4460 996 4522 verum]
1023 4476 1116 4509 om.
1139 4462 1210 4509 ed.
1238 4462 1332 4511 ’76.
2054 4456 2075 4479 “
2109 4462 2161 4520 §5
2188 4458 2379 4510 57-59
2403 4474 2495 4521 om.
2522 4458 2593 4505 ed.
2615 4456 2708 4508 ⁹76.
