3138 5006
532 320 1325 391 OBSERVATIONUM
1371 324 1941 390 MEDICARUM
1988 341 2036 394 Ι.
2076 342 2127 390 6.
2355 328 2441 392 ¹73

246 496 431 568 state,
461 488 835 572 praesertim
875 488 987 552 illa
1016 509 1178 571 quae
1214 495 1525 553 aestatem
1558 488 1819 572 propius
1850 490 2135 573 attingit,
2165 502 2442 574 paucae?
2501 502 2710 552 Faunus

248 592 481 657 Febres
512 590 877 655 Continuae
906 596 1263 668 occurrant,
1296 590 1422 654 nisi
1464 590 1632 655 forte
1667 590 2044 657 constitutio
2081 593 2278 657 fuerit
2308 593 2439 678 epi·
2466 567 2745 681 Ᾱζζξζζκ

246 694 509 758 demica.
598 691 1151 756 Fermentationes
1204 692 1377 756 enim
1436 696 1598 757 tunc
1655 692 1960 777 temporis
2019 694 2281 759 obortae
2337 696 2439 759 vel
2503 697 2705 744 ’61-’64-

246 795 459 859 subito
509 794 993 876 consopiuntur,
1041 794 1144 857 vel
1190 793 1275 857 ad
1328 793 1870 859 intermissionem
1928 804 2295 881 properant,
2339 799 2440 862 vel
2464 793 2574 825 vere
2585 795 2749 829 ⁰⁰⁰⁰*

244 898 523 980 denique
565 903 779 980 partes
825 896 1169 959 humorum
1219 896 1302 960 ad
1350 898 1816 979 separationem
1874 900 2203 982 proniores
2255 921 2440 985 prae-
2464 850 2714 957 {3213th

242 1007 495 1064 mature
539 1007 606 1064 et
636 1020 784 1064 cum
822 1000 886 1062 vi
923 999 1199 1082 quadam
1251 999 1377 1063 alio
1421 999 1945 1079 transfenmtur5
1992 1023 2070 1066 ex
2119 1024 2246 1086 quo
2289 1024 2438 1068 mox
2463 976 2750 1100 {ssffiffiiffi

244 1102 543 1186 anginae,
609 1100 1194 1186 peripneumoniae,
1263 1100 1660 1185 pleuritides,
1732 1101 2020 1185 aliaeque
2091 1104 2160 1168 id
2233 1125 2442 1187 genus

240 1212 455 1289 pestes
500 1209 931 1283 succrescunt,
977 1224 1160 1287 quae,
1206 1203 1541 1267 desinente
1584 1204 1988 1287 potissimum
2031 1226 2197 1285 vere,
2243 1214 2442 1292 caput

242 1328 433 1371 suum
465 1314 759 1371 exerunt.

342 1410 508 1494 [11.]
530 1418 553 1446 ¹
597 1408 1045 1474 Animadverti
1081 1408 1319 1473 Febres
1356 1409 1876 1475 Intermittentes
1907 1412 2220 1476 Vernales
2249 1412 2438 1476 raris-
2468 1432 2716 1483 Intermit-

242 1512 405 1577 sime
420 1513 620 1576 fuisse
641 1512 1001 1590 diuturnas,
1025 1532 1275 1595 semper
1289 1532 1438 1576 vero
1461 1513 1772 1577 salutares
1789 1539 1810 1591 5
1840 1513 1936 1577 ita
1949 1521 2026 1578 ut
2043 1514 2146 1578 vel
2161 1515 2438 1578 maxime
2463 1500 2744 1611 ffissiffiflr·

242 1637 442 1681 senex
468 1616 572 1679 vel
599 1615 826 1679 debilis
857 1614 1171 1699 quispiam
1200 1614 1656 1679 officiosissima
1681 1616 2290 1700 damnosissimaque
2319 1618 2438 1680 im·
2464 1627 2657 1675 rissime

242 1718 615 1803 peritissimi
643 1718 987 1803 cujuslibet
1015 1719 1344 1805 περιεργίᾳ
1371 1718 1584 1801 (modo
1613 1718 1852 1802 probus
1881 1720 1936 1782 is
1965 1719 2203 1800 fuerit,)
2239 1738 2276 1785 e
2304 1741 2438 1783 me-
2463 1692 2735 1819 ffgffissffoe'

245 1821 356 1886 dio
384 1822 489 1885 vix
519 1828 713 1904 queat
734 1821 893 1885 tolli.
942 1820 1235 1903 Contigit
1264 1820 1423 1883 mihi
1453 1828 1676 1886 tamen
1692 1822 1906 1887 videre
1923 1822 2258 1887 Tertianas
2281 1822 2438 1886 Ver·
2461 1836 2574 1868 *²¹⁰
2597 1822 2730 1869 ⁸⁸¹⁰·

242 1925 447 2004 nales,
472 1946 653 2009 quae,
673 1924 754 1989 ob
785 1923 1285 2008 phlebotomiam
1316 1930 1381 1987 et
1399 1924 1726 1988 catharsin
1744 1924 2035 1989 indebite
2066 1925 2439 2005 celebratas,
2466 1892 2730 2013 332⁸„oe

244 2036 317 2093 et
344 2028 635 2110 regimen
660 2027 926 2110 insuper
954 2046 1101 2090 cum
1132 2025 1354 2091 morbo
1381 2026 1549 2091 male
1582 2026 1923 2111 quadrans,
1955 2050 2164 2093 moras
2191 2034 2444 2093 traxere
2467 2029 2746 2077 vernale„

243 2130 445 2195 etiam
475 2151 679 2213 usque
702 2129 787 2193 ad
806 2135 1060 2211 tempus
1081 2128 1243 2192 illud
1262 2149 1391 2212 quo
1409 2128 1842 2192 Autumnales
1866 2130 2074 2193 solent
2097 2128 2403 2194 invadere
2421 2156 2441 2209 ς
2467 2093 2721 2207 &Laxta-

242 2253 413 2317 quae
454 2238 823 2316 tempestas,
864 2251 1012 2295 cum
1051 2231 1245 2315 hujus
1290 2230 1499 2294 morbi
1542 2230 1734 2315 genio
1778 2232 1863 2296 sit
1907 2232 2252 2300 admodum
2292 2253 2442 2297 con·
2467 2222 2680 2335 ξέἑξζζξὲ

240 2335 467 2414 traria,
488 2334 767 2399 eundem
798 2334 1207 2398 continenter
1237 2332 1560 2417 extinguit
1566 2359 1590 2412 3
1622 2355 1814 2416 aegro
1835 2334 2096 2398 interim
2117 2335 2444 2418 frequenti
2469 2350 2720 2399 celebratis
2747 2374 2754 2383 ·

240 2458 769 2524 paroxysmorum
809 2436 1315 2521 reduplicatione
1354 2443 1419 2501 et
1460 2436 1800 2501 duratione
1841 2437 2130 2521 longiore
2157 2438 2253 2502 ita
2279 2460 2446 2524 pene
2468 2422 2667 2529 {2233}-

240 2542 543 2607 confecto
592 2548 671 2606 ut
720 2541 793 2604 in
842 2540 1143 2604 extremis
1184 2540 1423 2604 versari
1462 2539 1776 2620 videatur,
1823 2563 1987 2626 quae
2025 2542 2446 2608 nihilominus

247 2645 601 2731 (quatenus
642 2643 800 2707 mihi
831 2643 1146 2707 hactenus
1190 2642 1524 2707 observare
1566 2643 1796 2728 licuit,)
1843 2665 2091 2728 semper
2134 2652 2232 2709 est
2277 2647 2448 2711 eluc-

240 2753 449 2811 tatus.
548 2746 712 2830 [12.]
765 2745 1000 2830 Neque
1038 2745 1111 2809 in
1139 2745 1732 2810 convalescentibus
1763 2745 1844 2810 ab
1874 2747 1997 2811 hoc
2036 2748 2259 2812 morbo
2289 2749 2450 2812 mihi

242 2848 461 2912 adhuc
490 2848 687 2913 subiit
714 2848 931 2912 videre
961 2847 1332 2930 gravissima
1372 2847 1485 2911 illa
1528 2854 1980 2932 symptomata,
2014 2870 2176 2932 quae
2210 2850 2310 2930 (ut
2348 2849 2448 2912 in·
2579 2837 2586 2842 ⁶

240 2951 347 3016 fra
386 2949 451 3037 [ς
481 2951 569 3014 46
598 2949 725 3038 sq.]
760 2950 1054 3032 dicetur,)
1097 2949 1618 3014 Intermittentes
1658 2951 2088 3014 Autumnales
2127 2950 2448 3015 diuturni-

238 3075 391 3120 ores
434 3060 796 3138 sequuntur
802 3079 821 3132 3
867 3053 1171 3117 lethalem
1213 3052 1507 3136 intelligo
1550 3052 1955 3117 tonsillarum
1998 3053 2448 3118 inflammatio-

242 3179 424 3236 nem,
445 3164 737 3222 ventrem
758 3156 1155 3235 induratum,
1175 3162 1460 3220 tumores
1476 3155 1878 3240 hydropicos,
1901 3163 2023 3221 etc.
2071 3158 2229 3220 Plus
2249 3157 2447 3222 semel
2475 3167 2748 3245 Aeg-mrum

238 3265 470 3324 tamen
499 3259 746 3324 adverti
788 3280 1011 3343 aegros
1042 3280 1083 3323 a
1110 3259 1319 3323 morbi
1357 3258 1788 3323 diuturnitate
1819 3266 1884 3324 et
1921 3279 2446 3344 paroxysmorum
2469 3233 2721 3346 2212222?
2725 3261 2746 3271 “

240 3361 755 3445 ingeminatione
802 3361 1278 3445 (accedentibus
1322 3361 1407 3425 ad
1448 3361 1764 3425 malorum
1807 3361 2136 3425 cumulum
2183 3381 2444 3426 evacua-
2467 3363 2592 3438 tiunq
2615 3377 2738 3437 pon-

238 3463 535 3530 tionibus
563 3464 899 3548 repetitis,)
935 3465 1019 3528 ad
1048 3485 1367 3528 summam
1399 3463 1799 3528 debilitatem
1829 3463 2140 3543 redactos,
2173 3463 2286 3528 ubi
2315 3465 2443 3549 pri-
2468 3426 2684 3538 {2322}ssss

240 3588 426 3630 mum
458 3567 788 3650 coeperint
826 3566 1285 3645 convalescere,
1317 3567 1387 3630 in
1430 3565 1712 3630 maniam
1745 3566 2065 3646 incidisse,
2099 3589 2263 3650 quae
2306 3567 2450 3650 pari
2467 3555 2706 3603 incidunt.

240 3691 397 3734 cum
444 3668 557 3745 illo
598 3689 795 3753 passu
834 3669 1097 3732 recessit
1136 3689 1265 3752 quo
1304 3668 1656 3734 eorundem
1700 3668 1864 3732 vires
1908 3669 1988 3732 de
2021 3691 2187 3734 novo
2230 3669 2443 3734 redin-

242 3773 697 3857 tegrabantur.

255 3931 265 3944 .
344 3875 513 3959 [13.]
571 3875 1090 3940 Intermittentes
1128 3895 1277 3940 vero
1306 3875 1738 3941 Autumnales
1767 3876 1962 3960 longe
2001 3877 2188 3941 aliter
2226 3897 2294 3940 se
2329 3877 2444 3940 ha-

241 3976 429 4043 bent.
475 3977 693 4042 Primo
723 3978 897 4043 enim
914 3977 1239 4057 Tertiana,
1261 3977 1414 4043 licet
1444 3978 1678 4062 quibus
1708 3979 1896 4043 annis
1927 3979 2284 4063 epidemica
2309 4001 2445 4043 non
2468 3988 2698 4037 Tertiam

242 4087 367 4158 est,
418 4086 484 4144 et
531 4101 720 4145 sanos
770 4081 1037 4161 invadit,
1084 4080 1212 4144 cito
1259 4101 1728 4165 nonnunquam
1779 4103 1848 4146 se
1897 4081 2186 4166 proripit,
2234 4102 2446 4165 neque
2465 4053 2748 4180 sssufflgg

242 4182 543 4267 pluribus
601 4183 878 4268 stipatur
939 4183 1385 4267 symptomatis
1445 4205 1642 4268 quam
1689 4205 1852 4268 quae
1908 4205 2105 4248 verno
2157 4190 2446 4266 tempore
2468 4181 2597 4229 “¹⁵0⁸
2617 4183 2749 4230 haud

244 4286 627 4368 contingere
656 4287 867 4350 solent
888 4285 1265 4365 Tertianae3
1310 4286 1425 4351 ubi
1454 4295 1677 4351 tamen
1705 4287 2056 4371 epidemice
2097 4292 2442 4368 grassatur,
2469 4261 2752 4374 ζῖᾗεέρι-ῑ.

244 4395 317 4452 et
366 4395 581 4454 aetate
628 4389 1053 4475 provectiores
1104 4398 1219 4454 aut
1275 4411 1471 4474 pravo
1522 4391 1802 4474 corporis
1852 4389 2082 4454 habitu
2127 4388 2446 4474 praeditos
2470 4375 2594 4424 ⁰⁰¹⁰·

246 4525 275 4560 r
290 4515 499 4579 paucae]
522 4521 597 4566 vel
610 4534 789 4580 paucae
804 4521 878 4568 vel
896 4521 1071 4568 omnino
1088 4521 1240 4568 nullae
1262 4517 1368 4566 edd.
1387 4518 1483 4577 ⁹66,
1506 4519 1602 4567 ³68.
1669 4525 1690 4548 ¹
1712 4521 1764 4580 §5
1788 4519 1974 4566 11-15
1992 4533 2087 4566 om.
2107 4516 2214 4566 edd.
2234 4518 2330 4576 ³66,
2350 4518 2444 4568 ’68.

1329 4619 1369 4661 1.
