3138 5006
542 297 1333 363 OBSERVATIONUM
1379 297 1949 361 MEDICARUM
1998 312 2043 364 Ι.
2090 318 2133 364 1.
2348 300 2431 361 27

243 460 370 523 tius
422 459 616 542 longe
669 480 864 542 quam
915 459 1054 522 fieri
1105 457 1444 536 cernimuS,
1499 458 1702 533 illum,
1756 457 1839 521 ad
1894 478 2086 540 quem
2136 457 2435 520 remediis
2462 474 2739 522 DnMonn.

239 561 413 625 hisce
455 561 727 644 ingratis
771 562 1074 639 collimat,
1122 561 1416 624 sanitatis
1462 581 1726 643 scopum
1771 560 2141 641 attingeret,
2181 559 2309 622 nisi
2353 561 2433 624 ab
2476 539 2726 650 ‘2212'ng

237 662 482 745 ignaris
541 684 582 726 a
638 672 816 726 recto
868 683 1061 746 quem
1111 669 1294 726 tenet
1354 683 1548 725 cursu
1609 662 2135 746 detorqueretur;
2204 683 2433 726 verun-

237 771 480 843 tamen,
518 786 668 828 cum
707 765 832 828 sibi
873 765 1116 844 relicta,
1155 765 1258 828 vel
1300 764 1655 847 nimiopere
1700 764 2052 846 satagendo
2089 765 2191 827 vel
2234 765 2432 827 etiam

237 869 362 933 sibi
393 869 767 949 deficiendo,
797 871 1130 934 hominem
1158 870 1336 934 letho
1377 870 1508 947 dat,
1539 869 1784 934 ferreae
1822 869 1919 931 illi
1959 877 2153 952 atque
2190 869 2432 932 insolu-

234 969 352 1033 bili
396 971 808 1036 mortalitatis
858 972 990 1054 legi
1039 971 1415 1054 obsequitur
1465 972 1573 1034 cui
1636 976 1677 1006 “
1696 969 2039 1034 debemus‘
2100 992 2219 1035 nos
2286 992 2432 1035 nos-

233 1079 468 1156 traque
489 1074 549 1136 :”
594 1080 768 1137 recte
798 1073 975 1137 enim
1004 1073 1336 1150 Boethius,
1369 1079 1563 1155 atque
1595 1093 1672 1136 ex
1700 1091 1920 1136 rerum
1950 1093 2161 1151 sensu,

698 1211 730 1236 ‘⁸
750 1209 968 1266 Constat,
990 1216 1186 1257 aeterna
1204 1209 1516 1272 positumque
1534 1208 1645 1271 lege
1666 1215 1755 1266 est,

812 1290 1016 1337 Constet
1039 1295 1096 1337 ut
1115 1289 1337 1352 genitum
1359 1287 1528 1338 nihils·
1600 1287 1701 1351 [De
1722 1291 1895 1337 Consol-
1922 1291 2093 1338 Philas.
2114 1288 2165 1337 ii.
2193 1288 2269 1351 3.]

243 1385 370 1469 [3.]
429 1385 558 1448 Sed
600 1393 678 1450 ut
719 1386 1034 1450 instantia
1075 1407 1209 1450 una
1252 1386 1530 1449 alterave
1567 1385 1706 1468 jam
1751 1384 2072 1448 dictorum
2100 1385 2437 1450 veritatem

230 1509 631 1566 asseramus3
681 1489 820 1573 ipsa
857 1488 1058 1572 pestis
1089 1487 1244 1571 quid
1278 1486 1613 1570 (obsecro,)
1650 1486 1827 1550 aliud
1866 1494 1965 1550 est
1996 1508 2187 1570 quam
2224 1509 2436 1571 symp-
2465 1497 2625 1546 Pestis

231 1596 558 1654 tomatum
609 1590 1033 1672 complicatio,
1085 1589 1320 1674 quibus
1377 1589 1591 1653 utitur
1640 1590 1903 1653 Natura
1961 1589 2043 1652 ad
2090 1588 2437 1672 inspiratas

229 1711 373 1753 una
410 1711 560 1754 cum
597 1696 742 1754 ae‘re
771 1690 1116 1774 particulas
1155 1687 1560 1771 μιωσμῶδεις,
1592 1711 1709 1772 per
1736 1690 2155 1766 emunctoria,
2189 1695 2436 1772 aposte-

233 1799 492 1856 matum
533 1793 761 1876 specie,
801 1793 905 1856 vel
948 1792 1218 1856 aliarum
1262 1792 1675 1875 eruptionum
1721 1813 1932 1875 opera,
1974 1792 2387 1856 excutiendas
2404 1793 2434 1854 ¹?

235 1893 418 1959 Quid
477 1893 784 1972 arthritis,
845 1893 972 1957 nisi
1029 1892 1324 1957 Naturae
1387 1893 1791 1976 providentia
1848 1893 1929 1956 ad
1990 1893 2436 1976 deputandum
2462 1911 2510 1952 et
2529 1905 2703 1952 arthri-

233 2016 468 2058 senum
509 1995 910 2078 sanguinem,
943 2001 1138 2078 atque
1173 1995 1665 2077 expurgandum
1704 1995 1983 2077 corporis
2020 1995 2434 2078 profundum,
2461 1968 2540 2080 {2⁸0
2550 1969 2715 2080 {iffi

229 2106 314 2161 ut
359 2119 510 2162 cum
556 2099 950 2181 Hippocrate
993 2098 1334 2182 loquamur
1353 2099 1384 2160 'r'
1457 2098 1684 2162 Potest
1714 2104 1780 2161 et
1818 2097 1993 2161 idem
2023 2098 2324 2162 affirmari
2356 2099 2435 2163 de
2462 2097 2737 2208 cffiicisip-

229 2202 560 2284 plerisque
590 2201 730 2265 aliis
759 2201 1000 2266 morbis
1030 2202 1312 2285 perfecte
1338 2202 1650 2266 formatis.
2458 2175 2483 2207 ⁸
2562 2175 2676 2208 men
2701 2176 2743 2208 α’

335 2303 458 2386 [4.]
514 2305 556 2366 J
559 2324 664 2366 am
691 2289 843 2367 vero
871 2323 1050 2368 nunc
1078 2304 1202 2367 hoc
1231 2323 1502 2367 munere
1532 2303 1801 2367 celerius
1830 2302 2129 2386 fungitur
2156 2304 2433 2381 Natura,

234 2426 421 2468 nunc
459 2425 611 2468 vero
650 2405 918 2484 tardius,
951 2427 1068 2489 pro
1105 2406 1283 2470 varia
1325 2406 1632 2470 methodo
1681 2427 1809 2488 qua
1853 2427 2113 2469 causam
2152 2405 2434 2469 morbifi-

230 2533 382 2575 cam
433 2511 776 2576 deturbare
826 2512 1081 2576 nititur.
1187 2514 1365 2577 Nam
1424 2534 1576 2577 cum
1625 2512 1823 2576 febris
1882 2533 2070 2595 opem
2129 2513 2434 2596 deposcit,
2464 2522 2612 2569 Ratio

231 2635 370 2696 qua
397 2614 708 2697 adjutrice
735 2616 1082 2698 particulas
1111 2616 1483 2697 inquinatas
1514 2636 1553 2678 a
1584 2615 1899 2697 sanguine
1930 2614 2209 2694 divellat,
2234 2616 2436 2679 divul-
2464 2587 2742 2697 fflssssssf'm‘

233 2736 470 2798 sasque
524 2738 867 2799 progressu
918 2716 1132 2781 adhuc
1183 2717 1474 2780 ulteriori
1521 2738 1637 2800 per
1682 2717 1965 2793 sudores,
2012 2717 2438 2795 diarrhoeam,
2467 2730 2590 2763 rum.

231 2818 630 2901 eruptiones,
653 2825 767 2882 aut
787 2819 979 2907 aliam
1008 2818 1374 2883 istiusmodi
1394 2818 1898 2897 evacuationem,
1923 2819 2198 2901 expellat
2207 2844 2227 2897 3
2260 2840 2439 2883 cum-

231 2940 366 3003 que
427 2921 500 2983 in
559 2921 892 3003 sanguinis
951 2941 1181 2998 massa,
1241 2902 1504 3003 corpore
1547 2920 1863 3003 'pertenui
1921 2940 1997 2983 ac
2052 2920 2277 2999 fluido,
2337 2940 2439 2984 res

229 3023 449 3087 omnis
491 3030 856 3106 peragatur,
901 3023 1097 3106 idque
1145 3030 1331 3086 motu
1378 3024 1663 3106 partium
1706 3022 2118 3086 violentiore:
2180 3042 2439 3085 necesse

229 3125 504 3189 omnino
548 3133 668 3203 est,
699 3146 834 3189 non
873 3126 1079 3189 solum
1110 3132 1186 3189 ut
1227 3125 1442 3189 subito
1469 3125 1572 3188 vel
1606 3125 1679 3188 in
1719 3123 1995 3188 salutem
2032 3123 2209 3205 aegri
2237 3124 2340 3187 vel
2365 3124 2438 3188 in

229 3233 513 3291 mortem
557 3226 1042 3305 determinetur,
1094 3228 1308 3310 (prout
1359 3228 1603 3291 scilicet
1646 3225 1906 3290 Natura
1950 3226 2049 3289 vel
2099 3225 2436 3290 materiam

229 3329 636 3394 morbificam
666 3329 885 3393 critice
915 3329 1088 3392 norit
1118 3329 1376 3406 solvere,
1409 3329 1508 3392 vel
1548 3327 1629 3391 ab
1676 3327 1901 3392 eadem
1931 3347 2231 3410 oppressa
2257 3327 2435 3392 fatis-

230 3434 384 3513 cat,)
435 3432 550 3495 sed
599 3431 797 3495 etiam
849 3437 926 3493 ut
971 3430 1193 3513 pejora
1233 3430 1839 3511 vehementioraque
1891 3436 2325 3513 symptomata
2368 3452 2435 3493 se

229 3534 476 3617 ubique
534 3533 801 3597 comites
853 3532 1233 3617 adjungant.
1345 3532 1564 3614 Atque
1615 3530 1987 3615 hujusmodi
2036 3530 2227 3613 plane
2280 3538 2435 3594 sunt

231 3635 445 3699 morbi
473 3637 584 3699 isti
608 3656 766 3718 quos
794 3636 1032 3698 Acutos
1062 3635 1479 3717 appellamus,
1501 3634 1613 3717 qui
1640 3634 1943 3697 velociter
1970 3633 2213 3698 scilicet
2242 3640 2437 3716 atque

234 3760 390 3801 cum
433 3739 682 3820 impetu
733 3743 798 3801 et
849 3737 1134 3820 periculo
1179 3736 1262 3800 ad
1307 3742 1552 3800 statum
1597 3742 1976 3812 moventur3
2024 3735 2313 3817 quamvis
2359 3736 2434 3817 (si
2464 3745 2639 3819 Febrgs
2662 3746 2736 3793 in-

231 3842 455 3903 minus
486 3846 802 3917 accurate,
825 3838 1002 3902 haud
1031 3844 1253 3902 tamen
1281 3838 1499 3901 minus
1517 3858 1663 3901 vere
1692 3838 2075 3920 loquamur,)
2097 3837 2211 3901 isti
2238 3838 2435 3902 etiam
2461 3816 2739 3931 ξξᾞιζζῖῗ,,

229 3942 447 4007 morbi
489 3964 606 4025 pro
635 3942 865 4005 Acutis
910 3942 1042 4004 sint
1084 3940 1388 4017 habendi,
1433 3940 1562 4022 qui,
1605 3940 1757 4003 licet
1798 3947 2096 4023 respectu
2136 3961 2437 4023 paroxys-
2462 3937 2577 3984 licet
2598 3936 2691 3983 1¹¹5·

231 4065 512 4122 morum,
573 4044 627 4107 si
685 4064 910 4107 omnes
970 4042 1162 4105 simul
1223 4048 1583 4118 sumantur,
1643 4041 1892 4105 tardius
1960 4049 2277 4120 moveant,
2336 4063 2435 4105 re·
2462 4016 2688 4127 ¹1:2¹5szss

233 4155 463 4231 spectu
511 4154 735 4211 tamen
783 4145 1147 4229 paroxysmi
1198 4143 1542 4227 cujuslibet
1592 4144 2015 4227 particularis,
2062 4144 2191 4208 cito
2242 4151 2435 4226 atque
2460 4128 2743 4176 ⁰⁹⁰³⁰¹¹d⁸⁰·

233 4251 436 4313 etiam
474 4249 692 4313 critice
731 4247 814 4311 ad
851 4248 1048 4310 finem
1086 4246 1490 4329 perveniunt,
1525 4246 1743 4327 quales
1786 4254 1939 4309 sunt
1983 4244 2192 4308 febres
2235 4246 2431 4310 inter-

233 4352 570 4415 mittentes
601 4372 844 4414 omnes.

305 4476 324 4499 e
359 4472 388 4495 “
407 4470 652 4517 Debemur
676 4468 758 4529 (al.
779 4467 982 4529 —mus,)
1003 4466 1144 4515 morti
1167 4481 1255 4514 nos
1280 4470 1588 4528 nostraque.”
1656 4466 1847 4527 (Horat.
1880 4469 1947 4513 Dc
1972 4469 2086 4513 Arte
2112 4468 2235 4515 Pom.
2262 4467 2365 4529 63.)
