3138 5006
505 275 1302 344 OBSERVATIONUM
1345 263 1921 348 MEDIcARU'M
1968 293 2019 349 1.
2044 303 2102 352 2.
2326 285 2415 352 33

214 435 576 502 istiusmodi
613 439 824 504 febres
858 461 992 504 non
1031 441 1249 524 potius
1293 442 1682 507 sortirentur
1716 444 1983 508 nomina
2026 467 2067 510 a
2102 445 2415 512 constitu·
2452 459 2538 508 Da
2558 460 2719 508 Mon.

213 541 410 621 tione,
443 549 762 624 quatenus
791 544 1023 607 horum
1054 544 1428 609 morborum
1458 546 1756 610 alterutri
1792 547 2207 630 producendo
2244 548 2415 613 favet
2465 526 2702 636 {¹2:255ss-

217 643 442 710 eodem
475 645 589 708 illo
631 651 921 729 tempore
963 667 1090 730 quo
1132 648 1610 730 comparebant,
1643 669 1839 731 quam
1876 672 1915 713 a
1944 651 2231 733 qualibet
2270 672 2415 715 san-

217 747 430 830 guinis
468 749 868 827 alteratione,
899 749 1002 813 vel
1039 756 1468 834 symptomate
1501 752 1896 834 particulari,
1932 774 2096 837 quae
2132 753 2417 818 diversae

217 849 448 932 speciei
477 850 767 915 febribus
811 851 951 934 pari
987 853 1136 934 jure
1185 858 1457 936 possunt
1500 860 1882 937 competere.
1983 856 2148 939 [14.]
2203 856 2416 920 Inter-

213 952 552 1016 mittentes
573 973 724 1017 vero
748 954 1016 1018 nomina
1036 953 1160 1018 sibi
1183 955 1534 1020 desumunt
1557 956 1639 1020 ab
1660 957 1999 1021 intervallo
2016 958 2417 1041 paroxysmis

211 1055 572 1139 interjecto,
603 1062 799 1139 atque
837 1056 962 1120 hoc
993 1057 1251 1139 quidem
1284 1057 1651 1122 charactere
1682 1059 1836 1122 satis
1868 1059 2414 1140 discriminantur,

215 1156 270 1222 si
335 1158 659 1222 variarum
717 1159 915 1223 etiam
973 1159 1139 1222 anni'
1185 1165 1649 1242 tempestatum
1712 1161 1945 1243 quibus
2003 1163 2414 1244 contingunt,

211 1261 378 1326 veris
419 1262 662 1326 scilicet
707 1269 772 1326 et
817 1262 1135 1340 autumni,
1168 1262 1482 1327 habeatur
1517 1265 1717 1327 ratio:
1764 1264 1917 1328 licet
1944 1285 2418 1348 nonnunquam

213 1383 441 1428 earum
471 1365 723 1448 aliquae
751 1364 832 1428 de
871 1365 1446 1428 intermittentium
1474 1372 1713 1430 natura
1748 1387 1971 1430 revera
2006 1367 2415 1451 participent,

211 1465 398 1530 nullo
428 1467 796 1531 charactere
826 1467 1175 1532 admodum
1203 1467 1438 1532 visibili
1477 1468 1735 1532 easdem
1764 1469 2115 1554 prodente;
2159 1476 2237 1533 ut
2268 1490 2419 1532 cum
2445 1482 2698 1531 lutermit-

211 1575 622 1650 praemature
650 1569 718 1652 (J
719 1569 852 1634 ulio
871 1590 1112 1648 mense,
1135 1569 1314 1633 verbi
1337 1570 1589 1654 gratia,)
1619 1570 2128 1636 intermittentes
2160 1578 2417 1635 autum·
2443 1553 2712 1660 31³2·AEss-

213 1672 398 1736 nales
420 1673 877 1755 ingrediuntur
895 1678 1090 1756 atque
1109 1673 1617 1754 increbrescunt,
1640 1697 1776 1738 non
1806 1675 2027 1738 statim
2059 1675 2417 1757 genuinum
2442 1675 2728 1752 aliquandiu

213 1781 451 1858 typum
471 1775 773 1855 induunt,
801 1776 996 1859 (quod
1016 1776 1603 1841 intermittentibus
1620 1777 1831 1842 vernis
1863 1776 2122 1860 quidem
2154 1778 2417 1841 solenne
2442 1739 2713 1852 ἰῗζι-ᾚω

216 1879 362 1960 est,)
410 1877 522 1942 sed
564 1879 902 1942 continuas
943 1878 1154 1942 febres
1197 1878 1292 1943 ita
1333 1900 1450 1962 per
1492 1880 1712 1944 omnia
1753 1880 2116 1957 imitantur,
2156 1886 2253 1958 ut,
2292 1879 2418 1944 nisi
2442 1883 2728 1982 ξιξῗᾞ·

215 1979 716 2063 castigatissime
744 1989 1054 2065 utrasque
1083 1982 1376 2046 examine
1406 1982 1841 2060 trutinaveris,
1874 1981 1954 2045 ab
1984 1981 2261 2046 invicem
2290 1981 2417 2046 dis·
2443 1948 2611 2046 lateiit.

215 2083 550 2148 criminari
607 2104 744 2147 non
799 2084 1070 2167 possint.
1168 2086 1262 2150 At
1305 2092 1526 2150 retuso
1571 2085 1885 2169 paulatim
1938 2084 2421 2149 constitutionis

215 2185 470 2268 impetu
513 2193 580 2250 et
629 2187 924 2251 fraenata
963 2187 1046 2265 vi,
1099 2187 1237 2270 jam
1281 2187 1353 2251 in
1395 2194 1628 2272 typum
1672 2187 2034 2270 regularem
2091 2186 2419 2269 migrant3

216 2295 416 2371 atque
445 2295 720 2352 exeunte
755 2294 1091 2369 autumn0,
1122 2290 1297 2354 larva
1325 2289 1595 2373 abjecta,
1626 2289 2135 2354 intermittentes
2174 2310 2245 2352 se
2282 2309 2423 2355 esse

221 2391 470 2475 (quales
511 2391 591 2454 ab
635 2391 825 2456 initio
853 2412 1077 2476 reapse
1115 2391 1424 2474 fuerunt,)
1461 2393 1674 2476 palam
1719 2391 2027 2469 fatentur,
2062 2391 2191 2455 sive
2232 2412 2421 2474 quar-

211 2500 414 2559 tanae
462 2493 610 2559 illae
659 2493 905 2559 fuerint
955 2494 1086 2559 sive
1133 2495 1490 2574 tertianae3
1550 2494 1725 2579 quod
1784 2493 1840 2559 si
1886 2515 2025 2560 non
2076 2493 2422 2577 diligenter

213 2596 879 2677 animadverterimus,
927 2618 1077 2661 cum
1128 2618 1367 2682 magno
1419 2619 1756 2681 aegrorum
1815 2604 2187 2661 nostrorum
2244 2597 2421 2661 malo

211 2701 616 2765 medicantes
659 2700 1216 2781 hallucinabimur‚
1249 2701 1408 2767 dum
1450 2701 1821 2786 hujusmodi
1858 2702 2087 2781 febres,
2132 2723 2298 2785 quae
2342 2722 2419 2771 ex

214 2802 799 2867 intermittentium
827 2824 1100 2868 numero
1130 2810 1304 2883 sunt,
1335 2826 1452 2889 pro
1482 2803 1809 2867 continuis
1837 2802 2001 2867 veris
2024 2810 2091 2867 et
2122 2803 2421 2887 genuinis

213 2904 607 2970 habeantur.

125 2989 140 3001 ”
314 3006 484 3092 [15.]
541 3008 760 3087 Porr0,
799 3006 992 3092 (quod
1022 3008 1244 3073 sedulo
1274 3008 1784 3092 advertendum,)
1820 3029 2024 3091 quum
2059 3007 2275 3087 plures
2308 3007 2421 3070 ali-

215 3116 382 3193 quot
410 3109 643 3173 horum
674 3108 1046 3173 morborum
1075 3109 1353 3174 eundem
1384 3110 1665 3191 fatigent
1696 3131 1967 3187 annum,
1996 3129 2169 3172 unus
2200 3128 2423 3173 eorum

215 3211 454 3295 aliquis
483 3211 876 3295 reliquorum
905 3211 1345 3295 praedominio
1373 3213 1644 3295 potitur,
1677 3212 1943 3277 caeteris
1972 3211 2043 3275 in
2072 3212 2211 3296 ejus
2243 3211 2427 3295 quasi

216 3313 538 3378 ditionem
565 3314 862 3392 redactis,
895 3320 961 3379 et
1002 3313 1255 3399 parcius
1283 3314 1354 3377 id
1392 3314 1701 3399 temporis
1742 3312 2189 3391 saevientibus,
2217 3312 2313 3377 ita
2348 3318 2425 3376 ut

213 3416 332 3481 illo
363 3423 751 3501 augescente
789 3415 1264 3480 imminuantur
1292 3417 1381 3495 hi,
1413 3417 1767 3503 eodemque
1805 3436 2028 3479 rursus
2057 3414 2423 3493 imminut0,

216 3539 374 3582 mox
423 3518 899 3582 recrudescant.
988 3518 1206 3600 Atque
1253 3517 1352 3581 ita
1398 3517 1679 3581 vicissim
1725 3517 2029 3581 mortales
2078 3517 2423 3595 lacessunt,

217 3626 417 3705 prout
463 3621 618 3685 anni
661 3620 890 3703 genius
927 3626 992 3683 et
1038 3619 1356 3683 sensibilis
1397 3620 1566 3685 a'eris
1596 3620 1939 3703 temperies
1980 3620 2135 3683 huic
2180 3626 2293 3683 aut
2331 3619 2428 3682 illi

218 3724 432 3806 magis
483 3724 942 3806 suffragantur.
1033 3722 1167 3788 Qui
1218 3716 1366 3787 'vero
1417 3722 1681 3787 morbus
1730 3722 1898 3787 circa
1948 3721 2425 3805 aequinoctium

219 3827 603 3889 autumnale
633 3825 1063 3909 maximopere
1091 3826 1252 3889 furit
1275 3832 1340 3889 et
1362 3824 1940 3889 cumulatissimam
1964 3824 2097 3888 edit
2121 3832 2425 3907 stragem,

216 3930 426 3993 totius
486 3928 644 3991 anni
692 3927 1143 3992 constitutioni
1200 3948 1441 3991 nomen
1499 3926 1792 4011 impertit
1851 3947 2078 4004 suum3
2140 3925 2426 4009 quisquis
2454 3938 2731 4019 Epidemici

219 4032 402 4101 enim
431 4032 628 4095 fuerit
666 4030 1061 4109 morborum,
1095 4031 1205 4113 qui
1235 4051 1314 4095 ea
1345 4027 1733 4113 tempestate
1764 4049 1916 4113 prae
1952 4029 2219 4093 caeteris
2249 4028 2425 4091 inva-
2449 4008 2721 4069 praedem:-

216 4136 440 4214 luerit,
471 4134 906 4219 principatum
934 4135 1228 4199 omnium
1269 4134 1380 4217 qui
1417 4135 1544 4197 isto
1588 4155 1761 4197 anno
1799 4132 2136 4210 invadunt,
2168 4130 2425 4193 obtinu-
2450 4086 2545 4181 {1¹3
2549 4078 2717 4195 εἶξε·

219 4239 349 4303 isse
386 4238 574 4302 facile
614 4236 1148 4320 deprehendetur,
1189 4237 1373 4321 cujus
1414 4236 1680 4319 ingenio
1724 4234 2083 4319 Epidemici
2113 4237 2427 4315 quotquot
2450 4216 2615 4311 ξξζζοζ
2626 4208 2732 4310 ζ’ζῖ·

219 4348 382 4407 sunt
433 4340 782 4427 σύγχρονοι
839 4362 908 4403 se
967 4339 1473 4419 accommodant,
1525 4339 1599 4401 in
1651 4343 1969 4421 quantum
2026 4355 2251 4399 eorum
2301 4333 2427 4396 fert
2450 4342 2669 4441 35:¹3¹&-

221 4450 501 4508 natura:
558 4443 723 4527 [16.]
765 4442 941 4506 verbi
969 4442 1198 4525 gratia,
1222 4462 1371 4505 cum
1389 4440 1663 4505 variolae
1694 4462 1771 4503 eo
1800 4446 2088 4521 tempore
2115 4434 2425 4501 latissime
2584 4427 2596 4448 ’

1297 4564 1333 4606 1²
