3138 5006
657 257 790 322 174
1289 255 1683 322 ΤΗΟΜΑΕ
1732 255 2251 322 SYDENHAM

361 432 602 481 Dmsr.
652 417 918 483 faciam:
966 417 1064 482 vir
1089 417 1334 502 pietate
1361 425 1556 502 atque
1588 418 1949 484 eruditione
1976 416 2271 502 insignis,
2294 415 2611 482 Thomas*
2628 417 2857 495 Belke,

340 497 622 612 {2333ss
657 518 724 584 s,
737 519 810 585 Τ.
826 521 921 599 Ρ.,
953 528 1020 584 et
1051 521 1290 586 comiti
1315 521 1538 586 sancti
1561 521 1805 587 Albani
1835 544 1874 585 a
1906 521 2119 585 saeris
2149 519 2556 598 Domestica,
2576 519 2857 584 durante

650 623 774 686 hac
827 623 1328 703 Constitutione,
1377 623 1771 709 Dysenteria
1828 623 2199 688 acutissima
2244 622 2567 701 laborans,
2618 643 2726 686 me
2782 620 2859 686 in

653 724 1008 788 subsidium
1039 725 1262 806 accito,
1293 726 1612 810 ipsissima
1638 726 1762 792 hac
1788 725 2095 791 methodo
2124 724 2464 790 restitutus
2492 733 2611 790 est.

341 841 564 890 Infante·
749 827 912 911 [13.]
969 828 1265 893 Infantes
1292 829 1418 893 hoc
1445 829 1671 893 morbo
1694 828 1969 913 correpti
1992 828 2219 894 eodem
2238 829 2431 912 plane
2450 827 2643 892 modo
2664 833 2855 892 erant

339 913 602 1018 ᾖξ’ῗὶξοωω
647 928 990 1008 tractandi,
1021 925 1357 1014 sanguinis
1391 937 1616 996 tamen
1654 929 2033 996 extrahendi
2064 929 2447 1014 quantitate,
2477 937 2622 994 tum
2652 929 2853 994 etiam

339 1035 510 1082 morbo
562 1100 575 1112 ,
647 1032 1287 1112 medicamentorum,
1327 1041 1465 1098 tam
1509 1033 1847 1099 cathartici
1878 1056 2073 1118 quam
2116 1033 2419 1118 anodyni,
2450 1032 2691 1098 viribus
2732 1053 2853 1115 pro

341 1099 592 1150 tractanda
646 1155 966 1198 annorum
1009 1135 1258 1201 ratione
1302 1135 1691 1218 imminutis,
1740 1136 1835 1202 ita
1877 1145 1953 1200 ut
1999 1135 2197 1221 (verbi
2242 1134 2493 1220 gratia,)
2540 1133 2851 1200 narcotici

646 1244 871 1320 guttae
902 1237 1067 1302 duae
1096 1237 1332 1303 infanti
1364 1239 1556 1304 unius
1588 1238 1743 1303 anni
1774 1239 2169 1304 suffecerint.

341 1347 568 1424 pau-dmi
744 1337 909 1423 [14.]
951 1339 1336 1405 Laudanum
1365 1342 1704 1426 liquidum,
1730 1342 1902 1426 quod
1929 1341 2001 1405 in
2022 1339 2397 1424 quotidiano
2432 1341 2529 1424 (ut
2551 1337 2845 1422 dictum,)

337 1411 605 1538 Lfflfficior
645 1461 767 1504 usu
796 1440 958 1505 mihi
986 1450 1145 1522 erat,
1175 1443 1344 1508 hanc
1373 1444 1458 1509 ad
1485 1465 1781 1509 normam
1810 1442 2263 1527 simpliciorem
2289 1440 2659 1528 praeparavi
2678 1466 2789 1506 2-

337 1555 596 1652 ffiepm·
647 1591 850 1661 [Form.
875 1595 1025 1664 26.]b
1095 1592 1160 1674 R
1177 1595 1306 1650 Vini
1331 1595 1617 1666 Hispanici
1640 1597 1829 1650 libram
1854 1612 2037 1660 unam,

1172 1682 1298 1752 Opii
1322 1684 1506 1736 uncias
1528 1683 1680 1748 duas,

1169 1769 1328 1822 Croci
1353 1771 1566 1822 unciam
1592 1787 1775 1834 unam,

1169 1854 1414 1910 Pulveris
1437 1857 1800 1920 cinnamomi,

1173 1939 1476 2012 [Pulveris]
1505 1941 2002 2012 Caryophyllorum,
2026 1959 2131 1996 ana
2154 1941 2459 1996 drachmam
2484 1960 2682 2006 unam;

923 2027 1286 2082 Infundantur
1308 2028 1468 2081 simul
1493 2031 1548 2082 in
1573 2029 1761 2082 balneo
1788 2027 1997 2082 Mariae
2020 2045 2113 2100 per
2135 2027 2268 2082 duos
2291 2028 2373 2082 vel
2398 2039 2503 2084 tres
2526 2029 2653 2094 dies,
2677 2028 2846 2083 donec

919 2113 1094 2184 liquor
1111 2111 1344 2167 debitam
1369 2115 1763 2168 consistentiam
1786 2117 2053 2186 acquirat3
2088 2115 2325 2170 colatura
2348 2124 2582 2170 servetur
2603 2132 2697 2185 pro
2720 2133 2843 2172 usu.

639 2267 831 2332 Hanc
881 2276 1172 2334 nostram
1229 2268 1789 2353 praeparationem
1846 2270 2129 2336 laudano
2186 2271 2585 2336 officinarum
2638 2271 2845 2336 solido

635 2369 1124 2435 anteferendam
1161 2370 1508 2436 virtutibus
1545 2373 1808 2456 quidem
1842 2395 1979 2438 non
2016 2395 2269 2453 censeo,
2300 2372 2413 2438 sed
2447 2372 2531 2438 ob
2567 2374 2845 2439 formam

634 2475 864 2539 saltem
907 2475 1425 2557 commodiorem,
1462 2485 1529 2543 et
1572 2477 1883 2563 majorem
1923 2476 2093 2543 dosis
2137 2477 2591 2544 certitudinem
2626 2477 2841 2544 eidem

635 2584 958 2662 antepono
965 2604 986 2657 3
1035 2600 1186 2642 cum
1215 2579 1460 2643 scilicet
1489 2580 1657 2659 vin0,
1692 2602 1893 2663 aquae
1922 2580 2287 2661 distillatae,
2320 2589 2432 2647 aut
2466 2581 2699 2663 liquori
2730 2582 2841 2645 alii

633 2677 1012 2763 cuicunque,
1043 2680 1346 2745 instillari
1386 2682 1612 2766 possit.
1700 2682 1791 2746 Et
1826 2682 2112 2769 profecto
2155 2704 2289 2747 non
2329 2682 2437 2747 hic
2475 2683 2637 2747 mihi
2672 2690 2839 2749 tem-

629 2802 787 2865 pero
838 2782 996 2866 quin
1054 2783 1566 2866 gratulabundus
1626 2784 2151 2863 animadvertam,
2202 2784 2472 2849 DEUM
2527 2784 2839 2869 Omnipo-

631 2890 901 2963 tentem,
932 2884 1190 2950 πάνι-ων
1215 2886 1492 2973 Δωτῆρα
1529 2884 1692 2951 ἑάων
1738 2887 1967 2971 [Ηο111.
2014 2888 2129 2950 od.
2170 2886 2229 2951 θ.
2260 2889 2385 2951 325
2396 2886 2471 2969 .],
2490 2908 2624 2951 non
2662 2886 2838 2951 aliud

633 2986 991 3051 remedium
1045 2988 1217 3071 quod
1267 2990 1369 3053 vel
1417 2990 1709 3073 pluribus
1752 2989 1940 3054 malis
1989 2988 2383 3054 debellandis
2426 3010 2543 3072 par
2586 2989 2690 3069 sit,
2736 2990 2837 3053 vel

634 3089 858 3152 eadem
889 3090 1205 3154 efficacius
1235 3090 1530 3175 extirpet,
1563 3091 1851 3157 humano
1890 3092 2113 3175 generi
2141 3092 2211 3155 in
2244 3091 2644 3155 miseriarum
2674 3093 2835 3156 sola-

633 3212 787 3253 men
825 3192 1232 3270 concessisse,
1272 3213 1464 3276 quam
1501 3201 1655 3257 sunt
1693 3194 1927 3279 opiata,
1968 3195 2441 3259 medicamenta
2476 3194 2717 3259 scilicet
2752 3195 2834 3259 ab

329 3316 614 3365 Nareotieo-
636 3290 850 3374 aliqua
876 3314 1264 3375 papaverum
1305 3294 1514 3379 specie
1542 3296 1903 3380 desumpta.
1992 3298 2081 3361 Et
2120 3296 2471 3379 quamlibet
2512 3298 2642 3360 sint
2671 3320 2835 3363 non-

323 3397 436 3429 ¹¹²¹¹¹
459 3381 533 3427 νὴ
637 3392 798 3455 nulli
829 3394 938 3477 qui
967 3395 1240 3459 credulis
1267 3399 1650 3480 persuadere
1670 3400 1871 3465 velint
1902 3421 2158 3464 omnem
2179 3400 2313 3464 fere
2340 3401 2832 3482 narcoticorum,

327 3462 424 3493 non
447 3452 548 3492 tam

327 3511 388 3585 ap
411 3509 562 3557 artifi-
635 3495 764 3579 opii
792 3498 1169 3579 praesertim
1199 3499 1417 3583 ipsius,
1447 3502 1754 3567 virtutem
1784 3504 1865 3568 ab
1896 3503 2239 3567 artificiosa
2266 3525 2341 3568 ac
2370 3503 2606 3584 debita,
2637 3527 2834 3587 quam

325 3588 608 3699 {2³35ssssssss
635 3600 754 3663 soli
790 3601 1121 3681 adhibent,
1152 3607 1639 3689 praeparatione
1672 3610 1991 3692 pendere;
2037 3608 2147 3691 qui
2174 3616 2398 3673 tamen
2436 3609 2837 3693 experientia

325 3718 474 3765 quam
499 3702 573 3777 ἰρ-
627 3704 845 3787 judice
875 3709 1229 3788 certaverit,
1255 3718 1320 3775 et
1349 3719 1485 3775 tam
1507 3713 1859 3797 simplicem
1892 3736 2153 3779 succum
2176 3736 2215 3777 a
2242 3714 2499 3778 Natura
2519 3714 2831 3794 oblatum,

322 3782 610 3878 εζιυοὶιῗὲιιιιω
636 3828 828 3889 quam
851 3808 906 3892 ej
914 3830 990 3871 us
1006 3820 1401 3895 praeparata,
1425 3836 1575 3878 cum
1599 3816 1896 3899 diligenti
1919 3816 2363 3882 observatione
2390 3817 2463 3879 in
2492 3838 2682 3881 usum
2704 3818 2831 3882 fre-

321 3902 604 4023 gssffiapgxi:
634 3918 906 3991 quenter
943 3915 1351 3993 revocaverit,
1381 3918 1638 3980 nullum
1676 3917 1810 3982 fere
1847 3919 2189 3982 discrimen
2222 3919 2619 3983 intercedere
2653 3940 2831 3983 com-

321 4024 446 4072 dere.
629 4011 853 4093 periet,
899 4020 967 4076 et
1018 4014 1345 4079 mirandos
1395 4016 1539 4082 illos
1592 4019 1859 4084 effectus
1910 4042 2069 4103 quos
2121 4020 2276 4098 edit,
2321 4022 2578 4085 nativae
2627 4020 2831 4104 ipsius

627 4114 888 4196 plantae
931 4113 1212 4182 bonitati
1255 4126 1452 4201 atque
1495 4122 1931 4202 excellentiae,
1970 4144 2104 4186 non
2148 4144 2298 4187 vero
2344 4124 2607 4187 artificis
2643 4124 2831 4207 poly-

627 4215 910 4280 daedali⁰
941 4219 1254 4299 solertiae,
1287 4221 1506 4287 deberi
1545 4232 1723 4289 certo
1752 4226 1931 4290 sciet.
2002 4224 2312 4292 Quinimo
2348 4228 2443 4291 ita
2476 4227 2827 4291 necessari-

689 4390 710 4410 ·
748 4384 966 4447 Thomas]
991 4388 1218 4435 lohannes
1242 4390 1316 4435 ed.
1340 4391 1435 4440 ’76.
1832 4402 1852 4423 ⁰
1878 4394 2147 4457 polydaed]
2180 4392 2541 4453 πολυδαίδαλος,
2564 4396 2713 4453 solers,
2746 4398 2823 4443 in-

693 4448 718 4473 ²’
751 4448 825 4494 Cf.
844 4448 984 4495 sonu.
1015 4452 1123 4497 131.
1760 4462 1986 4520 geniatus.
