3138 5006
481 289 1279 357 OBSERVATIONUM
1326 256 1904 355 MEDICARUM
1944 299 1992 351 1.
2028 303 2078 350 4.
2290 290 2370 353 65

278 449 439 535 [60.]
493 451 711 515 Pauca
738 452 899 516 haec
924 452 1291 517 universam
1319 472 1531 515 meam
1559 450 1634 515 in
1673 451 1960 515 curando
1986 451 2110 514 hoc
2139 451 2377 515 affectu

2438 464 2636 512 Fennis

2429 529 2654 576 Conrm.

184 552 558 617 methodum
586 554 1011 631 exhauriunt3
1059 576 1253 637 quam
1283 575 1323 617 a
1350 554 1612 617 nemine
1635 553 1930 617 consulto
1959 552 2042 616 ob
2074 550 2374 635 simplici·
2399 594 2678 641 Ausonum

182 661 381 719 tatem
409 677 611 734 suam,
632 662 699 719 et
730 656 1177 740 splendidioris
1208 657 1336 720 sive
1357 655 1702 719 verborum
1732 655 1862 719 sive
1882 655 2376 740 pharmacorum

181 763 518 841 appara-tus
548 757 894 836 defectum,
926 762 1340 841 aspernatum
1368 757 1452 820 iri
1482 754 1756 821 confido.

272 860 437 943 [61.]
476 862 697 945 Atque
724 862 883 925 haec
914 869 1067 925 sunt
1096 861 1209 924 illa
1231 866 1666 944 symptomata
1689 880 1850 942 quae
1878 860 1951 921 in
1982 858 2187 921 Febre
2215 857 2376 921 hacb

180 980 509 1026 occurrere
567 963 798 1026 solent.
892 962 1063 1027 Sunt
1136 969 1357 1025 autem
1430 968 1496 1026 et
1554 960 1684 1025 alia
1743 960 2079 1043 quaedam,
2142 959 2376 1043 quibus

176 1063 607 1127 memorandis
654 1085 832 1128 nunc
862 1062 1454 1147 supersedebimus3
1500 1061 1739 1145 partim
1771 1061 2031 1144 quidem
2071 1061 2377 1143 quoniam

177 1184 253 1228 ea
314 1165 585 1229 minoris
643 1166 957 1231 momenti
1016 1155 1192 1245 sunt,
1249 1165 1487 1248 partim
1546 1184 1697 1228 vero
1758 1163 1930 1245 quod
1988 1162 2376 1246 peculiarem

172 1268 425 1332 nullam
454 1268 853 1333 curationem
880 1268 1230 1352 postulent,
1254 1267 1456 1332 Febre
1485 1267 1662 1331 enim
1688 1266 1813 1330 rite
1841 1272 2119 1330 tractata
2147 1272 2374 1349 sponte

174 1390 291 1435 sua
319 1376 597 1434 cessant.

258 1472 363 1535 De
385 1472 593 1536 Febre
623 1470 953 1535 Continua
978 1472 1173 1555 hujus
1204 1471 1686 1536 constitutionis
1717 1490 1790 1533 ac
1819 1470 1900 1533 de
1931 1468 2373 1553 symptomati-

171 1572 293 1638 bus
324 1574 465 1658 ejus
494 1574 863 1639 hactenusc.

236 1692 260 1723 δ
292 1695 443 1741 Febr-e
463 1693 576 1756 hac]
602 1695 826 1741 Febribus
846 1694 953 1741 edd.
977 1694 1075 1752 ⁹66,
1101 1695 1195 1744 ⁹68.

238 1762 259 1787 ⁰
294 1760 371 1806 De
386 1759 530 1807 Febre
548 1760 675 1807 Cant.
695 1757 801 1821 ξω]
822 1760 894 1806 De
908 1760 1233 1821 Symptomatis

1318 1694 1608 1806 ςέἒηῖιέὶέῠω
1629 1693 1703 1741 ed.
1719 1692 1838 1753 ’68,)
1863 1696 2011 1755 igitar
2031 1694 2248 1739 hactenus
2269 1689 2375 1739 edd.

1404 1794 1420 1818 ,
1530 1793 1542 1806 .

488 1948 637 2011 Quae
659 1958 945 2019 sequuntur
966 1967 1027 2002 ea
1048 1958 1170 2003 sunt
1196 1948 1258 2001 de
1280 1948 1469 2019 quibus
1493 1950 1614 2007 dixi
1640 1970 1752 2023 sup.
1770 1968 1825 2018 p.
1854 1954 1935 2005 56.
1960 1970 2013 2003 n.
2033 1970 2076 2003 e.

252 2048 287 2074 ‘⁸
308 2044 451 2095 Quae
483 2045 719 2093 hactenus
735 2041 757 2074 ‘¹
793 2044 1021 2107 proposui
1054 2044 1241 2091 monita

172 2110 508 2173 therapeutica
548 2109 623 2156 illi
660 2109 891 2156 Febrium
930 2107 1109 2171 speciei
1150 2122 1237 2171 pe-

172 2174 427 2222 culiariter
476 2173 785 2229 conveniunt,
838 2187 963 2236 quae
1016 2172 1237 2219 omnium

168 2238 392 2285 maxime
432 2237 737 2285 familiariter
778 2252 834 2285 ac
877 2235 1239 2298 generalissime

170 2303 414 2355 occurrit3
449 2308 638 2365 praeter
659 2315 807 2362 quam
835 2307 883 2348 et
908 2300 1029 2347 alias
1052 2300 1239 2362 species

169 2365 459 2413 discrimine
481 2380 581 2412 non
602 2379 703 2412 uno
730 2380 761 2411 a
790 2378 842 2411 se
874 2364 1087 2411 invicem
1108 2364 1235 2411 vari-

168 2436 313 2477 antes
351 2429 577 2477 anomala
611 2427 961 2476 nonnullorum
998 2442 1237 2475 annorum

169 2494 463 2542 constitutio
504 2499 819 2556 progenerat3
871 2507 993 2554 quas
1038 2492 1239 2554 quidem

168 2571 347 2606 omnes
391 2558 537 2618 juxta
626 2557 992 2604 haenomenoen¹
1036 2571 1237 2603 suorum

166 2622 464 2669 varietatem
492 2620 543 2667 in
576 2637 603 2667 c
624 2635 757 2668 asses
786 2620 1019 2681 redigere,
1044 2635 1099 2667 ac
1124 2620 1239 2667 cha-

166 2695 387 2733 racteres
447 2684 687 2746 cujusque
742 2683 1059 2746 idiopathicos
1116 2698 1237 2730 enu-

168 2749 353 2806 cleare,
412 2763 501 2796 nec
560 2762 659 2795 non
713 2748 959 2810 propriam
1014 2747 1240 2796 medendi

165 2813 417 2860 rationem
443 2811 645 2860 cuilibet
675 2811 931 2874 sigillatim
963 2825 1237 2858 accommo-

169 2877 305 2934 dare,
344 2883 405 2923 ut
436 2891 513 2923 res
546 2883 621 2922 est
651 2875 799 2922 multi
832 2875 917 2922 otii
957 2889 1013 2922 ac
1047 2889 1241 2922 summe

167 2941 344 2998 ardua,
366 2941 439 2987 ita
466 2939 615 2988 etiam
650 2938 791 2999 (cum
823 2937 960 2986 nullo
993 2945 1122 2985 certo
1154 2953 1241 2986 an-

167 3018 354 3052 norum
376 3003 543 3050 ordine
565 3003 855 3064 emergant,)
880 3002 1149 3063 adjustum
1180 3002 1241 3049 de

164 3067 351 3116 iisdem
382 3066 773 3114 observationum
805 3073 1093 3129 apparatum
1122 3079 1237 3113 con-

166 3131 451 3195 gerendam
478 3132 681 3178 fortasse
709 3131 857 3178 unius
891 3129 1073 3178 Medici
1107 3136 1239 3178 aetas

167 3196 254 3243 vix
278 3195 543 3242 suffecerit.
595 3193 742 3252 Mihi,
764 3209 824 3242 ex
846 3209 943 3256 quo
966 3193 1240 3240 Medicinae

167 3273 374 3321 operam
415 3258 540 3316 dedi,
577 3258 764 3321 species
805 3257 1109 3319 insigniores,
1147 3265 1237 3304 no·-

166 3322 381 3371 tabilem
420 3323 695 3384 therapeiae
738 3323 1021 3370 varietatem
1062 3335 1237 3382 expos-

166 3393 357 3443 centes,
396 3387 675 3434 observatae
707 3392 822 3434 sunt
854 3385 1051 3432 omnino
1085 3385 1239 3440 duaeg

167 3451 343 3508 altera,
370 3451 678 3498 communior
703 3449 807 3506 illa,
830 3450 892 3497 de
913 3450 1057 3511 cujus
1077 3448 1240 3496 indole

167 3529 227 3562 ac
243 3515 575 3562 medicatione
588 3515 825 3562 hactenus
837 3513 1050 3574 egimus3
1074 3512 1237 3571 altera,

168 3577 537 3640 pestilentialis,
583 3578 641 3626 de
687 3592 785 3639 qua
825 3577 1031 3624 inferius
1074 3576 1238 3639 despi-

167 3643 409 3690 ciendum
432 3643 537 3691 erit.
607 3641 761 3704 [Sect.
782 3657 829 3688 ν.
852 3641 927 3688 ed.
951 3637 1079 3701 ’68.]

237 3709 270 3733 “
287 3707 559 3753 Caeterum
587 3705 639 3752 in
672 3704 863 3752 medela
890 3705 1136 3760 Febrium,
1161 3703 1237 3751 di-

166 3771 401 3826 versitas,
422 3785 551 3832 quae
572 3783 633 3816 ex
659 3769 991 3817 differentibus
1017 3768 1237 3829 ejusdem

167 3835 289 3882 anni
344 3833 732 3896 tempestatibus,
778 3840 925 3894 atque
972 3833 1119 3880 etiam
1176 3847 1238 3879 ex

166 3897 321 3945 unius
354 3897 475 3945 anni
512 3897 573 3944 ab
604 3897 699 3944 alio
732 3896 1013 3944 discrimine
1048 3895 1235 3943 subori-

164 3969 267 4020 tur,
304 3961 417 4023 (me
454 3961 653 4023 quidem
687 3960 895 4021 judice,)
928 3975 1027 4008 non
1070 3960 1237 4007 minus

163 4025 595 4074 animadversione
646 4025 795 4086 digna
849 4031 937 4082 est,
987 4039 1137 4086 quam
1180 4039 1238 4071 ea

165 4104 297 4152 quae
352 4089 575 4136 nascitur
624 4103 684 4136 ea
732 4087 879 4136 variis
930 4093 1236 4150 aegrotorum

162 4153 585 4216 temperamentis.
665 4151 737 4200 Et
775 4167 891 4199 sane
928 4151 1056 4200 inter
1092 4167 1233 4214 prae-

163 4218 339 4280 cipuas
363 4231 555 4274 causas,
574 4231 661 4264 cur
683 4215 915 4264 Febr-ium
936 4215 1126 4264 medela
1146 4230 1229 4262 us-

163 4297 264 4345 que
303 4281 433 4329 adeo
466 4280 688 4338 fluctuet,
727 4279 1041 4342 virorumque
1083 4279 1234 4327 etiam

184 4431 199 4442 ,
232 4398 256 4430 ‘¹
302 4398 439 4448 Quae
456 4397 671 4444 hactenus
694 4393 801 4457 qa]
824 4396 996 4443 Ρνατίε
1012 4376 1233 4441 hactenus

162 4467 519 4508 commata
561 4463 739 4508 nonnisi
769 4461 941 4506 Febr-es
982 4460 1229 4506 Continuat

1317 2043 1567 2093 doctorum
1612 2052 1816 2094 conatus
1857 2053 1959 2094 tam
2005 2046 2135 2093 male
2185 2046 2374 2104 cedant,

1313 2108 1441 2155 hanc
1506 2111 1889 2158 enumerandam
1955 2110 2336 2159 existimaverim
2362 2130 2374 2165 ς

1316 2173 1447 2233 quod
1515 2174 1683 2221 ractici
1716 2174 2068 2222 observationes
2101 2189 2230 2229 suas,
2255 2189 2377 2235 quas

1315 2250 1375 2283 ex
1397 2189 1558 2284 faeEci
1586 2238 1732 2285 unius
1765 2238 2043 2313 pluriumve
2070 2237 2302 2285 Febrium
2324 2238 2377 2285 in

1312 2299 1405 2347 hac
1433 2300 1513 2347 vel
1544 2300 1636 2349 illa
1667 2317 1781 2349 anm
1811 2308 2098 2364 tempestate
2129 2302 2377 2349 curatione

1312 2362 1643 2423 instituerunt,
1661 2366 1890 2413 Febrium
1905 2366 2125 2413 omnium
2137 2366 2189 2412 in
2204 2366 2376 2426 quavis

1313 2434 1600 2491 tempestate
1642 2429 1722 2476 vel
1765 2430 1940 2491 quovis
1991 2444 2118 2477 anno
2159 2429 2376 2476 medelae

1314 2492 1471 2540 solent
1512 2494 1903 2546 accommodare:
1952 2492 2004 2540 id
2049 2493 2180 2556 quod
2223 2508 2375 2555 aeque

1313 2556 1642 2618 periculosum
1660 2558 1844 2619 Judico,
1868 2573 1926 2605 ac
1957 2558 1998 2604 si
2030 2557 2258 2604 Medicus
2301 2557 2373 2604 di-

1314 2635 1475 2668 versas
1532 2636 1786 2683 aegrorum
1847 2622 2118 2682 temperies,
2169 2622 2376 2682 singulis

1314 2684 1598 2746 peculiares,
1633 2700 1731 2732 non
1771 2685 2013 2749 respiciat,
2049 2685 2135 2732 sed
2171 2685 2378 2732 eandem

1314 2749 1539 2796 omnibus
1578 2749 1630 2796 in
1666 2749 1835 2796 eodem
1873 2750 2042 2797 morbo
2078 2748 2376 2796 medicinam

1314 2811 1586 2874 promiscue
1610 2813 1846 2861 exhibeat.

1379 2878 1410 2902 “
1422 2875 1663 2934 Primum,
1682 2883 1739 2924 ut
1755 2877 1814 2924 de
1831 2875 2131 2922 variantibus
2149 2875 2376 2923 medendi

1314 2939 1598 2996 rationibus,
1624 2955 1748 3001 quae
1775 2940 2076 2987 diversarum
2105 2939 2220 2986 anni
2249 2945 2374 2986 tem-

1348 3009 1559 3051 estatum
1597 3003 1834 3050 Febribus
1873 3009 1990 3050 sunt
2022 3003 2375 3060 accommodae,

1312 3018 1576 3114 disseram:
1614 3068 1986 3130 expendendum
2019 3072 2108 3122 est,
2132 3066 2248 3113 licet
2281 3066 2378 3114 alia

1313 3130 1514 3178 aliunde
1532 3131 1661 3178 inter
1681 3131 1858 3178 Febres
1877 3130 2157 3178 discrimina
2179 3131 2376 3178 concedi

1313 3195 1513 3256 possint,
1536 3210 1618 3242 eas
1639 3201 1802 3242 tamen
1824 3195 2082 3257 praecipue
2105 3194 2374 3241 secundum

1313 3259 1582 3319 subjectam
1598 3259 1870 3314 materiam,
1886 3257 1968 3305 cui
1982 3257 2192 3305 Febrilis
2208 3255 2376 3305 inhae-

1314 3328 1389 3369 ret
1426 3323 1701 3380 commotio,
1737 3323 2038 3385 discrepare;
2085 3322 2229 3368 istam
2263 3337 2375 3369 vero

1312 3387 1568 3434 materiam
1584 3387 1852 3434 seeundum
1865 3386 2105 3434 diversam
2121 3385 2375 3447 sanguinis

1314 3449 1572 3507 diathesin,
1595 3457 1738 3512 prout
1757 3465 1814 3497 ea
1842 3450 1902 3496 ab
1924 3449 2016 3497 hac
2038 3449 2116 3496 vel
2138 3449 2226 3496 illa
2255 3449 2372 3496 anni

1314 3519 1600 3576 tempestate
1636 3513 1895 3569 inducitur,
1930 3513 2188 3560 discrimen
2227 3527 2374 3560 suum

1313 3578 1543 3625 nancisci.
1581 3577 1660 3624 Ea
1673 3577 1852 3640 quippe
1871 3576 2078 3624 Febrilis
2095 3576 2373 3634 commotio,

1314 3656 1439 3702 quae
1470 3649 1686 3702 tempore
1717 3655 1866 3688 verno
1899 3640 2152 3702 contingit,
2174 3640 2226 3686 in
2259 3655 2374 3686 san-

1313 3706 1463 3766 guine
1482 3705 1716 3761 nascitur,
1740 3705 1969 3752 omnibus
2001 3705 2104 3751 suis
2125 3703 2374 3766 spiritibus

1312 3775 1483 3830 vegeto
1500 3787 1512 3825 ς
1548 3768 1848 3816 autumnalis
1867 3783 1982 3814 vero
1995 3767 2049 3814 in
2069 3767 2320 3828 sanguine,
2343 3783 2373 3815 a

1312 3846 1621 3894 praegressae
1651 3833 1850 3880 aetatis⁸
1881 3832 2052 3888 calore,
2086 3833 2290 3893 eJusque
2319 3832 2372 3879 vi

2438 658 2644 705 ’el-’64.

2398 2562 2493 2612 ¹cf.
2513 2578 2618 2626 sup.
2636 2581 2674 2611 c.

2402 2631 2447 2678 2.
2472 2631 2496 2688 ς
2521 2630 2596 2678 21.

2395 3835 2612 3900 ’aetati-5]

1314 3902 1459 3958 atque
1480 3896 1730 3943 effectibus
1756 3896 1817 3943 ad
1850 3896 2132 3958 pauperiem
2161 3896 2369 3943 redacto.
2394 3902 2476 3949 An
2500 3911 2651 3950 aegea-

1312 3957 1389 4007 Ae
1412 3967 1557 4022 prout
1589 3959 1778 4014 accidit,
1804 3959 2008 4006 Febrem
2039 3973 2127 4021 pro
2159 3960 2368 4006 duarum
2393 3969 2456 4013 tis
2469 3971 2493 4013 ,⁹

1311 4023 1515 4070 istarum
1554 4029 1899 4085 tempestatum
1927 4023 2123 4079 vicinia,
2159 4022 2240 4069 vel
2269 4023 2370 4070 dis-

1312 4087 1479 4144 tantia,
1504 4087 1788 4148 sanguinem
1810 4087 2051 4144 invadere,
2076 4087 2146 4133 ita
2169 4086 2370 4133 morbus

1310 4152 1470 4214 magis
1493 4151 1575 4198 vel
1601 4152 1766 4198 minus
1801 4151 1859 4198 de
1891 4149 2284 4208 fermentationis,
2309 4150 2370 4196 ad

1313 4215 1439 4262 hanc
1461 4215 1541 4263 vel
1566 4214 1706 4262 illam
1733 4215 2030 4277 pertinentis,
2054 4221 2228 4260 natura
2255 4228 2364 4276 par-

1314 4278 1496 4342 ticipat.
1566 4278 1718 4327 Hisce
1748 4285 2070 4326 consentanea
2091 4283 2221 4334 sunt,
2246 4291 2372 4338 quae

1314 4400 1491 4454 spectat
1513 4397 1563 4440 in
1583 4408 1748 4456 genere
1759 4410 1777 4446 ‚-
1809 4399 1862 4439 at
1877 4393 1925 4438 in
1947 4391 2121 4438 medela
2141 4371 2370 4448 Feltrium,

1316 4461 1559 4506 diversitas
1581 4473 1696 4520 quae
1719 4457 1795 4520 &a
1821 4456 1896 4504 ed.
1920 4454 2014 4505 ⁹66.
2213 4473 2220 4478 ·

1261 4557 1307 4598 K
