<?xml version="1.0" encoding="UTF-8"?>
<!DOCTYPE html PUBLIC "-//W3C//DTD XHTML 1.0 Transitional//EN"
    "http://www.w3.org/TR/xhtml1/DTD/xhtml1-transitional.dtd">
<html xmlns="http://www.w3.org/1999/xhtml" xml:lang="en" lang="en">
 <head>
  <title>
</title>
<meta http-equiv="Content-Type" content="text/html;charset=utf-8" />
  <meta name='ocr-system' content='tesseract 3.04.00' />
  <meta name='ocr-capabilities' content='ocr_page ocr_carea ocr_par ocr_line ocrx_word'/>
</head>
<body>
  <div class='ocr_page' id='page_1' title='image "./operaomnia00khgoog_0532.png"; bbox 0 0 3138 5006; ppageno 0'>
   <div class='ocr_carea' id='block_1_1' title="bbox 778 277 2459 346">
    <p class='ocr_par' dir='ltr' id='par_1_1' title="bbox 778 277 2459 346">
     <span class='ocr_line' id='line_1_1' title="bbox 778 277 2459 346; baseline 0 -3"><span class='ocrx_word' id='word_1_1' title='bbox 778 277 1267 344; x_wconf 80' lang='lat' dir='ltr'><strong>SOHEDULA</strong></span> <span class='ocrx_word' id='word_1_2' title='bbox 1310 279 1844 346; x_wconf 80' lang='lat' dir='ltr'><strong>MONITORIA</strong></span> <span class='ocrx_word' id='word_1_3' title='bbox 1889 281 1944 344; x_wconf 94' lang='grc' dir='ltr'><strong>Ι.</strong></span> <span class='ocrx_word' id='word_1_4' title='bbox 2329 281 2459 343; x_wconf 85' lang='grc'><strong>509</strong></span> 
     </span>
    </p>
   </div>
   <div class='ocr_carea' id='block_1_2' title="bbox 264 439 2768 728">
    <p class='ocr_par' dir='ltr' id='par_1_2' title="bbox 264 439 2768 728">
     <span class='ocr_line' id='line_1_2' title="bbox 264 439 2768 526; baseline 0 -23"><span class='ocrx_word' id='word_1_5' title='bbox 264 439 462 504; x_wconf 87' lang='lat' dir='ltr'><strong>mitur</strong></span> <span class='ocrx_word' id='word_1_6' title='bbox 502 439 777 520; x_wconf 87' lang='lat' dir='ltr'><strong>Natura,</strong></span> <span class='ocrx_word' id='word_1_7' title='bbox 818 441 1067 526; x_wconf 90' lang='lat' dir='ltr'><strong>quoties</strong></span> <span class='ocrx_word' id='word_1_8' title='bbox 1114 441 1515 506; x_wconf 87' lang='lat' dir='ltr'><strong>curationem</strong></span> <span class='ocrx_word' id='word_1_9' title='bbox 1560 441 1770 506; x_wconf 83' lang='lat' dir='ltr'><strong>morbi</strong></span> <span class='ocrx_word' id='word_1_10' title='bbox 1822 441 1944 505; x_wconf 87' lang='lat' dir='ltr'><strong>hac</strong></span> <span class='ocrx_word' id='word_1_11' title='bbox 1991 439 2302 505; x_wconf 80' lang='lat' dir='ltr'><strong>methodo</strong></span> <span class='ocrx_word' id='word_1_12' title='bbox 2351 461 2462 524; x_wconf 89' lang='lat' dir='ltr'><strong>ag·</strong></span> <span class='ocrx_word' id='word_1_13' title='bbox 2489 454 2768 504; x_wconf 60' lang='lat' dir='ltr'><strong>DnNovAz</strong></span> 
     </span>
     <span class='ocr_line' id='line_1_3' title="bbox 266 520 2766 632; baseline 0.001 -27"><span class='ocrx_word' id='word_1_14' title='bbox 266 541 591 624; x_wconf 84' lang='lat' dir='ltr'><strong>gredimur</strong></span> <span class='ocrx_word' id='word_1_15' title='bbox 610 565 879 627; x_wconf 74' lang='lat' dir='ltr'><strong>z—quae</strong></span> <span class='ocrx_word' id='word_1_16' title='bbox 938 544 1201 627; x_wconf 91' lang='lat' dir='ltr'><strong>quidem</strong></span> <span class='ocrx_word' id='word_1_17' title='bbox 1258 543 1477 608; x_wconf 86' lang='lat' dir='ltr'><strong>omnia</strong></span> <span class='ocrx_word' id='word_1_18' title='bbox 1540 543 1736 625; x_wconf 88' lang='lat' dir='ltr'><strong>vulgo</strong></span> <span class='ocrx_word' id='word_1_19' title='bbox 1801 542 2193 626; x_wconf 76' lang='lat' dir='ltr'><strong>malignitati</strong></span> <span class='ocrx_word' id='word_1_20' title='bbox 2249 542 2466 607; x_wconf 90' lang='lat' dir='ltr'><strong>nescio</strong></span> <span class='ocrx_word' id='word_1_21' title='bbox 2494 520 2766 632; x_wconf 51' lang='lat' dir='ltr'><strong>hfffiffissu</strong></span> 
     </span>
     <span class='ocr_line' id='line_1_4' title="bbox 267 643 961 728; baseline 0.006 -22"><span class='ocrx_word' id='word_1_22' title='bbox 267 643 367 706; x_wconf 87' lang='lat' dir='ltr'><strong>cui</strong></span> <span class='ocrx_word' id='word_1_23' title='bbox 396 644 605 709; x_wconf 80' lang='lat' dir='ltr'><strong>solent</strong></span> <span class='ocrx_word' id='word_1_24' title='bbox 634 646 961 728; x_wconf 88' lang='lat' dir='ltr'><strong>imputari.</strong></span> 
     </span>
    </p>
   </div>
   <div class='ocr_carea' id='block_1_3' title="bbox 257 754 2766 2177">
    <p class='ocr_par' dir='ltr' id='par_1_3' title="bbox 257 754 2766 2177">
     <span class='ocr_line' id='line_1_5' title="bbox 357 754 2723 843; baseline -0.001 -26"><span class='ocrx_word' id='word_1_25' title='bbox 357 754 521 839; x_wconf 84' lang='lat'><strong>[41.]</strong></span> <span class='ocrx_word' id='word_1_26' title='bbox 578 756 781 840; x_wconf 86' lang='lat' dir='ltr'><strong>Cujus</strong></span> <span class='ocrx_word' id='word_1_27' title='bbox 832 756 914 820; x_wconf 93' lang='lat' dir='ltr'><strong>de</strong></span> <span class='ocrx_word' id='word_1_28' title='bbox 958 757 1366 838; x_wconf 72' lang='lat' dir='ltr'><strong>Maliym‘tate</strong></span> <span class='ocrx_word' id='word_1_29' title='bbox 1408 755 1563 839; x_wconf 86' lang='lat' dir='ltr'><strong>(sive</strong></span> <span class='ocrx_word' id='word_1_30' title='bbox 1613 755 1966 834; x_wconf 87' lang='lat' dir='ltr'><strong>notionem,</strong></span> <span class='ocrx_word' id='word_1_31' title='bbox 2013 755 2146 818; x_wconf 87' lang='lat' dir='ltr'><strong>sive</strong></span> <span class='ocrx_word' id='word_1_32' title='bbox 2193 754 2466 818; x_wconf 89' lang='lat' dir='ltr'><strong>verbum</strong></span> <span class='ocrx_word' id='word_1_33' title='bbox 2489 767 2723 843; x_wconf 58' lang='lat' dir='ltr'><strong>Mqligni-</strong></span> 
     </span>
     <span class='ocr_line' id='line_1_6' title="bbox 266 831 2728 944; baseline 0 -24"><span class='ocrx_word' id='word_1_34' title='bbox 266 855 535 940; x_wconf 87' lang='lat' dir='ltr'><strong>dixeris,)</strong></span> <span class='ocrx_word' id='word_1_35' title='bbox 593 858 915 942; x_wconf 81' lang='lat' dir='ltr'><strong>opinionis</strong></span> <span class='ocrx_word' id='word_1_36' title='bbox 952 859 1242 924; x_wconf 89' lang='lat' dir='ltr'><strong>inventio</strong></span> <span class='ocrx_word' id='word_1_37' title='bbox 1279 857 1568 922; x_wconf 84' lang='lat' dir='ltr'><strong>humano</strong></span> <span class='ocrx_word' id='word_1_38' title='bbox 1622 858 1841 940; x_wconf 84' lang='lat' dir='ltr'><strong>generi</strong></span> <span class='ocrx_word' id='word_1_39' title='bbox 1885 857 2080 939; x_wconf 87' lang='lat' dir='ltr'><strong>longe</strong></span> <span class='ocrx_word' id='word_1_40' title='bbox 2117 857 2256 941; x_wconf 89' lang='lat' dir='ltr'><strong>ipsa</strong></span> <span class='ocrx_word' id='word_1_41' title='bbox 2298 857 2466 942; x_wconf 84' lang='lat' dir='ltr'><strong>pyrii</strong></span> <span class='ocrx_word' id='word_1_42' title='bbox 2488 831 2728 944; x_wconf 42' lang='lat' dir='ltr'><strong>{22¹1}ssss</strong></span> 
     </span>
     <span class='ocr_line' id='line_1_7' title="bbox 264 959 2671 1043; baseline 0 -20"><span class='ocrx_word' id='word_1_43' title='bbox 264 961 535 1043; x_wconf 86' lang='lat' dir='ltr'><strong>pulveris</strong></span> <span class='ocrx_word' id='word_1_44' title='bbox 564 963 940 1027; x_wconf 81' lang='lat' dir='ltr'><strong>inventione</strong></span> <span class='ocrx_word' id='word_1_45' title='bbox 969 961 1267 1026; x_wconf 89' lang='lat' dir='ltr'><strong>lethalior</strong></span> <span class='ocrx_word' id='word_1_46' title='bbox 1292 961 1453 1024; x_wconf 89' lang='lat' dir='ltr'><strong>fuit:</strong></span> <span class='ocrx_word' id='word_1_47' title='bbox 1500 981 1650 1024; x_wconf 87' lang='lat' dir='ltr'><strong>cum</strong></span> <span class='ocrx_word' id='word_1_48' title='bbox 1680 960 1854 1023; x_wconf 90' lang='lat' dir='ltr'><strong>enim</strong></span> <span class='ocrx_word' id='word_1_49' title='bbox 1884 979 1997 1024; x_wconf 90' lang='lat' dir='ltr'><strong>eae</strong></span> <span class='ocrx_word' id='word_1_50' title='bbox 2019 959 2256 1024; x_wconf 86' lang='lat' dir='ltr'><strong>Febres</strong></span> <span class='ocrx_word' id='word_1_51' title='bbox 2283 980 2464 1042; x_wconf 88' lang='lat' dir='ltr'><strong>prae-</strong></span> <span class='ocrx_word' id='word_1_52' title='bbox 2487 960 2557 1008; x_wconf 83' lang='lat' dir='ltr'><strong>tio</strong></span> <span class='ocrx_word' id='word_1_53' title='bbox 2577 959 2671 1008; x_wconf 82' lang='lat' dir='ltr'><strong>hu-</strong></span> 
     </span>
     <span class='ocr_line' id='line_1_8' title="bbox 264 1039 2756 1151; baseline 0.001 -25"><span class='ocrx_word' id='word_1_54' title='bbox 264 1051 483 1127; x_wconf 77' lang='lat' dir='ltr'><strong>sertim</strong></span> <span class='ocrx_word' id='word_1_55' title='bbox 514 1065 844 1148; x_wconf 72' lang='lat' dir='ltr'><strong>Maliynae</strong></span> <span class='ocrx_word' id='word_1_56' title='bbox 880 1067 1181 1131; x_wconf 84' lang='lat' dir='ltr'><strong>dicantur</strong></span> <span class='ocrx_word' id='word_1_57' title='bbox 1213 1065 1285 1129; x_wconf 90' lang='lat' dir='ltr'><strong>in</strong></span> <span class='ocrx_word' id='word_1_58' title='bbox 1325 1065 1561 1148; x_wconf 89' lang='lat' dir='ltr'><strong>quibus</strong></span> <span class='ocrx_word' id='word_1_59' title='bbox 1600 1065 1968 1129; x_wconf 89' lang='lat' dir='ltr'><strong>intensioris</strong></span> <span class='ocrx_word' id='word_1_60' title='bbox 2010 1085 2164 1148; x_wconf 89' lang='lat' dir='ltr'><strong>prae</strong></span> <span class='ocrx_word' id='word_1_61' title='bbox 2197 1064 2464 1129; x_wconf 86' lang='lat' dir='ltr'><strong>caeteris</strong></span> <span class='ocrx_word' id='word_1_62' title='bbox 2487 1039 2756 1151; x_wconf 43' lang='lat'><strong>{5305}</strong></span> 
     </span>
     <span class='ocr_line' id='line_1_9' title="bbox 260 1153 2742 1266; baseline 0 -38"><span class='ocrx_word' id='word_1_63' title='bbox 260 1166 781 1231; x_wconf 86' lang='lat' dir='ltr'><strong>inflammationis</strong></span> <span class='ocrx_word' id='word_1_64' title='bbox 827 1168 1063 1251; x_wconf 88' lang='lat' dir='ltr'><strong>gradus</strong></span> <span class='ocrx_word' id='word_1_65' title='bbox 1102 1167 1510 1251; x_wconf 86' lang='lat' dir='ltr'><strong>conspicitur,</strong></span> <span class='ocrx_word' id='word_1_66' title='bbox 1552 1168 1708 1230; x_wconf 88' lang='lat' dir='ltr'><strong>hinc</strong></span> <span class='ocrx_word' id='word_1_67' title='bbox 1749 1167 1993 1231; x_wconf 88' lang='lat' dir='ltr'><strong>Medici</strong></span> <span class='ocrx_word' id='word_1_68' title='bbox 2037 1188 2106 1232; x_wconf 91' lang='lat' dir='ltr'><strong>se</strong></span> <span class='ocrx_word' id='word_1_69' title='bbox 2149 1167 2234 1231; x_wconf 86' lang='lat' dir='ltr'><strong>ad</strong></span> <span class='ocrx_word' id='word_1_70' title='bbox 2273 1187 2465 1230; x_wconf 88' lang='lat' dir='ltr'><strong>usum</strong></span> <span class='ocrx_word' id='word_1_71' title='bbox 2487 1153 2742 1266; x_wconf 55' lang='grc' dir='ltr'><strong>ἱξξῇξέξὶ</strong></span> 
     </span>
     <span class='ocr_line' id='line_1_10' title="bbox 261 1269 2728 1355; baseline 0.001 -23"><span class='ocrx_word' id='word_1_72' title='bbox 261 1269 693 1333; x_wconf 76' lang='lat' dir='ltr'><strong>cardiacorum</strong></span> <span class='ocrx_word' id='word_1_73' title='bbox 715 1277 781 1335; x_wconf 95' lang='lat' dir='ltr'><strong>et</strong></span> <span class='ocrx_word' id='word_1_74' title='bbox 804 1271 1461 1355; x_wconf 86' lang='lat' dir='ltr'><strong>alexipharmacorum</strong></span> <span class='ocrx_word' id='word_1_75' title='bbox 1482 1271 1701 1335; x_wconf 89' lang='lat' dir='ltr'><strong>nescio</strong></span> <span class='ocrx_word' id='word_1_76' title='bbox 1731 1291 2006 1354; x_wconf 89' lang='lat' dir='ltr'><strong>quorum</strong></span> <span class='ocrx_word' id='word_1_77' title='bbox 2027 1272 2462 1350; x_wconf 89' lang='lat' dir='ltr'><strong>contulerunt,</strong></span> <span class='ocrx_word' id='word_1_78' title='bbox 2487 1283 2728 1330; x_wconf 80' lang='lat' dir='ltr'><strong>mventio-</strong></span> 
     </span>
     <span class='ocr_line' id='line_1_11' title="bbox 263 1345 2766 1460; baseline 0.002 -27"><span class='ocrx_word' id='word_1_79' title='bbox 263 1391 384 1453; x_wconf 91' lang='lat' dir='ltr'><strong>quo</strong></span> <span class='ocrx_word' id='word_1_80' title='bbox 408 1371 649 1436; x_wconf 89' lang='lat' dir='ltr'><strong>scilicet</strong></span> <span class='ocrx_word' id='word_1_81' title='bbox 668 1393 785 1455; x_wconf 89' lang='lat' dir='ltr'><strong>per</strong></span> <span class='ocrx_word' id='word_1_82' title='bbox 808 1374 973 1438; x_wconf 88' lang='lat' dir='ltr'><strong>cutis</strong></span> <span class='ocrx_word' id='word_1_83' title='bbox 1002 1395 1191 1457; x_wconf 89' lang='lat' dir='ltr'><strong>poros</strong></span> <span class='ocrx_word' id='word_1_84' title='bbox 1213 1373 1534 1457; x_wconf 77' lang='lat' dir='ltr'><strong>expellant</strong></span> <span class='ocrx_word' id='word_1_85' title='bbox 1559 1373 1732 1457; x_wconf 91' lang='lat' dir='ltr'><strong>quod</strong></span> <span class='ocrx_word' id='word_1_86' title='bbox 1755 1373 2081 1438; x_wconf 88' lang='lat' dir='ltr'><strong>somniant</strong></span> <span class='ocrx_word' id='word_1_87' title='bbox 2102 1393 2463 1452; x_wconf 65' lang='lat' dir='ltr'><strong>venenumg,</strong></span> <span class='ocrx_word' id='word_1_88' title='bbox 2487 1361 2548 1457; x_wconf 61' lang='grc' dir='ltr'><strong>ἓξ</strong></span> <span class='ocrx_word' id='word_1_89' title='bbox 2564 1345 2766 1460; x_wconf 34' lang='grc' dir='ltr'><strong>ἐξξὲὠῂ</strong></span> 
     </span>
     <span class='ocr_line' id='line_1_12' title="bbox 266 1473 2464 1563; baseline 0.002 -26"><span class='ocrx_word' id='word_1_90' title='bbox 266 1473 409 1556; x_wconf 92' lang='lat' dir='ltr'><strong>(hoc</strong></span> <span class='ocrx_word' id='word_1_91' title='bbox 438 1475 613 1538; x_wconf 88' lang='lat' dir='ltr'><strong>enim</strong></span> <span class='ocrx_word' id='word_1_92' title='bbox 643 1483 741 1541; x_wconf 89' lang='lat' dir='ltr'><strong>est</strong></span> <span class='ocrx_word' id='word_1_93' title='bbox 770 1476 1139 1556; x_wconf 88' lang='lat' dir='ltr'><strong>dicendum,</strong></span> <span class='ocrx_word' id='word_1_94' title='bbox 1162 1478 1291 1542; x_wconf 88' lang='lat' dir='ltr'><strong>nisi</strong></span> <span class='ocrx_word' id='word_1_95' title='bbox 1316 1478 1551 1542; x_wconf 89' lang='lat' dir='ltr'><strong>malint</strong></span> <span class='ocrx_word' id='word_1_96' title='bbox 1577 1478 1788 1542; x_wconf 90' lang='lat' dir='ltr'><strong>verbis</strong></span> <span class='ocrx_word' id='word_1_97' title='bbox 1815 1478 2057 1557; x_wconf 88' lang='lat' dir='ltr'><strong>ludere,</strong></span> <span class='ocrx_word' id='word_1_98' title='bbox 2082 1500 2276 1563; x_wconf 88' lang='lat' dir='ltr'><strong>quam</strong></span> <span class='ocrx_word' id='word_1_99' title='bbox 2304 1478 2464 1542; x_wconf 86' lang='lat' dir='ltr'><strong>illud</strong></span> 
     </span>
     <span class='ocr_line' id='line_1_13' title="bbox 262 1577 2524 1664; baseline 0.002 -25"><span class='ocrx_word' id='word_1_100' title='bbox 262 1577 430 1658; x_wconf 89' lang='lat' dir='ltr'><strong>quod</strong></span> <span class='ocrx_word' id='word_1_101' title='bbox 455 1583 669 1660; x_wconf 88' lang='lat' dir='ltr'><strong>potest</strong></span> <span class='ocrx_word' id='word_1_102' title='bbox 708 1579 1005 1662; x_wconf 84' lang='lat' dir='ltr'><strong>intelligi,</strong></span> <span class='ocrx_word' id='word_1_103' title='bbox 1038 1580 1202 1643; x_wconf 89' lang='lat' dir='ltr'><strong>serio</strong></span> <span class='ocrx_word' id='word_1_104' title='bbox 1241 1600 1600 1663; x_wconf 86' lang='lat' dir='ltr'><strong>proponere</strong></span> <span class='ocrx_word' id='word_1_105' title='bbox 1617 1581 1662 1664; x_wconf 85' lang='lat'><strong>3)</strong></span> <span class='ocrx_word' id='word_1_106' title='bbox 1709 1600 1790 1643; x_wconf 89' lang='lat' dir='ltr'><strong>ex</strong></span> <span class='ocrx_word' id='word_1_107' title='bbox 1819 1601 1949 1662; x_wconf 91' lang='lat' dir='ltr'><strong>quo</strong></span> <span class='ocrx_word' id='word_1_108' title='bbox 1985 1579 2232 1644; x_wconf 86' lang='lat' dir='ltr'><strong>factum</strong></span> <span class='ocrx_word' id='word_1_109' title='bbox 2261 1587 2361 1644; x_wconf 86' lang='lat' dir='ltr'><strong>est</strong></span> <span class='ocrx_word' id='word_1_110' title='bbox 2387 1586 2465 1644; x_wconf 87' lang='lat' dir='ltr'><strong>nt</strong></span> <span class='ocrx_word' id='word_1_111' title='bbox 2517 1585 2524 1590; x_wconf 80' lang='grc'><em>“</em></span> 
     </span>
     <span class='ocr_line' id='line_1_14' title="bbox 260 1677 2464 1766; baseline 0.002 -26"><span class='ocrx_word' id='word_1_112' title='bbox 260 1677 546 1760; x_wconf 89' lang='lat' dir='ltr'><strong>regimen</strong></span> <span class='ocrx_word' id='word_1_113' title='bbox 590 1680 1053 1745; x_wconf 86' lang='lat' dir='ltr'><strong>calidissimum</strong></span> <span class='ocrx_word' id='word_1_114' title='bbox 1094 1680 1607 1766; x_wconf 89' lang='lat' dir='ltr'><strong>methodumque</strong></span> <span class='ocrx_word' id='word_1_115' title='bbox 1645 1681 1798 1745; x_wconf 88' lang='lat' dir='ltr'><strong>huic</strong></span> <span class='ocrx_word' id='word_1_116' title='bbox 1835 1701 2057 1764; x_wconf 90' lang='lat' dir='ltr'><strong>parem</strong></span> <span class='ocrx_word' id='word_1_117' title='bbox 2099 1682 2180 1746; x_wconf 90' lang='lat' dir='ltr'><strong>iis</strong></span> <span class='ocrx_word' id='word_1_118' title='bbox 2221 1681 2464 1748; x_wconf 77' lang='lat' dir='ltr'><strong>morbis</strong></span> 
     </span>
     <span class='ocr_line' id='line_1_15' title="bbox 260 1779 2464 1867; baseline 0.003 -25"><span class='ocrx_word' id='word_1_119' title='bbox 260 1779 716 1863; x_wconf 84' lang='lat' dir='ltr'><strong>adaptaverint,</strong></span> <span class='ocrx_word' id='word_1_120' title='bbox 777 1783 887 1867; x_wconf 88' lang='lat' dir='ltr'><strong>qui</strong></span> <span class='ocrx_word' id='word_1_121' title='bbox 944 1783 1356 1866; x_wconf 85' lang='lat' dir='ltr'><strong>frigidissima</strong></span> <span class='ocrx_word' id='word_1_122' title='bbox 1412 1791 1557 1848; x_wconf 89' lang='lat' dir='ltr'><strong>tum</strong></span> <span class='ocrx_word' id='word_1_123' title='bbox 1615 1783 1900 1848; x_wconf 87' lang='lat' dir='ltr'><strong>remedia</strong></span> <span class='ocrx_word' id='word_1_124' title='bbox 1970 1789 2115 1847; x_wconf 90' lang='lat' dir='ltr'><strong>tum</strong></span> <span class='ocrx_word' id='word_1_125' title='bbox 2171 1785 2464 1866; x_wconf 86' lang='lat' dir='ltr'><strong>regimen</strong></span> 
     </span>
     <span class='ocr_line' id='line_1_16' title="bbox 258 1885 2467 1972; baseline 0.003 -25"><span class='ocrx_word' id='word_1_126' title='bbox 258 1904 407 1965; x_wconf 89' lang='lat' dir='ltr'><strong>prae</strong></span> <span class='ocrx_word' id='word_1_127' title='bbox 450 1885 715 1950; x_wconf 89' lang='lat' dir='ltr'><strong>caeteris</strong></span> <span class='ocrx_word' id='word_1_128' title='bbox 752 1886 873 1950; x_wconf 90' lang='lat' dir='ltr'><strong>sibi</strong></span> <span class='ocrx_word' id='word_1_129' title='bbox 911 1887 1347 1970; x_wconf 82' lang='lat' dir='ltr'><strong>postulabant.</strong></span> <span class='ocrx_word' id='word_1_130' title='bbox 1440 1886 1635 1953; x_wconf 80' lang='lat' dir='ltr'><strong>Quod</strong></span> <span class='ocrx_word' id='word_1_131' title='bbox 1679 1888 1938 1972; x_wconf 89' lang='lat' dir='ltr'><strong>quidem</strong></span> <span class='ocrx_word' id='word_1_132' title='bbox 1975 1889 2130 1952; x_wconf 89' lang='lat' dir='ltr'><strong>satis</strong></span> <span class='ocrx_word' id='word_1_133' title='bbox 2171 1889 2467 1972; x_wconf 84' lang='lat' dir='ltr'><strong>arguitur</strong></span> 
     </span>
     <span class='ocr_line' id='line_1_17' title="bbox 258 1986 2463 2071; baseline 0.004 -25"><span class='ocrx_word' id='word_1_134' title='bbox 258 1990 399 2047; x_wconf 89' lang='lat' dir='ltr'><strong>tum</strong></span> <span class='ocrx_word' id='word_1_135' title='bbox 426 1986 497 2048; x_wconf 89' lang='lat' dir='ltr'><strong>in</strong></span> <span class='ocrx_word' id='word_1_136' title='bbox 523 1987 925 2068; x_wconf 85' lang='lat' dir='ltr'><strong>variolarum,</strong></span> <span class='ocrx_word' id='word_1_137' title='bbox 959 1989 1071 2071; x_wconf 88' lang='lat' dir='ltr'><strong>qui</strong></span> <span class='ocrx_word' id='word_1_138' title='bbox 1110 2010 1189 2053; x_wconf 89' lang='lat' dir='ltr'><strong>ex</strong></span> <span class='ocrx_word' id='word_1_139' title='bbox 1226 1989 1627 2054; x_wconf 78' lang='lat' dir='ltr'><strong>calidissimis</strong></span> <span class='ocrx_word' id='word_1_140' title='bbox 1655 1990 1727 2053; x_wconf 90' lang='lat' dir='ltr'><strong>in</strong></span> <span class='ocrx_word' id='word_1_141' title='bbox 1763 2011 1983 2054; x_wconf 90' lang='lat' dir='ltr'><strong>rerum</strong></span> <span class='ocrx_word' id='word_1_142' title='bbox 2010 1997 2248 2054; x_wconf 87' lang='lat' dir='ltr'><strong>natura</strong></span> <span class='ocrx_word' id='word_1_143' title='bbox 2275 1991 2463 2054; x_wconf 86' lang='lat' dir='ltr'><strong>affec-</strong></span> 
     </span>
     <span class='ocr_line' id='line_1_18' title="bbox 257 2091 2464 2177; baseline 0.002 -23"><span class='ocrx_word' id='word_1_144' title='bbox 257 2091 438 2156; x_wconf 84' lang='lat' dir='ltr'><strong>tibus</strong></span> <span class='ocrx_word' id='word_1_145' title='bbox 468 2098 585 2170; x_wconf 89' lang='lat' dir='ltr'><strong>est,</strong></span> <span class='ocrx_word' id='word_1_146' title='bbox 616 2099 759 2156; x_wconf 92' lang='lat' dir='ltr'><strong>tum</strong></span> <span class='ocrx_word' id='word_1_147' title='bbox 790 2093 861 2156; x_wconf 92' lang='lat' dir='ltr'><strong>in</strong></span> <span class='ocrx_word' id='word_1_148' title='bbox 890 2093 1195 2157; x_wconf 85' lang='lat' dir='ltr'><strong>Febrium</strong></span> <span class='ocrx_word' id='word_1_149' title='bbox 1227 2093 1517 2173; x_wconf 88' lang='lat' dir='ltr'><strong>aliarum,</strong></span> <span class='ocrx_word' id='word_1_150' title='bbox 1549 2093 1900 2158; x_wconf 85' lang='lat' dir='ltr'><strong>curatione.</strong></span> <span class='ocrx_word' id='word_1_151' title='bbox 1955 2095 2042 2158; x_wconf 92' lang='lat' dir='ltr'><strong>In</strong></span> <span class='ocrx_word' id='word_1_152' title='bbox 2070 2114 2262 2177; x_wconf 89' lang='lat' dir='ltr'><strong>quem</strong></span> <span class='ocrx_word' id='word_1_153' title='bbox 2291 2113 2464 2158; x_wconf 91' lang='lat' dir='ltr'><strong>erro-</strong></span> 
     </span>
    </p>
   </div>
   <div class='ocr_carea' id='block_1_4' title="bbox 258 2192 2463 2279">
    <p class='ocr_par' dir='ltr' id='par_1_4' title="bbox 258 2192 2463 2279">
     <span class='ocr_line' id='line_1_19' title="bbox 258 2192 2463 2279; baseline 0.002 -23"><span class='ocrx_word' id='word_1_154' title='bbox 258 2213 395 2256; x_wconf 87' lang='lat' dir='ltr'><strong>rem</strong></span> <span class='ocrx_word' id='word_1_155' title='bbox 431 2193 601 2258; x_wconf 87' lang='lat' dir='ltr'><strong>forte</strong></span> <span class='ocrx_word' id='word_1_156' title='bbox 641 2192 1011 2258; x_wconf 89' lang='lat' dir='ltr'><strong>inciderunt</strong></span> <span class='ocrx_word' id='word_1_157' title='bbox 1048 2216 1129 2259; x_wconf 85' lang='lat' dir='ltr'><strong>ex</strong></span> <span class='ocrx_word' id='word_1_158' title='bbox 1175 2201 1523 2279; x_wconf 88' lang='lat' dir='ltr'><strong>conspectu</strong></span> <span class='ocrx_word' id='word_1_159' title='bbox 1557 2195 2018 2278; x_wconf 84' lang='lat' dir='ltr'><strong>petechiarum,</strong></span> <span class='ocrx_word' id='word_1_160' title='bbox 2062 2196 2463 2260; x_wconf 86' lang='lat' dir='ltr'><strong>macularum</strong></span> 
     </span>
    </p>
   </div>
   <div class='ocr_carea' id='block_1_5' title="bbox 2487 653 2770 666">
    <p class='ocr_par' dir='ltr' id='par_1_5' title="bbox 2487 653 2770 666">
     <span class='ocr_line' id='line_1_20' title="bbox 2487 653 2770 666; baseline 0 0"><span class='ocrx_word' id='word_1_161' title='bbox 2487 653 2770 666; x_wconf 95' lang='lat' dir='ltr'><strong> </strong></span> 
     </span>
    </p>
   </div>
   <div class='ocr_carea' id='block_1_6' title="bbox 246 2297 2552 4326">
    <p class='ocr_par' dir='ltr' id='par_1_6' title="bbox 246 2297 2552 4326">
     <span class='ocr_line' id='line_1_21' title="bbox 259 2297 2462 2384; baseline 0.002 -25"><span class='ocrx_word' id='word_1_162' title='bbox 259 2317 747 2380; x_wconf 89' lang='lat' dir='ltr'><strong>purpurearum,</strong></span> <span class='ocrx_word' id='word_1_163' title='bbox 801 2303 867 2360; x_wconf 93' lang='lat' dir='ltr'><strong>et</strong></span> <span class='ocrx_word' id='word_1_164' title='bbox 926 2304 1325 2363; x_wconf 87' lang='lat' dir='ltr'><strong>caeterorum</strong></span> <span class='ocrx_word' id='word_1_165' title='bbox 1382 2298 1451 2362; x_wconf 90' lang='lat' dir='ltr'><strong>id</strong></span> <span class='ocrx_word' id='word_1_166' title='bbox 1510 2319 1716 2382; x_wconf 89' lang='lat' dir='ltr'><strong>genus</strong></span> <span class='ocrx_word' id='word_1_167' title='bbox 1773 2297 2184 2384; x_wconf 80' lang='grc' dir='ltr'>φαινομένων.</span> <span class='ocrx_word' id='word_1_168' title='bbox 2277 2299 2462 2365; x_wconf 80' lang='lat' dir='ltr'><strong>Quae</strong></span> 
     </span>
     <span class='ocr_line' id='line_1_22' title="bbox 256 2398 2458 2484; baseline 0.001 -22"><span class='ocrx_word' id='word_1_169' title='bbox 256 2407 476 2462; x_wconf 85' lang='lat' dir='ltr'><strong>tamen</strong></span> <span class='ocrx_word' id='word_1_170' title='bbox 504 2398 720 2462; x_wconf 89' lang='lat' dir='ltr'><strong>omnia</strong></span> <span class='ocrx_word' id='word_1_171' title='bbox 746 2400 819 2462; x_wconf 90' lang='lat' dir='ltr'><strong>in</strong></span> <span class='ocrx_word' id='word_1_172' title='bbox 847 2400 1166 2483; x_wconf 88' lang='lat' dir='ltr'><strong>plerisque</strong></span> <span class='ocrx_word' id='word_1_173' title='bbox 1206 2399 1530 2484; x_wconf 84' lang='lat' dir='ltr'><strong>subjectis,</strong></span> <span class='ocrx_word' id='word_1_174' title='bbox 1560 2401 2076 2480; x_wconf 86' lang='lat' dir='ltr'><strong>inflammationi,</strong></span> <span class='ocrx_word' id='word_1_175' title='bbox 2109 2401 2285 2484; x_wconf 83' lang='lat' dir='ltr'><strong>aegri</strong></span> <span class='ocrx_word' id='word_1_176' title='bbox 2315 2421 2458 2465; x_wconf 90' lang='lat' dir='ltr'><strong>san-</strong></span> 
     </span>
     <span class='ocr_line' id='line_1_23' title="bbox 259 2500 2458 2588; baseline 0.002 -24"><span class='ocrx_word' id='word_1_177' title='bbox 259 2501 441 2585; x_wconf 86' lang='lat' dir='ltr'><strong>guini</strong></span> <span class='ocrx_word' id='word_1_178' title='bbox 475 2502 615 2586; x_wconf 89' lang='lat' dir='ltr'><strong>jam</strong></span> <span class='ocrx_word' id='word_1_179' title='bbox 656 2500 770 2565; x_wconf 90' lang='lat' dir='ltr'><strong>diu</strong></span> <span class='ocrx_word' id='word_1_180' title='bbox 802 2501 948 2585; x_wconf 87' lang='lat' dir='ltr'><strong>plus</strong></span> <span class='ocrx_word' id='word_1_181' title='bbox 991 2503 1147 2567; x_wconf 75' lang='lat' dir='ltr'><strong>satis</strong></span> <span class='ocrx_word' id='word_1_182' title='bbox 1176 2524 1217 2566; x_wconf 87' lang='lat' dir='ltr'><strong>a</strong></span> <span class='ocrx_word' id='word_1_183' title='bbox 1246 2501 1450 2567; x_wconf 81' lang='lat' dir='ltr'><strong>Febre</strong></span> <span class='ocrx_word' id='word_1_184' title='bbox 1480 2524 1748 2568; x_wconf 87' lang='lat' dir='ltr'><strong>accenso</strong></span> <span class='ocrx_word' id='word_1_185' title='bbox 1777 2502 2290 2588; x_wconf 86' lang='lat' dir='ltr'><strong>superinductae,</strong></span> <span class='ocrx_word' id='word_1_186' title='bbox 2323 2525 2458 2568; x_wconf 92' lang='lat' dir='ltr'><strong>om-</strong></span> 
     </span>
     <span class='ocr_line' id='line_1_24' title="bbox 254 2603 2458 2688; baseline 0.002 -22"><span class='ocrx_word' id='word_1_187' title='bbox 254 2604 413 2667; x_wconf 88' lang='lat' dir='ltr'><strong>nino</strong></span> <span class='ocrx_word' id='word_1_188' title='bbox 460 2603 817 2681; x_wconf 73' lang='lat' dir='ltr'><strong>debentur,</strong></span> <span class='ocrx_word' id='word_1_189' title='bbox 891 2612 1118 2688; x_wconf 86' lang='lat' dir='ltr'><strong>utpote</strong></span> <span class='ocrx_word' id='word_1_190' title='bbox 1170 2627 1333 2688; x_wconf 87' lang='lat' dir='ltr'><strong>quae</strong></span> <span class='ocrx_word' id='word_1_191' title='bbox 1382 2626 1527 2669; x_wconf 91' lang='lat' dir='ltr'><strong>raro</strong></span> <span class='ocrx_word' id='word_1_192' title='bbox 1579 2612 1808 2688; x_wconf 89' lang='lat' dir='ltr'><strong>sponte</strong></span> <span class='ocrx_word' id='word_1_193' title='bbox 1855 2628 1972 2670; x_wconf 87' lang='lat' dir='ltr'><strong>sua</strong></span> <span class='ocrx_word' id='word_1_194' title='bbox 2031 2607 2458 2687; x_wconf 87' lang='lat' dir='ltr'><strong>efflorescunt,</strong></span> 
     </span>
     <span class='ocr_line' id='line_1_25' title="bbox 254 2705 2456 2791; baseline 0.001 -22"><span class='ocrx_word' id='word_1_195' title='bbox 254 2712 703 2789; x_wconf 85' lang='lat' dir='ltr'><strong>praeterquam</strong></span> <span class='ocrx_word' id='word_1_196' title='bbox 739 2705 859 2769; x_wconf 88' lang='lat' dir='ltr'><strong>sub</strong></span> <span class='ocrx_word' id='word_1_197' title='bbox 900 2707 1182 2771; x_wconf 89' lang='lat' dir='ltr'><strong>adventu</strong></span> <span class='ocrx_word' id='word_1_198' title='bbox 1224 2708 1423 2790; x_wconf 87' lang='lat' dir='ltr'><strong>pestis</strong></span> <span class='ocrx_word' id='word_1_199' title='bbox 1464 2708 1686 2791; x_wconf 86' lang='lat' dir='ltr'><strong>ipsius,</strong></span> <span class='ocrx_word' id='word_1_200' title='bbox 1719 2715 1912 2791; x_wconf 85' lang='lat' dir='ltr'><strong>atque</strong></span> <span class='ocrx_word' id='word_1_201' title='bbox 1949 2708 2022 2770; x_wconf 92' lang='lat' dir='ltr'><strong>in</strong></span> <span class='ocrx_word' id='word_1_202' title='bbox 2057 2707 2246 2772; x_wconf 90' lang='lat' dir='ltr'><strong>initio</strong></span> <span class='ocrx_word' id='word_1_203' title='bbox 2282 2710 2456 2773; x_wconf 86' lang='lat' dir='ltr'><strong>inva-</strong></span> 
     </span>
     <span class='ocr_line' id='line_1_26' title="bbox 256 2809 2458 2891; baseline 0.001 -20"><span class='ocrx_word' id='word_1_204' title='bbox 256 2809 453 2872; x_wconf 90' lang='lat' dir='ltr'><strong>sionis</strong></span> <span class='ocrx_word' id='word_1_205' title='bbox 508 2809 780 2871; x_wconf 87' lang='lat' dir='ltr'><strong>istarum</strong></span> <span class='ocrx_word' id='word_1_206' title='bbox 837 2810 1220 2873; x_wconf 88' lang='lat' dir='ltr'><strong>variolarum</strong></span> <span class='ocrx_word' id='word_1_207' title='bbox 1277 2810 1744 2873; x_wconf 88' lang='lat' dir='ltr'><strong>confluentium</strong></span> <span class='ocrx_word' id='word_1_208' title='bbox 1787 2828 1960 2891; x_wconf 83' lang='lat' dir='ltr'><strong>quae</strong></span> <span class='ocrx_word' id='word_1_209' title='bbox 2011 2830 2302 2873; x_wconf 82' lang='lat' dir='ltr'><strong>summae</strong></span> <span class='ocrx_word' id='word_1_210' title='bbox 2358 2811 2458 2874; x_wconf 89' lang='lat' dir='ltr'><strong>in-</strong></span> 
     </span>
     <span class='ocr_line' id='line_1_27' title="bbox 254 2909 2460 2995; baseline 0.001 -22"><span class='ocrx_word' id='word_1_211' title='bbox 254 2909 708 2974; x_wconf 85' lang='lat' dir='ltr'><strong>flammationis</strong></span> <span class='ocrx_word' id='word_1_212' title='bbox 759 2910 1100 2995; x_wconf 88' lang='lat' dir='ltr'><strong>participes</strong></span> <span class='ocrx_word' id='word_1_213' title='bbox 1147 2917 1321 2974; x_wconf 89' lang='lat' dir='ltr'><strong>sunt.</strong></span> <span class='ocrx_word' id='word_1_214' title='bbox 1414 2911 1499 2975; x_wconf 91' lang='lat' dir='ltr'><strong>In</strong></span> <span class='ocrx_word' id='word_1_215' title='bbox 1554 2910 1680 2974; x_wconf 89' lang='lat' dir='ltr'><strong>hoc</strong></span> <span class='ocrx_word' id='word_1_216' title='bbox 1738 2911 1914 2973; x_wconf 87' lang='lat' dir='ltr'><strong>enim</strong></span> <span class='ocrx_word' id='word_1_217' title='bbox 1961 2910 2173 2974; x_wconf 88' lang='lat' dir='ltr'><strong>morbi</strong></span> <span class='ocrx_word' id='word_1_218' title='bbox 2225 2932 2460 2993; x_wconf 86' lang='lat' dir='ltr'><strong>genere</strong></span> 
     </span>
     <span class='ocr_line' id='line_1_28' title="bbox 252 3011 2459 3096; baseline 0 -21"><span class='ocrx_word' id='word_1_219' title='bbox 252 3014 545 3077; x_wconf 84' lang='lat' dir='ltr'><strong>maculae</strong></span> <span class='ocrx_word' id='word_1_220' title='bbox 571 3012 845 3076; x_wconf 87' lang='lat' dir='ltr'><strong>liventes</strong></span> <span class='ocrx_word' id='word_1_221' title='bbox 872 3013 945 3076; x_wconf 90' lang='lat' dir='ltr'><strong>in</strong></span> <span class='ocrx_word' id='word_1_222' title='bbox 972 3013 1161 3077; x_wconf 85' lang='lat' dir='ltr'><strong>variis</strong></span> <span class='ocrx_word' id='word_1_223' title='bbox 1197 3012 1477 3096; x_wconf 88' lang='lat' dir='ltr'><strong>corporis</strong></span> <span class='ocrx_word' id='word_1_224' title='bbox 1515 3011 1807 3095; x_wconf 88' lang='lat' dir='ltr'><strong>partibus</strong></span> <span class='ocrx_word' id='word_1_225' title='bbox 1843 3032 1980 3076; x_wconf 89' lang='lat' dir='ltr'><strong>una</strong></span> <span class='ocrx_word' id='word_1_226' title='bbox 2007 3031 2157 3075; x_wconf 88' lang='lat' dir='ltr'><strong>cum</strong></span> <span class='ocrx_word' id='word_1_227' title='bbox 2183 3012 2459 3096; x_wconf 86' lang='lat' dir='ltr'><strong>pustulis</strong></span> 
     </span>
     <span class='ocr_line' id='line_1_29' title="bbox 252 3114 2457 3199; baseline 0 -20"><span class='ocrx_word' id='word_1_228' title='bbox 252 3116 537 3199; x_wconf 87' lang='lat' dir='ltr'><strong>primum</strong></span> <span class='ocrx_word' id='word_1_229' title='bbox 578 3115 1063 3198; x_wconf 87' lang='lat' dir='ltr'><strong>erumpentibus</strong></span> <span class='ocrx_word' id='word_1_230' title='bbox 1108 3122 1502 3198; x_wconf 86' lang='lat' dir='ltr'><strong>comparent,</strong></span> <span class='ocrx_word' id='word_1_231' title='bbox 1548 3121 1744 3198; x_wconf 89' lang='lat' dir='ltr'><strong>atque</strong></span> <span class='ocrx_word' id='word_1_232' title='bbox 1788 3134 1980 3197; x_wconf 84' lang='lat' dir='ltr'><strong>aeger</strong></span> <span class='ocrx_word' id='word_1_233' title='bbox 2018 3114 2245 3178; x_wconf 90' lang='lat' dir='ltr'><strong>eodem</strong></span> <span class='ocrx_word' id='word_1_234' title='bbox 2293 3122 2457 3180; x_wconf 91' lang='lat' dir='ltr'><strong>tem-</strong></span> 
     </span>
     <span class='ocr_line' id='line_1_30' title="bbox 252 3214 2458 3302; baseline 0 -21"><span class='ocrx_word' id='word_1_235' title='bbox 252 3237 411 3302; x_wconf 89' lang='lat' dir='ltr'><strong>pore</strong></span> <span class='ocrx_word' id='word_1_236' title='bbox 454 3218 785 3301; x_wconf 85' lang='lat' dir='ltr'><strong>sanguinis</strong></span> <span class='ocrx_word' id='word_1_237' title='bbox 825 3219 1191 3284; x_wconf 84' lang='lat' dir='ltr'><strong>excretione</strong></span> <span class='ocrx_word' id='word_1_238' title='bbox 1229 3218 1330 3283; x_wconf 92' lang='lat' dir='ltr'><strong>vel</strong></span> <span class='ocrx_word' id='word_1_239' title='bbox 1368 3239 1484 3301; x_wconf 90' lang='lat' dir='ltr'><strong>per</strong></span> <span class='ocrx_word' id='word_1_240' title='bbox 1521 3223 1775 3282; x_wconf 84' lang='lat' dir='ltr'><strong>meatus</strong></span> <span class='ocrx_word' id='word_1_241' title='bbox 1813 3214 2150 3295; x_wconf 86' lang='lat' dir='ltr'><strong>urinarios,</strong></span> <span class='ocrx_word' id='word_1_242' title='bbox 2179 3217 2279 3281; x_wconf 90' lang='lat' dir='ltr'><strong>vel</strong></span> <span class='ocrx_word' id='word_1_243' title='bbox 2308 3238 2458 3281; x_wconf 91' lang='lat' dir='ltr'><strong>cum</strong></span> 
     </span>
     <span class='ocr_line' id='line_1_31' title="bbox 253 3318 2552 3404; baseline -0.003 -21"><span class='ocrx_word' id='word_1_244' title='bbox 253 3320 419 3383; x_wconf 87' lang='lat' dir='ltr'><strong>tussi</strong></span> <span class='ocrx_word' id='word_1_245' title='bbox 455 3341 570 3404; x_wconf 90' lang='lat' dir='ltr'><strong>per</strong></span> <span class='ocrx_word' id='word_1_246' title='bbox 597 3321 955 3404; x_wconf 87' lang='lat' dir='ltr'><strong>pulmones,</strong></span> <span class='ocrx_word' id='word_1_247' title='bbox 984 3320 1399 3403; x_wconf 82' lang='lat' dir='ltr'><strong>fatigabitur3</strong></span> <span class='ocrx_word' id='word_1_248' title='bbox 1446 3341 1598 3384; x_wconf 91' lang='lat' dir='ltr'><strong>cum</strong></span> <span class='ocrx_word' id='word_1_249' title='bbox 1639 3319 1734 3383; x_wconf 91' lang='lat' dir='ltr'><strong>ita</strong></span> <span class='ocrx_word' id='word_1_250' title='bbox 1775 3318 1984 3383; x_wconf 90' lang='lat' dir='ltr'><strong>valida</strong></span> <span class='ocrx_word' id='word_1_251' title='bbox 2026 3318 2458 3402; x_wconf 82' lang='lat' dir='ltr'><strong>exagitatione</strong></span> <span class='ocrx_word' id='word_1_252' title='bbox 2545 3372 2552 3377; x_wconf 86' lang='lat'>.</span> 
     </span>
     <span class='ocr_line' id='line_1_32' title="bbox 253 3421 2456 3507; baseline -0.001 -20"><span class='ocrx_word' id='word_1_253' title='bbox 253 3430 451 3506; x_wconf 88' lang='lat' dir='ltr'><strong>atque</strong></span> <span class='ocrx_word' id='word_1_254' title='bbox 494 3444 791 3507; x_wconf 85' lang='lat' dir='ltr'><strong>orgasmo</strong></span> <span class='ocrx_word' id='word_1_255' title='bbox 843 3423 923 3488; x_wconf 88' lang='lat' dir='ltr'><strong>ab</strong></span> <span class='ocrx_word' id='word_1_256' title='bbox 974 3423 1485 3487; x_wconf 88' lang='lat' dir='ltr'><strong>inflammatione</strong></span> <span class='ocrx_word' id='word_1_257' title='bbox 1529 3428 1674 3486; x_wconf 91' lang='lat' dir='ltr'><strong>orto</strong></span> <span class='ocrx_word' id='word_1_258' title='bbox 1720 3421 1981 3505; x_wconf 86' lang='lat' dir='ltr'><strong>sanguis</strong></span> <span class='ocrx_word' id='word_1_259' title='bbox 2024 3421 2306 3501; x_wconf 88' lang='lat' dir='ltr'><strong>ferociat,</strong></span> <span class='ocrx_word' id='word_1_260' title='bbox 2358 3428 2456 3502; x_wconf 91' lang='lat' dir='ltr'><strong>ut,</strong></span> 
     </span>
     <span class='ocr_line' id='line_1_33' title="bbox 253 3525 2453 3610; baseline -0.001 -21"><span class='ocrx_word' id='word_1_261' title='bbox 253 3525 563 3589; x_wconf 86' lang='lat' dir='ltr'><strong>diffractis</strong></span> <span class='ocrx_word' id='word_1_262' title='bbox 600 3527 737 3610; x_wconf 87' lang='lat' dir='ltr'><strong>jam</strong></span> <span class='ocrx_word' id='word_1_263' title='bbox 780 3527 1123 3610; x_wconf 85' lang='lat' dir='ltr'><strong>repagulis,</strong></span> <span class='ocrx_word' id='word_1_264' title='bbox 1160 3526 1232 3589; x_wconf 92' lang='lat' dir='ltr'><strong>in</strong></span> <span class='ocrx_word' id='word_1_265' title='bbox 1274 3525 1582 3589; x_wconf 86' lang='lat' dir='ltr'><strong>cavitates</strong></span> <span class='ocrx_word' id='word_1_266' title='bbox 1627 3525 1904 3608; x_wconf 89' lang='lat' dir='ltr'><strong>corporis</strong></span> <span class='ocrx_word' id='word_1_267' title='bbox 1948 3544 2246 3608; x_wconf 87' lang='lat' dir='ltr'><strong>praeceps</strong></span> <span class='ocrx_word' id='word_1_268' title='bbox 2284 3530 2453 3588; x_wconf 87' lang='lat' dir='ltr'><strong>ruat.</strong></span> 
     </span>
     <span class='ocr_line' id='line_1_34' title="bbox 250 3626 2456 3712; baseline -0.001 -21"><span class='ocrx_word' id='word_1_269' title='bbox 250 3628 344 3692; x_wconf 88' lang='lat' dir='ltr'><strong>Et</strong></span> <span class='ocrx_word' id='word_1_270' title='bbox 377 3628 528 3691; x_wconf 82' lang='lat' dir='ltr'><strong>licet</strong></span> <span class='ocrx_word' id='word_1_271' title='bbox 556 3628 847 3693; x_wconf 85' lang='lat' dir='ltr'><strong>maculae</strong></span> <span class='ocrx_word' id='word_1_272' title='bbox 885 3630 1049 3693; x_wconf 89' lang='lat' dir='ltr'><strong>istae</strong></span> <span class='ocrx_word' id='word_1_273' title='bbox 1086 3648 1447 3712; x_wconf 84' lang='lat' dir='ltr'><strong>purpureae</strong></span> <span class='ocrx_word' id='word_1_274' title='bbox 1474 3628 1546 3691; x_wconf 91' lang='lat' dir='ltr'><strong>in</strong></span> <span class='ocrx_word' id='word_1_275' title='bbox 1575 3626 1696 3690; x_wconf 77' lang='lat' dir='ltr'><strong>hac</strong></span> <span class='ocrx_word' id='word_1_276' title='bbox 1725 3626 1931 3691; x_wconf 85' lang='lat' dir='ltr'><strong>Febre</strong></span> <span class='ocrx_word' id='word_1_277' title='bbox 1959 3648 2095 3691; x_wconf 91' lang='lat' dir='ltr'><strong>non</strong></span> <span class='ocrx_word' id='word_1_278' title='bbox 2124 3648 2164 3690; x_wconf 87' lang='lat' dir='ltr'><strong>a</strong></span> <span class='ocrx_word' id='word_1_279' title='bbox 2191 3634 2328 3691; x_wconf 86' lang='lat' dir='ltr'><strong>tam</strong></span> <span class='ocrx_word' id='word_1_280' title='bbox 2357 3626 2456 3689; x_wconf 86' lang='lat' dir='ltr'><strong>in·</strong></span> 
     </span>
     <span class='ocr_line' id='line_1_35' title="bbox 249 3728 2455 3815; baseline -0.001 -22"><span class='ocrx_word' id='word_1_281' title='bbox 249 3735 443 3794; x_wconf 87' lang='lat' dir='ltr'><strong>tenso</strong></span> <span class='ocrx_word' id='word_1_282' title='bbox 488 3732 819 3814; x_wconf 78' lang='lat' dir='ltr'><strong>sanguinis</strong></span> <span class='ocrx_word' id='word_1_283' title='bbox 864 3732 1093 3809; x_wconf 89' lang='lat' dir='ltr'><strong>calore,</strong></span> <span class='ocrx_word' id='word_1_284' title='bbox 1136 3731 1341 3815; x_wconf 90' lang='lat' dir='ltr'><strong>qualis</strong></span> <span class='ocrx_word' id='word_1_285' title='bbox 1378 3730 1435 3794; x_wconf 88' lang='lat' dir='ltr'><strong>is</strong></span> <span class='ocrx_word' id='word_1_286' title='bbox 1479 3738 1578 3793; x_wconf 90' lang='lat' dir='ltr'><strong>est</strong></span> <span class='ocrx_word' id='word_1_287' title='bbox 1623 3729 1734 3813; x_wconf 91' lang='lat' dir='ltr'><strong>qui</strong></span> <span class='ocrx_word' id='word_1_288' title='bbox 1767 3728 2129 3793; x_wconf 75' lang='lat' dir='ltr'><strong>istiusmodi</strong></span> <span class='ocrx_word' id='word_1_289' title='bbox 2163 3728 2455 3792; x_wconf 82' lang='lat' dir='ltr'><strong>haemor-</strong></span> 
     </span>
     <span class='ocr_line' id='line_1_36' title="bbox 250 3830 2454 3915; baseline -0.001 -21"><span class='ocrx_word' id='word_1_290' title='bbox 250 3832 514 3915; x_wconf 84' lang='lat' dir='ltr'><strong>rhagias</strong></span> <span class='ocrx_word' id='word_1_291' title='bbox 567 3832 822 3912; x_wconf 85' lang='lat' dir='ltr'><strong>excitat,</strong></span> <span class='ocrx_word' id='word_1_292' title='bbox 872 3840 1087 3898; x_wconf 89' lang='lat' dir='ltr'><strong>ortum</strong></span> <span class='ocrx_word' id='word_1_293' title='bbox 1140 3833 1422 3911; x_wconf 76' lang='lat' dir='ltr'><strong>ducant3</strong></span> <span class='ocrx_word' id='word_1_294' title='bbox 1482 3832 1564 3895; x_wconf 85' lang='lat' dir='ltr'><strong>ab</strong></span> <span class='ocrx_word' id='word_1_295' title='bbox 1617 3831 1843 3895; x_wconf 82' lang='lat' dir='ltr'><strong>eadem</strong></span> <span class='ocrx_word' id='word_1_296' title='bbox 1891 3830 2310 3894; x_wconf 86' lang='lat' dir='ltr'><strong>nihilominus</strong></span> <span class='ocrx_word' id='word_1_297' title='bbox 2356 3830 2454 3893; x_wconf 90' lang='lat' dir='ltr'><strong>in-</strong></span> 
     </span>
     <span class='ocr_line' id='line_1_37' title="bbox 249 3929 2454 4019; baseline -0.002 -22"><span class='ocrx_word' id='word_1_298' title='bbox 249 3935 712 4015; x_wconf 85' lang='lat' dir='ltr'><strong>flammatione,</strong></span> <span class='ocrx_word' id='word_1_299' title='bbox 759 3936 874 4000; x_wconf 93' lang='lat' dir='ltr'><strong>sed</strong></span> <span class='ocrx_word' id='word_1_300' title='bbox 920 3936 1126 4019; x_wconf 82' lang='lat' dir='ltr'><strong>gradu</strong></span> <span class='ocrx_word' id='word_1_301' title='bbox 1167 3934 1533 4012; x_wconf 88' lang='lat' dir='ltr'><strong>remissiori,</strong></span> <span class='ocrx_word' id='word_1_302' title='bbox 1573 3932 2040 4017; x_wconf 89' lang='lat' dir='ltr'><strong>producuntur,</strong></span> <span class='ocrx_word' id='word_1_303' title='bbox 2072 3938 2157 4010; x_wconf 90' lang='lat' dir='ltr'><strong>et,</strong></span> <span class='ocrx_word' id='word_1_304' title='bbox 2204 3929 2454 4013; x_wconf 87' lang='lat' dir='ltr'><strong>quoties</strong></span> 
     </span>
     <span class='ocr_line' id='line_1_38' title="bbox 248 4031 2456 4121; baseline -0.003 -21"><span class='ocrx_word' id='word_1_305' title='bbox 248 4038 383 4101; x_wconf 89' lang='lat' dir='ltr'><strong>ista</strong></span> <span class='ocrx_word' id='word_1_306' title='bbox 432 4038 767 4121; x_wconf 85' lang='lat' dir='ltr'><strong>sanguinis</strong></span> <span class='ocrx_word' id='word_1_307' title='bbox 827 4038 1137 4103; x_wconf 71' lang='lat' dir='ltr'><strong>excretio‘</strong></span> <span class='ocrx_word' id='word_1_308' title='bbox 1192 4058 1327 4101; x_wconf 88' lang='lat' dir='ltr'><strong>non</strong></span> <span class='ocrx_word' id='word_1_309' title='bbox 1387 4036 1653 4114; x_wconf 86' lang='lat' dir='ltr'><strong>accedit,</strong></span> <span class='ocrx_word' id='word_1_310' title='bbox 1699 4034 2106 4117; x_wconf 87' lang='lat' dir='ltr'><strong>refrigeranti</strong></span> <span class='ocrx_word' id='word_1_311' title='bbox 2154 4031 2456 4115; x_wconf 89' lang='lat' dir='ltr'><strong>regimini</strong></span> 
     </span>
     <span class='ocr_line' id='line_1_39' title="bbox 246 4136 2455 4225; baseline -0.002 -23"><span class='ocrx_word' id='word_1_312' title='bbox 246 4140 441 4203; x_wconf 88' lang='lat' dir='ltr'><strong>facile</strong></span> <span class='ocrx_word' id='word_1_313' title='bbox 506 4140 768 4205; x_wconf 87' lang='lat' dir='ltr'><strong>cedunt.</strong></span> <span class='ocrx_word' id='word_1_314' title='bbox 900 4140 1065 4225; x_wconf 66' lang='lat'><em>[42]</em></span> <span class='ocrx_word' id='word_1_315' title='bbox 1152 4140 1345 4206; x_wconf 80' lang='lat' dir='ltr'><strong>Quod</strong></span> <span class='ocrx_word' id='word_1_316' title='bbox 1412 4140 1468 4203; x_wconf 88' lang='lat' dir='ltr'><strong>si</strong></span> <span class='ocrx_word' id='word_1_317' title='bbox 1536 4137 1958 4220; x_wconf 88' lang='lat' dir='ltr'><strong>malignitatis</strong></span> <span class='ocrx_word' id='word_1_318' title='bbox 2024 4136 2455 4219; x_wconf 84' lang='lat' dir='ltr'><strong>praesentiam</strong></span> 
     </span>
     <span class='ocr_line' id='line_1_40' title="bbox 248 4238 2455 4326; baseline -0.002 -21"><span class='ocrx_word' id='word_1_319' title='bbox 248 4262 391 4305; x_wconf 90' lang='lat' dir='ltr'><strong>non</strong></span> <span class='ocrx_word' id='word_1_320' title='bbox 436 4248 699 4306; x_wconf 88' lang='lat' dir='ltr'><strong>tantum</strong></span> <span class='ocrx_word' id='word_1_321' title='bbox 744 4264 779 4307; x_wconf 93' lang='lat' dir='ltr'><strong>e</strong></span> <span class='ocrx_word' id='word_1_322' title='bbox 822 4244 1089 4307; x_wconf 87' lang='lat' dir='ltr'><strong>maculis</strong></span> <span class='ocrx_word' id='word_1_323' title='bbox 1133 4242 1471 4326; x_wconf 88' lang='lat' dir='ltr'><strong>purpureis</strong></span> <span class='ocrx_word' id='word_1_324' title='bbox 1514 4241 1847 4324; x_wconf 86' lang='lat' dir='ltr'><strong>colligunt,</strong></span> <span class='ocrx_word' id='word_1_325' title='bbox 1885 4238 2000 4303; x_wconf 86' lang='lat' dir='ltr'><strong>sed</strong></span> <span class='ocrx_word' id='word_1_326' title='bbox 2037 4238 2234 4302; x_wconf 86' lang='lat' dir='ltr'><strong>etiam</strong></span> <span class='ocrx_word' id='word_1_327' title='bbox 2263 4258 2342 4301; x_wconf 81' lang='lat' dir='ltr'><strong>ex</strong></span> <span class='ocrx_word' id='word_1_328' title='bbox 2377 4258 2455 4301; x_wconf 94' lang='lat' dir='ltr'><strong>eo</strong></span> 
     </span>
    </p>
   </div>
   <div class='ocr_carea' id='block_1_7' title="bbox 250 4408 2450 4532">
    <p class='ocr_par' dir='ltr' id='par_1_7' title="bbox 250 4408 2450 4532">
     <span class='ocr_line' id='line_1_41' title="bbox 250 4408 2450 4532; baseline 0 -77"><span class='ocrx_word' id='word_1_329' title='bbox 250 4416 339 4520; x_wconf 36' lang='lat' dir='ltr'><strong>du*</strong></span> <span class='ocrx_word' id='word_1_330' title='bbox 370 4408 823 4532; x_wconf 49' lang='grc' dir='ltr'><strong>ςκσᾶἕίἰοὲοιὸηέωηι</strong></span> <span class='ocrx_word' id='word_1_331' title='bbox 850 4415 897 4457; x_wconf 75' lang='lat' dir='ltr'><strong>in</strong></span> <span class='ocrx_word' id='word_1_332' title='bbox 930 4414 1114 4459; x_wconf 74' lang='lat' dir='ltr'><strong>variolis</strong></span> <span class='ocrx_word' id='word_1_333' title='bbox 1144 4419 1395 4473; x_wconf 69' lang='lat' dir='ltr'><strong>symptoma</strong></span> <span class='ocrx_word' id='word_1_334' title='bbox 1426 4414 1500 4459; x_wconf 71' lang='lat' dir='ltr'><strong>cm·</strong></span> <span class='ocrx_word' id='word_1_335' title='bbox 1522 4412 1794 4459; x_wconf 76' lang='lat' dir='ltr'><strong>devincendo</strong></span> <span class='ocrx_word' id='word_1_336' title='bbox 1825 4412 2014 4459; x_wconf 77' lang='lat' dir='ltr'><strong>nondum</strong></span> <span class='ocrx_word' id='word_1_337' title='bbox 2032 4426 2125 4469; x_wconf 80' lang='lat' dir='ltr'><strong>par</strong></span> <span class='ocrx_word' id='word_1_338' title='bbox 2147 4416 2214 4457; x_wconf 75' lang='lat' dir='ltr'><strong>est</strong></span> <span class='ocrx_word' id='word_1_339' title='bbox 2231 4410 2324 4457; x_wconf 76' lang='lat' dir='ltr'><strong>Ars</strong></span> <span class='ocrx_word' id='word_1_340' title='bbox 2347 4410 2450 4456; x_wconf 79' lang='lat' dir='ltr'><strong>Me-</strong></span> 
     </span>
     <span class='ocr_line' id='line_1_42' title="bbox 290 4478 735 4524; baseline 0.011 -5"><span class='ocrx_word' id='word_1_341' title='bbox 290 4488 365 4520; x_wconf 67' lang='lat' dir='ltr'><strong>rca</strong></span> <span class='ocrx_word' id='word_1_342' title='bbox 414 4488 441 4521; x_wconf 82' lang='lat' dir='ltr'><strong>a</strong></span> <span class='ocrx_word' id='word_1_343' title='bbox 508 4508 521 4521; x_wconf 90' lang='lat'><strong>.</strong></span> <span class='ocrx_word' id='word_1_344' title='bbox 544 4490 570 4521; x_wconf 87' lang='lat' dir='ltr'><strong>e</strong></span> <span class='ocrx_word' id='word_1_345' title='bbox 644 4478 654 4497; x_wconf 81' lang='lat'><em>&#39;</em></span> <span class='ocrx_word' id='word_1_346' title='bbox 724 4511 735 4524; x_wconf 95' lang='lat'><strong><em>.</em></strong></span> 
     </span>
    </p>
   </div>
  </div>
 </body>
</html>
