3138 5006
1148 1321 1581 1398 pocTISSIMo
1623 1319 2209 1369 AMICISSIMOQUE
2250 1319 2427 1367 VIRO

1034 1531 1494 1606 ΤΗΟΜΑΕ
1594 1527 2239 1619 SYDENHAM,
2340 1528 2566 1600 M.D.

695 1777 1116 1855 MAGNUM'
1139 1789 1256 1852 Rei
1277 1789 1558 1852 Medicas
1587 1797 1855 1851 exortum
1878 1797 1966 1850 est
1991 1797 2050 1849 et
2069 1787 2266 1850 lumen
2290 1796 2349 1848 et
2368 1787 2768 1862 commodum,
2804 1787 2918 1848 Vir

709 1895 1072 1968 Clarissime,
1093 1915 1162 1954 ex
1185 1901 1597 1954 consummata
1622 1891 1765 1952 Tua
1795 1889 1897 1953 De
1922 1887 2175 1952 Morbis
2197 1888 2429 1951 Acutis
2461 1887 2787 1965 Historia,
2813 1911 2917 1949 ea-

697 2017 810 2080 que
836 1994 1045 2057 sedula
1074 1994 1474 2055 observatione
1501 2001 1560 2053 et
1563 1993 1715 2072 fida
1745 1993 2105 2075 eaperientia
2134 1991 2421 2068 stabilita,
2454 2013 2573 2052 non
2602 1991 2770 2052 lucri
2802 2001 2917 2053 aut

678 2099 902 2180 famae
940 2099 1203 2180 aucupio
1241 2097 1488 2177 scripta,
1519 2095 1626 2156 sed
1662 2096 1896 2156 sincera
1916 2093 2075 2173 fide,
2107 2102 2169 2155 et
2204 2103 2392 2156 mente
2434 2094 2683 2155 honesta
2700 2118 2723 2165 ;
2772 2115 2909 2155 cum

713 2197 854 2258 Tibi
881 2197 1146 2279 amplum
1192 2197 1343 2256 satis
1373 2195 1671 2256 theatrum
1702 2196 1783 2256 sit
1823 2196 2080 2279 officium
2104 2197 2347 2278 fecisse,
2378 2205 2434 2257 et
2457 2198 2781 2279 praesenti
2821 2217 2911 2257 se-

699 2298 832 2359 culo
871 2299 1079 2382 quovis
1117 2297 1288 2358 modo
1319 2297 1643 2380 profuisse.
1738 2295 1878 2379 Ipse
1920 2297 2208 2360 haetenus
2250 2297 2441 2359 celavi
2474 2301 2719 2380 penitus
2746 2298 2915 2382 quod

699 2399 878 2475 volui,
910 2409 981 2461 at
985 2401 1260 2480 fortasse
1287 2399 1438 2482 quid
1442 2401 1585 2483 jam
1610 2419 1823 2482 parem
1863 2398 2007 2459 Tibi
2033 2421 2064 2459 e
2093 2399 2414 2482 lonqinquo
2442 2398 2684 2461 subolet.
2780 2397 2914 2474 Qui

702 2503 919 2566 laudat
957 2502 1119 2587 quod
1145 2503 1341 2585 facis,
1389 2511 1564 2586 uryet
1606 2511 1675 2563 ut
1699 2501 1918 2583 facias
1965 2501 2129 2586 quod
2169 2501 2372 2563 adbuc
2415 2500 2714 2564 laudetur.
2810 2500 2911 2562 De

701 2606 948 2670 Morbis
985 2606 1207 2669 Acutis
1245 2606 1498 2667 scribere
1545 2626 1785 2666 summa
1825 2602 2153 2688 difficultas
2194 2613 2298 2679 est,
2340 2612 2541 2687 utpote
2582 2624 2735 2687 quos
2778 2611 2909 2663 tam

703 2708 926 2793 rapida
954 2708 1137 2771 volvit
1162 2716 1316 2784 rota,
1341 2715 1427 2785 ut,
1453 2708 1573 2767 nisi
1599 2714 1931 2788 opportuno
1959 2708 2212 2767 sistatur
2240 2706 2600 2788 sufflamine,
2624 2707 2692 2767 in
2712 2727 2911 2787 prae-

703 2834 837 2895 ceps
866 2821 1013 2874 ruat
1042 2813 1187 2885 vita,
1219 2810 1401 2871 nullis
1441 2811 1503 2871 in
1540 2818 1850 2891 posterum
1889 2810 2151 2884 auxiliis,
2185 2809 2369 2871 nullis
2400 2812 2713 2892 suppetiis,
2744 2810 2910 2870 redi-

701 2913 934 2975 menda.
1040 2912 1140 2974 Tu
1169 2910 1410 2993 sinyula
1439 2931 1643 2971 eorum
1686 2920 1981 2972 momenta
2026 2921 2216 2987 notas,
2246 2921 2306 2974 et
2331 2912 2482 2996 quid
2506 2913 2714 2996 quovis
2758 2921 2911 2973 tem-

693 3016 866 3095 poris
903 3011 1160 3075 articulo
1179 3012 1340 3091 fieri
1380 3033 1606 3073 neeesse
1642 3014 1736 3073 sit.
1841 3012 2014 3095 Opus
2042 3015 2278 3097 quidem
2311 3015 2650 3097 perfectum
2696 3023 2759 3075 et
2800 3014 2911 3077 ab—

702 3114 979 3188 solutum,
1012 3116 1112 3176 cui
1139 3113 1294 3175 nihil
1323 3113 1472 3174 addi
1501 3122 1766 3196 poterat,
1804 3115 1924 3175 nisi
1956 3118 2159 3200 majus
2187 3120 2578 3199 promiseras,
2615 3116 2693 3178 de
2719 3117 2907 3178 Mor-

706 3214 798 3275 bis
849 3213 1073 3275 seilieet
1118 3212 1454 3274 Chronicis.
1545 3213 1645 3275 Hi
1692 3215 1969 3277 inducias
2000 3217 2231 3298 ferent,
2279 3227 2339 3280 et
2386 3220 2633 3280 tutiores
2678 3221 2909 3279 exami-

705 3316 898 3377 nandi
923 3324 980 3376 et
986 3314 1320 3397 judicandi
1347 3335 1564 3376 moras.

799 3415 991 3497 Saepe
1019 3416 1182 3477 nobis
1211 3417 1423 3479 incidit
1457 3439 1649 3480 sermo
1677 3419 1750 3480 de
1782 3421 2088 3504 propudio
2115 3421 2217 3482 illo
2246 3420 2461 3484 Morbi
2504 3422 2765 3497 Venerei,
2798 3444 2910 3485 cu-

683 3520 798 3599 jus
831 3518 1281 3601 iqnominiosam
1315 3521 1602 3602 on’qinem
1624 3530 1828 3604 yentes
1855 3522 2179 3605 Europeae
2220 3545 2262 3584 a
2304 3545 2366 3585 se
2409 3525 2657 3585 invicem
2700 3525 2911 3586 sedulo

702 3629 994 3703 sataqunt
1022 3620 1372 3703 propellere,
1403 3631 1477 3696 et,
1510 3632 1582 3684 ut
1607 3626 1736 3707 ejus
1774 3626 1969 3707 maqis
2006 3625 2207 3687 adhue
2235 3626 2604 3688 occultentur
2630 3628 2907 3709 vestigia,

703 3722 792 3783 ad
815 3724 973 3804 ipsos
1003 3722 1189 3785 Indos
1217 3726 1632 3786 remotissimos
1674 3726 2027 3789 amandant.
2120 3727 2547 3791 Scortatorum
2576 3728 2757 3790 audit
2772 3726 2913 3809 fla-

696 3825 943 3905 gellum,
955 3825 1241 3905 furiosae
1267 3835 1324 3888 et
1351 3826 1673 3889 indomitae
1702 3827 1935 3889 libidini
1960 3831 2265 3912 aptissime
2293 3830 2652 3913 respondens
2678 3852 2911 3913 poena,

701 3949 768 3989 eo
805 3928 1080 4009 fortasse
1113 3928 1256 4008 fine
1299 3929 1536 3990 tardius
1580 3939 1824 4005 remota,
1874 3939 1943 3991 ut
1991 3932 2151 3993 tanti
2190 3939 2415 3992 constet
2440 3932 2748 4013 poenitere
2762 3960 2787 4006 ,·
2846 3941 2917 3993 et

701 4030 1096 4093 humanitatis
1139 4039 1198 4091 et
1223 4032 1464 4113 peceati
1499 4030 1683 4091 simul
1720 4052 1896 4093 sensu
1940 4040 2137 4093 tactus
2180 4031 2509 4106 videbatur,
2541 4034 2650 4115 qui
2684 4032 2911 4115 palam

703 4136 934 4217 optavit
979 4136 1448 4215 impurissimam
1504 4133 1665 4195 hanc
1716 4134 1869 4195 luem
1925 4136 2104 4197 semel
2151 4142 2386 4197 tantum
2445 4137 2657 4196 curari
2700 4156 2906 4217 posse.

716 4235 870 4299 Cum
894 4238 1036 4318 jam
1074 4244 1273 4298 autem
1301 4236 1388 4296 ad
1423 4244 1695 4318 ayyrtas,
1726 4244 2005 4311 tonsores,
2036 4245 2095 4297 et
2120 4236 2357 4316 infimos
2383 4256 2644 4319 quosque
2670 4236 2909 4313 sciolos,

702 4340 828 4419 ejus
871 4360 1046 4420 saepe
1089 4338 1363 4400 devoluta
1413 4339 1494 4397 sit
1541 4340 1793 4412 curatio,
1846 4337 1937 4399 illi
1988 4346 2101 4399 aut
2134 4338 2377 4421 fraude
2428 4345 2541 4398 aut
2596 4338 2913 4419 imperitia

703 4458 922 4522 maqno
959 4461 1089 4501 eam
1123 4448 1386 4523 sumptu,
1432 4442 1653 4523 majori
1686 4442 1863 4503 etiam
1904 4440 2190 4517 molestia,
2232 4440 2465 4502 tamdiu
2508 4436 2805 4523 differunt
2848 4448 2917 4500 et
