<?xml version="1.0" encoding="UTF-8"?>
<!DOCTYPE html PUBLIC "-//W3C//DTD XHTML 1.0 Transitional//EN"
    "http://www.w3.org/TR/xhtml1/DTD/xhtml1-transitional.dtd">
<html xmlns="http://www.w3.org/1999/xhtml" xml:lang="en" lang="en">
 <head>
  <title>
</title>
<meta http-equiv="Content-Type" content="text/html;charset=utf-8" />
  <meta name='ocr-system' content='tesseract 3.04.00' />
  <meta name='ocr-capabilities' content='ocr_page ocr_carea ocr_par ocr_line ocrx_word'/>
</head>
<body>
  <div class='ocr_page' id='page_1' title='image "./operaomnia00khgoog_0090.png"; bbox 0 0 3138 5006; ppageno 0'>
   <div class='ocr_carea' id='block_1_1' title="bbox 573 217 2475 334">
    <p class='ocr_par' dir='ltr' id='par_1_1' title="bbox 573 217 2475 334">
     <span class='ocr_line' id='line_1_1' title="bbox 573 217 2475 334; baseline -0.004 1"><span class='ocrx_word' id='word_1_1' title='bbox 573 217 1364 334; x_wconf 70' lang='lat' dir='ltr'><strong>OBSERVA&#39;l&#39;IoNUM</strong></span> <span class='ocrx_word' id='word_1_2' title='bbox 1415 268 1987 332; x_wconf 88' lang='lat' dir='ltr'><strong>MEDICARUM</strong></span> <span class='ocrx_word' id='word_1_3' title='bbox 2045 277 2090 328; x_wconf 92' lang='grc' dir='ltr'><strong>Ι.</strong></span> <span class='ocrx_word' id='word_1_4' title='bbox 2130 283 2183 330; x_wconf 87' lang='grc'><strong>4.</strong></span> <span class='ocrx_word' id='word_1_5' title='bbox 2391 268 2475 328; x_wconf 88' lang='grc'><strong>53</strong></span> 
     </span>
    </p>
   </div>
   <div class='ocr_carea' id='block_1_2' title="bbox 273 432 2741 517">
    <p class='ocr_par' dir='ltr' id='par_1_2' title="bbox 273 432 2741 517">
     <span class='ocr_line' id='line_1_2' title="bbox 273 432 2741 517; baseline 0 -21"><span class='ocrx_word' id='word_1_6' title='bbox 273 433 638 498; x_wconf 89' lang='lat' dir='ltr'><strong>vernalibus</strong></span> <span class='ocrx_word' id='word_1_7' title='bbox 669 432 1052 516; x_wconf 87' lang='lat' dir='ltr'><strong>depositum,</strong></span> <span class='ocrx_word' id='word_1_8' title='bbox 1083 440 1228 496; x_wconf 90' lang='lat' dir='ltr'><strong>tum</strong></span> <span class='ocrx_word' id='word_1_9' title='bbox 1260 434 1460 517; x_wconf 91' lang='lat' dir='ltr'><strong>copia,</strong></span> <span class='ocrx_word' id='word_1_10' title='bbox 1491 441 1635 496; x_wconf 90' lang='lat' dir='ltr'><strong>tum</strong></span> <span class='ocrx_word' id='word_1_11' title='bbox 1668 433 1978 515; x_wconf 78' lang='lat' dir='ltr'><strong>qualitate</strong></span> <span class='ocrx_word' id='word_1_12' title='bbox 2008 440 2219 497; x_wconf 86' lang='lat' dir='ltr'><strong>terrea</strong></span> <span class='ocrx_word' id='word_1_13' title='bbox 2252 434 2473 516; x_wconf 88' lang='lat' dir='ltr'><strong>malig-</strong></span> <span class='ocrx_word' id='word_1_14' title='bbox 2548 443 2741 492; x_wconf 68' lang='lat' dir='ltr'><strong>Fanum</strong></span> 
     </span>
    </p>
   </div>
   <div class='ocr_carea' id='block_1_3' title="bbox 271 507 2781 620">
    <p class='ocr_par' dir='ltr' id='par_1_3' title="bbox 271 507 2781 620">
     <span class='ocr_line' id='line_1_3' title="bbox 973 507 2756 558; baseline 0.007 -14"><span class='ocrx_word' id='word_1_15' title='bbox 973 535 985 548; x_wconf 84' lang='lat'><em>.</em></span> <span class='ocrx_word' id='word_1_16' title='bbox 1668 537 1680 549; x_wconf 93' lang='lat'><em>.</em></span> <span class='ocrx_word' id='word_1_17' title='bbox 1976 536 1989 550; x_wconf 93' lang='lat'><strong>.</strong></span> <span class='ocrx_word' id='word_1_18' title='bbox 2128 537 2141 550; x_wconf 90' lang='lat'>.</span> <span class='ocrx_word' id='word_1_19' title='bbox 2339 537 2352 549; x_wconf 94' lang='lat'><strong>.</strong></span> <span class='ocrx_word' id='word_1_20' title='bbox 2426 537 2439 549; x_wconf 88' lang='lat'><strong>.</strong></span> <span class='ocrx_word' id='word_1_21' title='bbox 2532 507 2756 558; x_wconf 71' lang='lat' dir='ltr'><strong>Cos-rm.</strong></span> 
     </span>
     <span class='ocr_line' id='line_1_4' title="bbox 271 534 2781 620; baseline 0.002 -22"><span class='ocrx_word' id='word_1_22' title='bbox 271 556 488 618; x_wconf 88' lang='lat' dir='ltr'><strong>naque</strong></span> <span class='ocrx_word' id='word_1_23' title='bbox 517 534 598 598; x_wconf 87' lang='lat' dir='ltr'><strong>ab</strong></span> <span class='ocrx_word' id='word_1_24' title='bbox 630 535 992 599; x_wconf 80' lang='lat' dir='ltr'><strong>autumnali</strong></span> <span class='ocrx_word' id='word_1_25' title='bbox 1021 543 1377 620; x_wconf 85' lang='lat' dir='ltr'><strong>superetur.</strong></span> <span class='ocrx_word' id='word_1_26' title='bbox 1441 535 1632 602; x_wconf 79' lang='lat' dir='ltr'><strong>Quod</strong></span> <span class='ocrx_word' id='word_1_27' title='bbox 1662 557 1875 618; x_wconf 82' lang='lat' dir='ltr'><strong>ipsum</strong></span> <span class='ocrx_word' id='word_1_28' title='bbox 1904 543 2099 600; x_wconf 78' lang='lat' dir='ltr'><strong>etlam</strong></span> <span class='ocrx_word' id='word_1_29' title='bbox 2122 557 2193 598; x_wconf 89' lang='lat' dir='ltr'><strong>m</strong></span> <span class='ocrx_word' id='word_1_30' title='bbox 2224 537 2475 600; x_wconf 75' lang='lat' dir='ltr'><strong>variohs</strong></span> <span class='ocrx_word' id='word_1_31' title='bbox 2504 572 2781 620; x_wconf 69' lang='lat' dir='ltr'><strong>Annorum</strong></span> 
     </span>
    </p>
   </div>
   <div class='ocr_carea' id='block_1_4' title="bbox 274 637 2745 722">
    <p class='ocr_par' dir='ltr' id='par_1_4' title="bbox 274 637 2745 722">
     <span class='ocr_line' id='line_1_5' title="bbox 274 637 2745 722; baseline 0 -22"><span class='ocrx_word' id='word_1_32' title='bbox 274 637 550 715; x_wconf 88' lang='lat' dir='ltr'><strong>obtinet,</strong></span> <span class='ocrx_word' id='word_1_33' title='bbox 573 637 923 720; x_wconf 87' lang='lat' dir='ltr'><strong>multisque</strong></span> <span class='ocrx_word' id='word_1_34' title='bbox 945 638 1186 702; x_wconf 82' lang='lat' dir='ltr'><strong>morbis</strong></span> <span class='ocrx_word' id='word_1_35' title='bbox 1216 639 1356 702; x_wconf 86' lang='lat' dir='ltr'><strong>aliis</strong></span> <span class='ocrx_word' id='word_1_36' title='bbox 1384 659 1581 702; x_wconf 82' lang='lat' dir='ltr'><strong>verno</strong></span> <span class='ocrx_word' id='word_1_37' title='bbox 1610 646 1898 722; x_wconf 91' lang='lat' dir='ltr'><strong>tempore</strong></span> <span class='ocrx_word' id='word_1_38' title='bbox 1921 639 2380 722; x_wconf 87' lang='lat' dir='ltr'><strong>grassantibus,</strong></span> <span class='ocrx_word' id='word_1_39' title='bbox 2404 639 2477 702; x_wconf 89' lang='lat' dir='ltr'><strong>in</strong></span> <span class='ocrx_word' id='word_1_40' title='bbox 2540 638 2745 684; x_wconf 79' lang='lat'>’61-’64.</span> 
     </span>
    </p>
   </div>
   <div class='ocr_carea' id='block_1_5' title="bbox 275 733 2707 848">
    <p class='ocr_par' dir='ltr' id='par_1_5' title="bbox 275 733 2707 848">
     <span class='ocr_line' id='line_1_6' title="bbox 275 733 2707 848; baseline 0.003 -48"><span class='ocrx_word' id='word_1_41' title='bbox 275 738 511 822; x_wconf 88' lang='lat' dir='ltr'><strong>quibus</strong></span> <span class='ocrx_word' id='word_1_42' title='bbox 545 741 968 822; x_wconf 79' lang='lat' dir='ltr'><strong>purgantium</strong></span> <span class='ocrx_word' id='word_1_43' title='bbox 1007 741 1266 804; x_wconf 90' lang='lat' dir='ltr'><strong>omissio</strong></span> <span class='ocrx_word' id='word_1_44' title='bbox 1304 761 1439 804; x_wconf 93' lang='lat' dir='ltr'><strong>non</strong></span> <span class='ocrx_word' id='word_1_45' title='bbox 1478 749 1615 804; x_wconf 87' lang='lat' dir='ltr'><strong>tam</strong></span> <span class='ocrx_word' id='word_1_46' title='bbox 1646 762 1836 824; x_wconf 83' lang='lat' dir='ltr'><strong>grave</strong></span> <span class='ocrx_word' id='word_1_47' title='bbox 1865 741 2241 826; x_wconf 81' lang='lat' dir='ltr'><strong>periculum,</strong></span> <span class='ocrx_word' id='word_1_48' title='bbox 2280 741 2477 824; x_wconf 92' lang='lat' dir='ltr'><strong>(quod</strong></span> <span class='ocrx_word' id='word_1_49' title='bbox 2502 733 2707 848; x_wconf 53' lang='grc' dir='ltr'><strong>ἷξὲδξὲζξ</strong></span> 
     </span>
    </p>
   </div>
   <div class='ocr_carea' id='block_1_6' title="bbox 273 841 2721 928">
    <p class='ocr_par' dir='ltr' id='par_1_6' title="bbox 273 841 2721 928">
     <span class='ocr_line' id='line_1_7' title="bbox 273 841 2721 928; baseline -0.002 -24"><span class='ocrx_word' id='word_1_50' title='bbox 273 861 399 924; x_wconf 88' lang='lat' dir='ltr'><strong>ego</strong></span> <span class='ocrx_word' id='word_1_51' title='bbox 450 841 710 924; x_wconf 90' lang='lat' dir='ltr'><strong>quidem</strong></span> <span class='ocrx_word' id='word_1_52' title='bbox 767 842 1277 928; x_wconf 86' lang='lat' dir='ltr'><strong>observaverim‚)</strong></span> <span class='ocrx_word' id='word_1_53' title='bbox 1331 865 1524 927; x_wconf 85' lang='lat' dir='ltr'><strong>quam</strong></span> <span class='ocrx_word' id='word_1_54' title='bbox 1582 844 1655 906; x_wconf 93' lang='lat' dir='ltr'><strong>in</strong></span> <span class='ocrx_word' id='word_1_55' title='bbox 1714 844 1965 908; x_wconf 81' lang='lat' dir='ltr'><strong>casibus</strong></span> <span class='ocrx_word' id='word_1_56' title='bbox 2010 845 2188 928; x_wconf 87' lang='lat' dir='ltr'><strong>prius</strong></span> <span class='ocrx_word' id='word_1_57' title='bbox 2235 865 2476 908; x_wconf 89' lang='lat' dir='ltr'><strong>memo-</strong></span> <span class='ocrx_word' id='word_1_58' title='bbox 2504 855 2721 918; x_wconf 73' lang='lat' dir='ltr'><strong>aliosque</strong></span> 
     </span>
    </p>
   </div>
   <div class='ocr_carea' id='block_1_7' title="bbox 273 927 2788 1032">
    <p class='ocr_par' dir='ltr' id='par_1_7' title="bbox 273 927 2788 1032">
     <span class='ocr_line' id='line_1_8' title="bbox 273 927 2788 1032; baseline 0.007 -26"><span class='ocrx_word' id='word_1_59' title='bbox 273 945 454 1022; x_wconf 87' lang='lat' dir='ltr'><strong>ratis,</strong></span> <span class='ocrx_word' id='word_1_60' title='bbox 487 944 724 1008; x_wconf 88' lang='lat' dir='ltr'><strong>inferre</strong></span> <span class='ocrx_word' id='word_1_61' title='bbox 754 945 936 1009; x_wconf 86' lang='lat' dir='ltr'><strong>solet.</strong></span> <span class='ocrx_word' id='word_1_62' title='bbox 2502 927 2788 1032; x_wconf 53' lang='grc' dir='ltr'><strong>ἷὲζῗζῖἒῖ</strong></span> 
     </span>
    </p>
   </div>
   <div class='ocr_carea' id='block_1_8' title="bbox 275 1047 2763 1236">
    <p class='ocr_par' dir='ltr' id='par_1_8' title="bbox 275 1047 2763 1236">
     <span class='ocr_line' id='line_1_9' title="bbox 365 1047 2757 1133; baseline 0 -23"><span class='ocrx_word' id='word_1_63' title='bbox 365 1047 453 1110; x_wconf 79' lang='lat' dir='ltr'><strong>Et</strong></span> <span class='ocrx_word' id='word_1_64' title='bbox 494 1068 648 1110; x_wconf 89' lang='lat' dir='ltr'><strong>sane</strong></span> <span class='ocrx_word' id='word_1_65' title='bbox 675 1069 811 1112; x_wconf 91' lang='lat' dir='ltr'><strong>non</strong></span> <span class='ocrx_word' id='word_1_66' title='bbox 849 1049 1133 1112; x_wconf 86' lang='lat' dir='ltr'><strong>multum</strong></span> <span class='ocrx_word' id='word_1_67' title='bbox 1176 1049 1230 1112; x_wconf 87' lang='lat' dir='ltr'><strong>is</strong></span> <span class='ocrx_word' id='word_1_68' title='bbox 1263 1071 1302 1112; x_wconf 84' lang='lat' dir='ltr'><strong>a</strong></span> <span class='ocrx_word' id='word_1_69' title='bbox 1340 1049 1627 1114; x_wconf 85' lang='lat' dir='ltr'><strong>veritatis</strong></span> <span class='ocrx_word' id='word_1_70' title='bbox 1668 1069 1857 1133; x_wconf 91' lang='lat' dir='ltr'><strong>scopo</strong></span> <span class='ocrx_word' id='word_1_71' title='bbox 1897 1049 2335 1129; x_wconf 82' lang='lat' dir='ltr'><strong>aberraverit¹,</strong></span> <span class='ocrx_word' id='word_1_72' title='bbox 2370 1051 2481 1133; x_wconf 91' lang='lat' dir='ltr'><strong>qui</strong></span> <span class='ocrx_word' id='word_1_73' title='bbox 2506 1047 2592 1105; x_wconf 73' lang='lat'><strong>¹0⁸2</strong></span> <span class='ocrx_word' id='word_1_74' title='bbox 2611 1056 2757 1111; x_wconf 67' lang='lat' dir='ltr'><strong>atth</strong></span> 
     </span>
     <span class='ocr_line' id='line_1_10' title="bbox 275 1118 2763 1236; baseline 0.004 -23"><span class='ocrx_word' id='word_1_75' title='bbox 275 1151 624 1214; x_wconf 82' lang='lat' dir='ltr'><strong>affirmaret</strong></span> <span class='ocrx_word' id='word_1_76' title='bbox 695 1150 776 1214; x_wconf 89' lang='lat' dir='ltr'><strong>ab</strong></span> <span class='ocrx_word' id='word_1_77' title='bbox 835 1151 958 1214; x_wconf 92' lang='lat' dir='ltr'><strong>hoc</strong></span> <span class='ocrx_word' id='word_1_78' title='bbox 1017 1149 1224 1234; x_wconf 82' lang='lat' dir='ltr'><strong>capite</strong></span> <span class='ocrx_word' id='word_1_79' title='bbox 1303 1153 1647 1236; x_wconf 88' lang='lat' dir='ltr'><strong>(purgandi</strong></span> <span class='ocrx_word' id='word_1_80' title='bbox 1706 1153 1947 1218; x_wconf 90' lang='lat' dir='ltr'><strong>scilicet</strong></span> <span class='ocrx_word' id='word_1_81' title='bbox 2020 1161 2165 1236; x_wconf 90' lang='lat' dir='ltr'><strong>post</strong></span> <span class='ocrx_word' id='word_1_82' title='bbox 2224 1154 2479 1218; x_wconf 86' lang='lat' dir='ltr'>morbos</span> <span class='ocrx_word' id='word_1_83' title='bbox 2505 1118 2763 1226; x_wconf 53' lang='lat' dir='ltr'><strong>fflffississs.</strong></span> 
     </span>
    </p>
   </div>
   <div class='ocr_carea' id='block_1_9' title="bbox 273 1253 2788 1448">
    <p class='ocr_par' dir='ltr' id='par_1_9' title="bbox 273 1253 2788 1448">
     <span class='ocr_line' id='line_1_11' title="bbox 273 1253 2763 1338; baseline 0.002 -24"><span class='ocrx_word' id='word_1_84' title='bbox 273 1253 686 1315; x_wconf 77' lang='lat' dir='ltr'><strong>autumnales</strong></span> <span class='ocrx_word' id='word_1_85' title='bbox 725 1253 1111 1336; x_wconf 89' lang='lat' dir='ltr'><strong>omissione,)</strong></span> <span class='ocrx_word' id='word_1_86' title='bbox 1147 1255 1429 1337; x_wconf 90' lang='lat' dir='ltr'><strong>plurium</strong></span> <span class='ocrx_word' id='word_1_87' title='bbox 1477 1255 1849 1318; x_wconf 85' lang='lat' dir='ltr'><strong>morborum</strong></span> <span class='ocrx_word' id='word_1_88' title='bbox 1890 1256 2247 1333; x_wconf 84' lang='lat' dir='ltr'><strong>colluviem,</strong></span> <span class='ocrx_word' id='word_1_89' title='bbox 2286 1277 2479 1338; x_wconf 87' lang='lat' dir='ltr'><strong>quam</strong></span> <span class='ocrx_word' id='word_1_90' title='bbox 2506 1257 2763 1334; x_wconf 60' lang='grc' dir='ltr'><strong>Ρμῐεεξὶος</strong></span> 
     </span>
     <span class='ocr_line' id='line_1_12' title="bbox 276 1337 2788 1448; baseline 0.004 -32"><span class='ocrx_word' id='word_1_91' title='bbox 276 1353 363 1417; x_wconf 86' lang='lat' dir='ltr'><strong>ab</strong></span> <span class='ocrx_word' id='word_1_92' title='bbox 391 1355 526 1418; x_wconf 84' lang='lat' dir='ltr'><strong>ullo</strong></span> <span class='ocrx_word' id='word_1_93' title='bbox 557 1355 682 1418; x_wconf 90' lang='lat' dir='ltr'><strong>alio</strong></span> <span class='ocrx_word' id='word_1_94' title='bbox 713 1376 840 1437; x_wconf 91' lang='lat' dir='ltr'><strong>quo</strong></span> <span class='ocrx_word' id='word_1_95' title='bbox 870 1355 1132 1419; x_wconf 90' lang='lat' dir='ltr'><strong>demum</strong></span> <span class='ocrx_word' id='word_1_96' title='bbox 1163 1377 1418 1439; x_wconf 84' lang='lat' dir='ltr'><strong>cunque</strong></span> <span class='ocrx_word' id='word_1_97' title='bbox 1447 1378 1785 1421; x_wconf 87' lang='lat' dir='ltr'><strong>causarum</strong></span> <span class='ocrx_word' id='word_1_98' title='bbox 1814 1358 2014 1435; x_wconf 88' lang='lat' dir='ltr'><strong>fonte,</strong></span> <span class='ocrx_word' id='word_1_99' title='bbox 2046 1357 2426 1441; x_wconf 85' lang='lat' dir='ltr'><strong>dependere.</strong></span> <span class='ocrx_word' id='word_1_100' title='bbox 2505 1337 2788 1448; x_wconf 54' lang='grc' dir='ltr'><strong>ἓξὲξηιζΞῘ-ἷο</strong></span> 
     </span>
    </p>
   </div>
   <div class='ocr_carea' id='block_1_10' title="bbox 378 1451 2704 1543">
    <p class='ocr_par' dir='ltr' id='par_1_10' title="bbox 378 1451 2704 1543">
     <span class='ocr_line' id='line_1_13' title="bbox 378 1451 2704 1543; baseline 0.001 -24"><span class='ocrx_word' id='word_1_101' title='bbox 378 1457 544 1540; x_wconf 88' lang='grc'><strong>[35.]</strong></span> <span class='ocrx_word' id='word_1_102' title='bbox 604 1457 674 1519; x_wconf 90' lang='lat' dir='ltr'><strong>Si</strong></span> <span class='ocrx_word' id='word_1_103' title='bbox 703 1458 886 1522; x_wconf 87' lang='lat' dir='ltr'><strong>valde</strong></span> <span class='ocrx_word' id='word_1_104' title='bbox 915 1458 1143 1522; x_wconf 89' lang='lat' dir='ltr'><strong>debilis</strong></span> <span class='ocrx_word' id='word_1_105' title='bbox 1175 1461 1256 1522; x_wconf 89' lang='lat' dir='ltr'><strong>sit</strong></span> <span class='ocrx_word' id='word_1_106' title='bbox 1302 1480 1510 1542; x_wconf 81' lang='lat' dir='ltr'><strong>aeger,</strong></span> <span class='ocrx_word' id='word_1_107' title='bbox 1541 1460 1642 1523; x_wconf 84' lang='lat' dir='ltr'><strong>vel</strong></span> <span class='ocrx_word' id='word_1_108' title='bbox 1686 1461 1971 1542; x_wconf 86' lang='lat' dir='ltr'><strong>alioquin</strong></span> <span class='ocrx_word' id='word_1_109' title='bbox 2011 1459 2293 1543; x_wconf 88' lang='lat' dir='ltr'><strong>perfecta</strong></span> <span class='ocrx_word' id='word_1_110' title='bbox 2322 1460 2481 1524; x_wconf 90' lang='lat' dir='ltr'><strong>adeo</strong></span> <span class='ocrx_word' id='word_1_111' title='bbox 2506 1451 2594 1497; x_wconf 68' lang='lat'><strong>¹²⁰⁸</strong></span> <span class='ocrx_word' id='word_1_112' title='bbox 2616 1466 2704 1498; x_wconf 71' lang='lat'><strong>⁸¹²·</strong></span> 
     </span>
    </p>
   </div>
   <div class='ocr_carea' id='block_1_11' title="bbox 276 1515 2765 1646">
    <p class='ocr_par' dir='ltr' id='par_1_11' title="bbox 276 1515 2765 1646">
     <span class='ocr_line' id='line_1_14' title="bbox 276 1515 2765 1646; baseline 0.001 -24"><span class='ocrx_word' id='word_1_113' title='bbox 276 1561 617 1642; x_wconf 86' lang='lat' dir='ltr'><strong>depuratio</strong></span> <span class='ocrx_word' id='word_1_114' title='bbox 644 1561 817 1625; x_wconf 89' lang='lat' dir='ltr'><strong>facta</strong></span> <span class='ocrx_word' id='word_1_115' title='bbox 854 1582 989 1625; x_wconf 93' lang='lat' dir='ltr'><strong>non</strong></span> <span class='ocrx_word' id='word_1_116' title='bbox 1018 1562 1215 1625; x_wconf 84' lang='lat' dir='ltr'><strong>fuerit</strong></span> <span class='ocrx_word' id='word_1_117' title='bbox 1255 1570 1330 1626; x_wconf 90' lang='lat' dir='ltr'><strong>ut</strong></span> <span class='ocrx_word' id='word_1_118' title='bbox 1366 1562 1672 1627; x_wconf 82' lang='lat' dir='ltr'><strong>audacter</strong></span> <span class='ocrx_word' id='word_1_119' title='bbox 1710 1564 1947 1646; x_wconf 89' lang='lat' dir='ltr'><strong>possim</strong></span> <span class='ocrx_word' id='word_1_120' title='bbox 1989 1585 2273 1646; x_wconf 81' lang='lat' dir='ltr'><strong>purgans</strong></span> <span class='ocrx_word' id='word_1_121' title='bbox 2304 1563 2479 1627; x_wconf 81' lang='lat' dir='ltr'><strong>exhi-</strong></span> <span class='ocrx_word' id='word_1_122' title='bbox 2508 1515 2765 1640; x_wconf 45' lang='lat' dir='ltr'><strong>giffssggs&#39;</strong></span> 
     </span>
    </p>
   </div>
   <div class='ocr_carea' id='block_1_12' title="bbox 279 1643 2761 1754">
    <p class='ocr_par' dir='ltr' id='par_1_12' title="bbox 279 1643 2761 1754">
     <span class='ocr_line' id='line_1_15' title="bbox 279 1643 2761 1754; baseline 0.004 -29"><span class='ocrx_word' id='word_1_123' title='bbox 279 1663 436 1726; x_wconf 90' lang='lat' dir='ltr'><strong>bere</strong></span> <span class='ocrx_word' id='word_1_124' title='bbox 466 1664 570 1726; x_wconf 90' lang='lat' dir='ltr'><strong>die</strong></span> <span class='ocrx_word' id='word_1_125' title='bbox 600 1664 848 1728; x_wconf 89' lang='lat' dir='ltr'><strong>decimo</strong></span> <span class='ocrx_word' id='word_1_126' title='bbox 895 1667 1143 1748; x_wconf 82' lang='lat' dir='ltr'><strong>quintO,</strong></span> <span class='ocrx_word' id='word_1_127' title='bbox 1175 1687 1311 1728; x_wconf 91' lang='lat' dir='ltr'><strong>rem</strong></span> <span class='ocrx_word' id='word_1_128' title='bbox 1347 1667 1574 1730; x_wconf 89' lang='lat' dir='ltr'><strong>differo</strong></span> <span class='ocrx_word' id='word_1_129' title='bbox 1616 1666 1697 1730; x_wconf 93' lang='lat' dir='ltr'><strong>ad</strong></span> <span class='ocrx_word' id='word_1_130' title='bbox 1742 1667 2058 1731; x_wconf 81' lang='lat' dir='ltr'><strong>decimam</strong></span> <span class='ocrx_word' id='word_1_131' title='bbox 2104 1667 2479 1750; x_wconf 74' lang='lat' dir='ltr'><strong>septimam,</strong></span> <span class='ocrx_word' id='word_1_132' title='bbox 2505 1643 2761 1754; x_wconf 50' lang='lat' dir='ltr'><strong>ssffibgffi</strong></span> 
     </span>
    </p>
   </div>
   <div class='ocr_carea' id='block_1_13' title="bbox 279 1769 2761 1954">
    <p class='ocr_par' dir='ltr' id='par_1_13' title="bbox 279 1769 2761 1954">
     <span class='ocr_line' id='line_1_16' title="bbox 281 1769 2761 1852; baseline -0.001 -22"><span class='ocrx_word' id='word_1_133' title='bbox 281 1787 413 1848; x_wconf 89' lang='lat' dir='ltr'><strong>quo</strong></span> <span class='ocrx_word' id='word_1_134' title='bbox 441 1774 729 1850; x_wconf 87' lang='lat' dir='ltr'><strong>tempore</strong></span> <span class='ocrx_word' id='word_1_135' title='bbox 760 1776 1156 1850; x_wconf 80' lang='lat' dir='ltr'><strong>sequentem,</strong></span> <span class='ocrx_word' id='word_1_136' title='bbox 1178 1769 1278 1832; x_wconf 89' lang='lat' dir='ltr'><strong>vel</strong></span> <span class='ocrx_word' id='word_1_137' title='bbox 1307 1769 1600 1848; x_wconf 79' lang='lat' dir='ltr'><strong>similem,</strong></span> <span class='ocrx_word' id='word_1_138' title='bbox 1621 1791 1737 1852; x_wconf 91' lang='lat' dir='ltr'><strong>pro</strong></span> <span class='ocrx_word' id='word_1_139' title='bbox 1766 1769 2016 1834; x_wconf 86' lang='lat' dir='ltr'><strong>ratione</strong></span> <span class='ocrx_word' id='word_1_140' title='bbox 2036 1770 2210 1852; x_wconf 81' lang='lat' dir='ltr'><strong>aegri</strong></span> <span class='ocrx_word' id='word_1_141' title='bbox 2228 1770 2481 1847; x_wconf 84' lang='lat' dir='ltr'><strong>virium,</strong></span> <span class='ocrx_word' id='word_1_142' title='bbox 2512 1795 2761 1843; x_wconf 73' lang='lat' dir='ltr'><strong>catharsis</strong></span> 
     </span>
     <span class='ocr_line' id='line_1_17' title="bbox 279 1861 2723 1954; baseline -0.007 -20"><span class='ocrx_word' id='word_1_143' title='bbox 279 1869 614 1952; x_wconf 88' lang='lat' dir='ltr'><strong>potionem</strong></span> <span class='ocrx_word' id='word_1_144' title='bbox 643 1873 913 1954; x_wconf 91' lang='lat' dir='ltr'><strong>propino</strong></span> <span class='ocrx_word' id='word_1_145' title='bbox 935 1897 1039 1934; x_wconf 87' lang='lat'><strong>:-</strong></span> <span class='ocrx_word' id='word_1_146' title='bbox 2511 1861 2572 1907; x_wconf 76' lang='lat' dir='ltr'><strong>ad</strong></span> <span class='ocrx_word' id='word_1_147' title='bbox 2594 1861 2723 1907; x_wconf 81' lang='lat' dir='ltr'><strong>diem</strong></span> 
     </span>
    </p>
   </div>
   <div class='ocr_carea' id='block_1_14' title="bbox 2506 707 2787 716">
    <p class='ocr_par' dir='ltr' id='par_1_14' title="bbox 2506 707 2787 716">
     <span class='ocr_line' id='line_1_18' title="bbox 2506 707 2787 716; baseline 0 4290"><span class='ocrx_word' id='word_1_148' title='bbox 2506 707 2787 716; x_wconf 95' lang='lat' dir='ltr'><strong> </strong></span> 
     </span>
    </p>
   </div>
   <div class='ocr_carea' id='block_1_15' title="bbox 285 2015 1605 2098">
    <p class='ocr_par' dir='ltr' id='par_1_15' title="bbox 285 2015 1605 2098">
     <span class='ocr_line' id='line_1_19' title="bbox 285 2015 1605 2098; baseline 0.004 -32"><span class='ocrx_word' id='word_1_149' title='bbox 285 2015 484 2084; x_wconf 83' lang='lat' dir='ltr'><strong>[Form.</strong></span> <span class='ocrx_word' id='word_1_150' title='bbox 513 2015 614 2083; x_wconf 72' lang='lat'>8.]5</span> <span class='ocrx_word' id='word_1_151' title='bbox 684 2015 746 2098; x_wconf 63' lang='lat' dir='ltr'>R</span> <span class='ocrx_word' id='word_1_152' title='bbox 787 2015 1232 2070; x_wconf 86' lang='lat' dir='ltr'><strong>Tamarindorum</strong></span> <span class='ocrx_word' id='word_1_153' title='bbox 1257 2018 1605 2082; x_wconf 80' lang='lat' dir='ltr'><strong>semunciam,</strong></span> 
     </span>
    </p>
   </div>
   <div class='ocr_carea' id='block_1_16' title="bbox 778 2103 2783 2261">
    <p class='ocr_par' dir='ltr' id='par_1_16' title="bbox 778 2103 2783 2261">
     <span class='ocr_line' id='line_1_20' title="bbox 779 2103 2783 2167; baseline 0.002 -11"><span class='ocrx_word' id='word_1_154' title='bbox 779 2103 1048 2157; x_wconf 88' lang='lat' dir='ltr'><strong>Foliorum</strong></span> <span class='ocrx_word' id='word_1_155' title='bbox 1075 2105 1283 2158; x_wconf 87' lang='lat' dir='ltr'><strong>Sennae</strong></span> <span class='ocrx_word' id='word_1_156' title='bbox 1308 2104 1585 2158; x_wconf 82' lang='lat' dir='ltr'><strong>drachmas</strong></span> <span class='ocrx_word' id='word_1_157' title='bbox 1610 2103 1760 2167; x_wconf 75' lang='lat' dir='ltr'><strong>duaS,</strong></span> <span class='ocrx_word' id='word_1_158' title='bbox 2513 2117 2783 2166; x_wconf 69' lang='lat' dir='ltr'><strong>diffitenda.</strong></span> 
     </span>
     <span class='ocr_line' id='line_1_21' title="bbox 778 2189 1649 2261; baseline 0.001 -18"><span class='ocrx_word' id='word_1_159' title='bbox 778 2189 1106 2244; x_wconf 84' lang='lat' dir='ltr'><strong>Rhabarbari</strong></span> <span class='ocrx_word' id='word_1_160' title='bbox 1132 2191 1613 2261; x_wconf 79' lang='lat' dir='ltr'><strong>sesquidsachmam</strong></span> <span class='ocrx_word' id='word_1_161' title='bbox 1636 2211 1649 2254; x_wconf 90' lang='lat'>;</span> 
     </span>
    </p>
   </div>
   <div class='ocr_carea' id='block_1_17' title="bbox 567 2275 2487 2428">
    <p class='ocr_par' dir='ltr' id='par_1_17' title="bbox 567 2275 2487 2428">
     <span class='ocr_line' id='line_1_22' title="bbox 567 2275 2487 2348; baseline 0.001 -20"><span class='ocrx_word' id='word_1_162' title='bbox 567 2277 754 2346; x_wconf 83' lang='lat' dir='ltr'><strong>Coque</strong></span> <span class='ocrx_word' id='word_1_163' title='bbox 769 2275 1060 2331; x_wconf 77' lang='lat' dir='ltr'><strong>sufficiente</strong></span> <span class='ocrx_word' id='word_1_164' title='bbox 1073 2279 1373 2348; x_wconf 71' lang='lat' dir='ltr'><strong>quantitate</strong></span> <span class='ocrx_word' id='word_1_165' title='bbox 1389 2293 1559 2347; x_wconf 84' lang='lat' dir='ltr'><strong>aquae</strong></span> <span class='ocrx_word' id='word_1_166' title='bbox 1574 2297 1586 2340; x_wconf 78' lang='grc' dir='ltr'><strong>ς</strong></span> <span class='ocrx_word' id='word_1_167' title='bbox 1620 2278 1885 2330; x_wconf 86' lang='lat' dir='ltr'><strong>colaturae</strong></span> <span class='ocrx_word' id='word_1_168' title='bbox 1902 2279 2071 2331; x_wconf 87' lang='lat' dir='ltr'><strong>unciis</strong></span> <span class='ocrx_word' id='word_1_169' title='bbox 2085 2278 2252 2332; x_wconf 79' lang='lat' dir='ltr'><strong>tribus</strong></span> <span class='ocrx_word' id='word_1_170' title='bbox 2266 2277 2487 2332; x_wconf 75' lang='lat' dir='ltr'><strong>dissolve</strong></span> 
     </span>
     <span class='ocr_line' id='line_1_23' title="bbox 778 2363 1036 2428; baseline 0.008 -13"><span class='ocrx_word' id='word_1_171' title='bbox 778 2363 1036 2428; x_wconf 85' lang='lat' dir='ltr'><strong>Mannae,</strong></span> 
     </span>
    </p>
   </div>
   <div class='ocr_carea' id='block_1_18' title="bbox 282 2449 2765 3876">
    <p class='ocr_par' dir='ltr' id='par_1_18' title="bbox 569 2449 2141 2609">
     <span class='ocr_line' id='line_1_24' title="bbox 779 2449 2141 2522; baseline 0.004 -20"><span class='ocrx_word' id='word_1_172' title='bbox 779 2449 973 2521; x_wconf 83' lang='lat' dir='ltr'><strong>Syrupi</strong></span> <span class='ocrx_word' id='word_1_173' title='bbox 997 2450 1220 2505; x_wconf 80' lang='lat' dir='ltr'><strong>Rosaoei</strong></span> <span class='ocrx_word' id='word_1_174' title='bbox 1247 2449 1550 2522; x_wconf 77' lang='lat' dir='ltr'><strong>[Solutivi],</strong></span> <span class='ocrx_word' id='word_1_175' title='bbox 1576 2467 1679 2505; x_wconf 87' lang='lat' dir='ltr'><strong>ana</strong></span> <span class='ocrx_word' id='word_1_176' title='bbox 1702 2452 1916 2505; x_wconf 87' lang='lat' dir='ltr'><strong>unciam</strong></span> <span class='ocrx_word' id='word_1_177' title='bbox 1943 2469 2104 2507; x_wconf 84' lang='lat' dir='ltr'><strong>unam</strong></span> <span class='ocrx_word' id='word_1_178' title='bbox 2128 2473 2141 2515; x_wconf 87' lang='lat'>;</span> 
     </span>
     <span class='ocr_line' id='line_1_25' title="bbox 569 2538 1542 2609; baseline 0 -18"><span class='ocrx_word' id='word_1_179' title='bbox 569 2538 770 2601; x_wconf 83' lang='lat' dir='ltr'><strong>Misce3</strong></span> <span class='ocrx_word' id='word_1_180' title='bbox 805 2540 899 2591; x_wconf 83' lang='lat' dir='ltr'><strong>fiat</strong></span> <span class='ocrx_word' id='word_1_181' title='bbox 920 2540 1064 2608; x_wconf 87' lang='lat' dir='ltr'><strong>potio</strong></span> <span class='ocrx_word' id='word_1_182' title='bbox 1089 2538 1346 2609; x_wconf 88' lang='lat' dir='ltr'><strong>capienda</strong></span> <span class='ocrx_word' id='word_1_183' title='bbox 1368 2556 1542 2592; x_wconf 83' lang='lat' dir='ltr'><strong>mane.</strong></span> 
     </span>
    </p>

    <p class='ocr_par' dir='ltr' id='par_1_19' title="bbox 282 2658 2765 3876">
     <span class='ocr_line' id='line_1_26' title="bbox 387 2658 2763 2743; baseline 0.004 -22"><span class='ocrx_word' id='word_1_184' title='bbox 387 2658 552 2742; x_wconf 86' lang='lat'>[36.]</span> <span class='ocrx_word' id='word_1_185' title='bbox 607 2658 1003 2742; x_wconf 89' lang='lat' dir='ltr'><strong>Purgatione</strong></span> <span class='ocrx_word' id='word_1_186' title='bbox 1076 2667 1353 2742; x_wconf 87' lang='lat' dir='ltr'><strong>peracta,</strong></span> <span class='ocrx_word' id='word_1_187' title='bbox 1433 2680 1719 2743; x_wconf 88' lang='lat' dir='ltr'><strong>aegrum,</strong></span> <span class='ocrx_word' id='word_1_188' title='bbox 1782 2662 2095 2725; x_wconf 84' lang='lat' dir='ltr'><strong>hactenus</strong></span> <span class='ocrx_word' id='word_1_189' title='bbox 2169 2662 2336 2726; x_wconf 89' lang='lat' dir='ltr'><strong>lecto</strong></span> <span class='ocrx_word' id='word_1_190' title='bbox 2410 2682 2489 2724; x_wconf 82' lang='lat' dir='ltr'><strong>ex</strong></span> <span class='ocrx_word' id='word_1_191' title='bbox 2517 2684 2691 2730; x_wconf 74' lang='lat' dir='ltr'><strong>Diaeta</strong></span> <span class='ocrx_word' id='word_1_192' title='bbox 2714 2690 2763 2729; x_wconf 82' lang='lat' dir='ltr'><strong>et</strong></span> 
     </span>
     <span class='ocr_line' id='line_1_27' title="bbox 283 2761 2765 2859; baseline 0.001 -35"><span class='ocrx_word' id='word_1_193' title='bbox 283 2762 676 2845; x_wconf 88' lang='lat' dir='ltr'><strong>praescripto</strong></span> <span class='ocrx_word' id='word_1_194' title='bbox 721 2783 865 2825; x_wconf 90' lang='lat' dir='ltr'><strong>meo</strong></span> <span class='ocrx_word' id='word_1_195' title='bbox 910 2761 1211 2839; x_wconf 87' lang='lat' dir='ltr'><strong>defixum,</strong></span> <span class='ocrx_word' id='word_1_196' title='bbox 1245 2782 1525 2845; x_wconf 87' lang='lat' dir='ltr'><strong>surgere,</strong></span> <span class='ocrx_word' id='word_1_197' title='bbox 1557 2770 1623 2826; x_wconf 93' lang='lat' dir='ltr'><strong>et</strong></span> <span class='ocrx_word' id='word_1_198' title='bbox 1666 2764 1979 2846; x_wconf 82' lang='lat' dir='ltr'><strong>paulatim</strong></span> <span class='ocrx_word' id='word_1_199' title='bbox 2025 2765 2106 2827; x_wconf 91' lang='lat' dir='ltr'><strong>ad</strong></span> <span class='ocrx_word' id='word_1_200' title='bbox 2152 2764 2489 2847; x_wconf 80' lang='lat' dir='ltr'><strong>pristinam</strong></span> <span class='ocrx_word' id='word_1_201' title='bbox 2515 2764 2765 2859; x_wconf 50' lang='grc' dir='ltr'><strong>ζῐξιζζξὲἒ</strong></span> 
     </span>
     <span class='ocr_line' id='line_1_28' title="bbox 282 2865 2747 2949; baseline 0.002 -22"><span class='ocrx_word' id='word_1_202' title='bbox 282 2867 494 2927; x_wconf 81' lang='lat' dir='ltr'><strong>victus</strong></span> <span class='ocrx_word' id='word_1_203' title='bbox 553 2865 870 2928; x_wconf 87' lang='lat' dir='ltr'><strong>rationem</strong></span> <span class='ocrx_word' id='word_1_204' title='bbox 927 2865 1161 2928; x_wconf 83' lang='lat' dir='ltr'><strong>reverti</strong></span> <span class='ocrx_word' id='word_1_205' title='bbox 1211 2865 1428 2948; x_wconf 85' lang='lat' dir='ltr'><strong>jubeo.</strong></span> <span class='ocrx_word' id='word_1_206' title='bbox 1520 2866 1618 2929; x_wconf 86' lang='lat' dir='ltr'><strong>Ea</strong></span> <span class='ocrx_word' id='word_1_207' title='bbox 1677 2866 1931 2949; x_wconf 86' lang='lat' dir='ltr'><strong>quippe,</strong></span> <span class='ocrx_word' id='word_1_208' title='bbox 1974 2888 2170 2948; x_wconf 90' lang='lat' dir='ltr'><strong>quam</strong></span> <span class='ocrx_word' id='word_1_209' title='bbox 2229 2867 2310 2929; x_wconf 89' lang='lat' dir='ltr'><strong>ad</strong></span> <span class='ocrx_word' id='word_1_210' title='bbox 2369 2866 2491 2930; x_wconf 91' lang='lat' dir='ltr'><strong>hoc</strong></span> <span class='ocrx_word' id='word_1_211' title='bbox 2517 2876 2747 2923; x_wconf 82' lang='lat' dir='ltr'><strong>centium·</strong></span> 
     </span>
     <span class='ocr_line' id='line_1_29' title="bbox 283 2967 2493 3051; baseline 0.001 -23"><span class='ocrx_word' id='word_1_212' title='bbox 283 2987 493 3049; x_wconf 88' lang='lat' dir='ltr'><strong>usque</strong></span> <span class='ocrx_word' id='word_1_213' title='bbox 545 2974 800 3049; x_wconf 88' lang='lat' dir='ltr'><strong>tempus</strong></span> <span class='ocrx_word' id='word_1_214' title='bbox 842 2967 1235 3050; x_wconf 84' lang='lat' dir='ltr'><strong>praescripsi,</strong></span> <span class='ocrx_word' id='word_1_215' title='bbox 1282 2967 1506 3031; x_wconf 89' lang='lat' dir='ltr'><strong>eadem</strong></span> <span class='ocrx_word' id='word_1_216' title='bbox 1549 2968 2015 3051; x_wconf 88' lang='lat' dir='ltr'><strong>propemodum</strong></span> <span class='ocrx_word' id='word_1_217' title='bbox 2060 2976 2157 3031; x_wconf 89' lang='lat' dir='ltr'><strong>est</strong></span> <span class='ocrx_word' id='word_1_218' title='bbox 2198 2989 2346 3032; x_wconf 92' lang='lat' dir='ltr'><strong>cum</strong></span> <span class='ocrx_word' id='word_1_219' title='bbox 2382 2967 2493 3031; x_wconf 90' lang='lat' dir='ltr'><strong>illa</strong></span> 
     </span>
     <span class='ocr_line' id='line_1_30' title="bbox 285 3069 2491 3154; baseline 0 -23"><span class='ocrx_word' id='word_1_220' title='bbox 285 3091 486 3151; x_wconf 88' lang='lat' dir='ltr'><strong>quam</strong></span> <span class='ocrx_word' id='word_1_221' title='bbox 530 3069 724 3133; x_wconf 92' lang='lat' dir='ltr'><strong>modo</strong></span> <span class='ocrx_word' id='word_1_222' title='bbox 775 3070 1375 3148; x_wconf 84' lang='lat' dir='ltr'><strong>commemorabam,</strong></span> <span class='ocrx_word' id='word_1_223' title='bbox 1423 3071 1521 3133; x_wconf 91' lang='lat' dir='ltr'><strong>uti</strong></span> <span class='ocrx_word' id='word_1_224' title='bbox 1561 3070 1820 3154; x_wconf 86' lang='lat' dir='ltr'><strong>juscula</strong></span> <span class='ocrx_word' id='word_1_225' title='bbox 1879 3092 2193 3134; x_wconf 77' lang='lat' dir='ltr'><strong>avenacea</strong></span> <span class='ocrx_word' id='word_1_226' title='bbox 2235 3079 2301 3135; x_wconf 87' lang='lat' dir='ltr'><strong>et</strong></span> <span class='ocrx_word' id='word_1_227' title='bbox 2344 3071 2491 3133; x_wconf 89' lang='lat' dir='ltr'><strong>hor-</strong></span> 
     </span>
     <span class='ocr_line' id='line_1_31' title="bbox 287 3172 2493 3255; baseline 0 -20"><span class='ocrx_word' id='word_1_228' title='bbox 287 3172 544 3250; x_wconf 84' lang='lat' dir='ltr'><strong>deacea,</strong></span> <span class='ocrx_word' id='word_1_229' title='bbox 565 3172 923 3254; x_wconf 84' lang='lat' dir='ltr'><strong>panatellae</strong></span> <span class='ocrx_word' id='word_1_230' title='bbox 953 3194 1030 3236; x_wconf 85' lang='lat' dir='ltr'><strong>ex</strong></span> <span class='ocrx_word' id='word_1_231' title='bbox 1059 3194 1226 3255; x_wconf 85' lang='lat' dir='ltr'><strong>pane</strong></span> <span class='ocrx_word' id='word_1_232' title='bbox 1257 3181 1322 3236; x_wconf 89' lang='lat' dir='ltr'><strong>et</strong></span> <span class='ocrx_word' id='word_1_233' title='bbox 1345 3173 1558 3237; x_wconf 86' lang='lat' dir='ltr'><strong>vitello</strong></span> <span class='ocrx_word' id='word_1_234' title='bbox 1589 3174 1689 3237; x_wconf 88' lang='lat' dir='ltr'><strong>ovi</strong></span> <span class='ocrx_word' id='word_1_235' title='bbox 1719 3174 1788 3235; x_wconf 92' lang='lat' dir='ltr'><strong>in</strong></span> <span class='ocrx_word' id='word_1_236' title='bbox 1820 3194 1987 3255; x_wconf 87' lang='lat' dir='ltr'><strong>aqua</strong></span> <span class='ocrx_word' id='word_1_237' title='bbox 2014 3194 2163 3235; x_wconf 94' lang='lat' dir='ltr'><strong>cum</strong></span> <span class='ocrx_word' id='word_1_238' title='bbox 2194 3172 2493 3237; x_wconf 87' lang='lat' dir='ltr'><strong>saccharo</strong></span> 
     </span>
     <span class='ocr_line' id='line_1_32' title="bbox 286 3274 2494 3358; baseline 0.001 -21"><span class='ocrx_word' id='word_1_239' title='bbox 286 3274 641 3351; x_wconf 86' lang='lat' dir='ltr'><strong>confectae,</strong></span> <span class='ocrx_word' id='word_1_240' title='bbox 685 3274 943 3358; x_wconf 81' lang='lat' dir='ltr'><strong>juscula</strong></span> <span class='ocrx_word' id='word_1_241' title='bbox 992 3276 1214 3339; x_wconf 85' lang='lat' dir='ltr'><strong>tenuia</strong></span> <span class='ocrx_word' id='word_1_242' title='bbox 1262 3297 1340 3339; x_wconf 84' lang='lat' dir='ltr'><strong>ex</strong></span> <span class='ocrx_word' id='word_1_243' title='bbox 1388 3276 1651 3339; x_wconf 88' lang='lat' dir='ltr'><strong>decocto</strong></span> <span class='ocrx_word' id='word_1_244' title='bbox 1702 3276 1880 3358; x_wconf 81' lang='lat' dir='ltr'><strong>pulli,</strong></span> <span class='ocrx_word' id='word_1_245' title='bbox 1930 3276 2230 3339; x_wconf 86' lang='lat' dir='ltr'><strong>cerevisia</strong></span> <span class='ocrx_word' id='word_1_246' title='bbox 2278 3276 2494 3339; x_wconf 87' lang='lat' dir='ltr'><strong>tenuis</strong></span> 
     </span>
     <span class='ocr_line' id='line_1_33' title="bbox 287 3376 2494 3461; baseline 0.002 -22"><span class='ocrx_word' id='word_1_247' title='bbox 287 3376 607 3459; x_wconf 90' lang='lat' dir='ltr'><strong>lupulata,</strong></span> <span class='ocrx_word' id='word_1_248' title='bbox 641 3377 747 3441; x_wconf 92' lang='lat' dir='ltr'><strong>cui</strong></span> <span class='ocrx_word' id='word_1_249' title='bbox 777 3378 1180 3461; x_wconf 87' lang='lat' dir='ltr'><strong>quandoque,</strong></span> <span class='ocrx_word' id='word_1_250' title='bbox 1214 3387 1550 3443; x_wconf 86' lang='lat' dir='ltr'><strong>aestuante</strong></span> <span class='ocrx_word' id='word_1_251' title='bbox 1582 3378 1805 3442; x_wconf 85' lang='lat' dir='ltr'><strong>ardore</strong></span> <span class='ocrx_word' id='word_1_252' title='bbox 1837 3379 2094 3457; x_wconf 88' lang='lat' dir='ltr'><strong>Febrili,</strong></span> <span class='ocrx_word' id='word_1_253' title='bbox 2118 3380 2494 3443; x_wconf 77' lang='lat' dir='ltr'><strong>immisceri¹</strong></span> 
     </span>
     <span class='ocr_line' id='line_1_34' title="bbox 289 3482 2495 3565; baseline 0.001 -22"><span class='ocrx_word' id='word_1_254' title='bbox 289 3488 507 3562; x_wconf 86' lang='lat' dir='ltr'><strong>potest</strong></span> <span class='ocrx_word' id='word_1_255' title='bbox 551 3501 778 3544; x_wconf 90' lang='lat' dir='ltr'><strong>succus</strong></span> <span class='ocrx_word' id='word_1_256' title='bbox 816 3482 1261 3545; x_wconf 85' lang='lat' dir='ltr'><strong>aurantiorum</strong></span> <span class='ocrx_word' id='word_1_257' title='bbox 1304 3502 1526 3545; x_wconf 86' lang='lat' dir='ltr'><strong>recens</strong></span> <span class='ocrx_word' id='word_1_258' title='bbox 1567 3502 1899 3564; x_wconf 85' lang='lat' dir='ltr'><strong>expressus</strong></span> <span class='ocrx_word' id='word_1_259' title='bbox 1940 3490 2005 3545; x_wconf 89' lang='lat' dir='ltr'><strong>et</strong></span> <span class='ocrx_word' id='word_1_260' title='bbox 2042 3503 2232 3565; x_wconf 90' lang='lat' dir='ltr'><strong>super</strong></span> <span class='ocrx_word' id='word_1_261' title='bbox 2274 3482 2495 3565; x_wconf 89' lang='lat' dir='ltr'><strong>ignem</strong></span> 
     </span>
     <span class='ocr_line' id='line_1_35' title="bbox 292 3582 2493 3663; baseline 0.001 -17"><span class='ocrx_word' id='word_1_262' title='bbox 292 3582 380 3647; x_wconf 87' lang='lat' dir='ltr'><strong>ad</strong></span> <span class='ocrx_word' id='word_1_263' title='bbox 409 3583 746 3648; x_wconf 87' lang='lat' dir='ltr'><strong>cruditatis</strong></span> <span class='ocrx_word' id='word_1_264' title='bbox 775 3584 1232 3649; x_wconf 89' lang='lat' dir='ltr'><strong>tantummodo</strong></span> <span class='ocrx_word' id='word_1_265' title='bbox 1262 3584 1693 3648; x_wconf 88' lang='lat' dir='ltr'><strong>sublationem</strong></span> <span class='ocrx_word' id='word_1_266' title='bbox 1724 3592 1963 3663; x_wconf 90' lang='lat' dir='ltr'><strong>coctus,</strong></span> <span class='ocrx_word' id='word_1_267' title='bbox 1996 3593 2061 3648; x_wconf 89' lang='lat' dir='ltr'><strong>et</strong></span> <span class='ocrx_word' id='word_1_268' title='bbox 2092 3585 2191 3648; x_wconf 91' lang='lat' dir='ltr'><strong>his</strong></span> <span class='ocrx_word' id='word_1_269' title='bbox 2223 3585 2493 3662; x_wconf 76' lang='lat' dir='ltr'><strong>similia,</strong></span> 
     </span>
     <span class='ocr_line' id='line_1_36' title="bbox 296 3687 2494 3771; baseline 0.001 -22"><span class='ocrx_word' id='word_1_270' title='bbox 296 3687 587 3770; x_wconf 84' lang='lat' dir='ltr'><strong>quamvis</strong></span> <span class='ocrx_word' id='word_1_271' title='bbox 609 3688 866 3770; x_wconf 81' lang='lat' dir='ltr'><strong>juscula</strong></span> <span class='ocrx_word' id='word_1_272' title='bbox 901 3709 1216 3753; x_wconf 86' lang='lat' dir='ltr'><strong>avenacea</strong></span> <span class='ocrx_word' id='word_1_273' title='bbox 1245 3689 1375 3751; x_wconf 90' lang='lat' dir='ltr'><strong>sint</strong></span> <span class='ocrx_word' id='word_1_274' title='bbox 1415 3690 1622 3752; x_wconf 85' lang='lat' dir='ltr'><strong>insta-r</strong></span> <span class='ocrx_word' id='word_1_275' title='bbox 1651 3689 1963 3752; x_wconf 84' lang='lat' dir='ltr'><strong>omnium.</strong></span> <span class='ocrx_word' id='word_1_276' title='bbox 2056 3689 2317 3771; x_wconf 91' lang='lat' dir='ltr'><strong>Negare</strong></span> <span class='ocrx_word' id='word_1_277' title='bbox 2345 3709 2494 3752; x_wconf 82' lang='lat' dir='ltr'><strong>vero</strong></span> 
     </span>
     <span class='ocr_line' id='line_1_37' title="bbox 295 3792 2493 3876; baseline -0 -20"><span class='ocrx_word' id='word_1_278' title='bbox 295 3792 666 3857; x_wconf 87' lang='lat' dir='ltr'><strong>cerevisiam</strong></span> <span class='ocrx_word' id='word_1_279' title='bbox 725 3800 1009 3870; x_wconf 89' lang='lat' dir='ltr'><strong>tenuem,</strong></span> <span class='ocrx_word' id='word_1_280' title='bbox 1081 3814 1243 3876; x_wconf 89' lang='lat' dir='ltr'><strong>quae</strong></span> <span class='ocrx_word' id='word_1_281' title='bbox 1301 3792 1576 3856; x_wconf 89' lang='lat' dir='ltr'><strong>subinde</strong></span> <span class='ocrx_word' id='word_1_282' title='bbox 1636 3792 1705 3855; x_wconf 92' lang='lat' dir='ltr'><strong>in</strong></span> <span class='ocrx_word' id='word_1_283' title='bbox 1765 3792 2071 3855; x_wconf 87' lang='lat' dir='ltr'><strong>mediocri</strong></span> <span class='ocrx_word' id='word_1_284' title='bbox 2131 3793 2493 3875; x_wconf 85' lang='lat' dir='ltr'><strong>quantitate</strong></span> 
     </span>
    </p>
   </div>
   <div class='ocr_carea' id='block_1_19' title="bbox 297 3894 2503 4061">
    <p class='ocr_par' dir='ltr' id='par_1_20' title="bbox 297 3894 2503 4061">
     <span class='ocr_line' id='line_1_38' title="bbox 297 3894 2503 3978; baseline 0 -20"><span class='ocrx_word' id='word_1_285' title='bbox 297 3902 613 3973; x_wconf 85' lang='lat' dir='ltr'><strong>sumatur,</strong></span> <span class='ocrx_word' id='word_1_286' title='bbox 651 3894 952 3959; x_wconf 87' lang='lat' dir='ltr'><strong>severitas</strong></span> <span class='ocrx_word' id='word_1_287' title='bbox 998 3901 1094 3959; x_wconf 91' lang='lat' dir='ltr'><strong>est</strong></span> <span class='ocrx_word' id='word_1_288' title='bbox 1137 3895 1405 3959; x_wconf 92' lang='lat' dir='ltr'><strong>minime</strong></span> <span class='ocrx_word' id='word_1_289' title='bbox 1448 3896 1819 3974; x_wconf 85' lang='lat' dir='ltr'><strong>necessaria,</strong></span> <span class='ocrx_word' id='word_1_290' title='bbox 1862 3895 1992 3959; x_wconf 93' lang='lat' dir='ltr'><strong>imo</strong></span> <span class='ocrx_word' id='word_1_291' title='bbox 2038 3916 2503 3978; x_wconf 88' lang='lat' dir='ltr'><strong>saepenumero·</strong></span> 
     </span>
     <span class='ocr_line' id='line_1_39' title="bbox 298 3996 1043 4061; baseline -0.001 -1"><span class='ocrx_word' id='word_1_292' title='bbox 298 3996 498 4060; x_wconf 87' lang='lat' dir='ltr'><strong>etiam</strong></span> <span class='ocrx_word' id='word_1_293' title='bbox 529 3996 1043 4061; x_wconf 77' lang='lat' dir='ltr'><strong>detrimentosa⁸.</strong></span> 
     </span>
    </p>
   </div>
   <div class='ocr_carea' id='block_1_20' title="bbox 366 4156 2491 4219">
    <p class='ocr_par' dir='ltr' id='par_1_21' title="bbox 366 4156 2491 4219">
     <span class='ocr_line' id='line_1_40' title="bbox 366 4156 2491 4219; baseline -0 -14"><span class='ocrx_word' id='word_1_294' title='bbox 366 4164 390 4187; x_wconf 78' lang='lat'>¹</span> <span class='ocrx_word' id='word_1_295' title='bbox 424 4176 454 4205; x_wconf 81' lang='lat' dir='ltr'><strong>a</strong></span> <span class='ocrx_word' id='word_1_296' title='bbox 477 4174 570 4204; x_wconf 80' lang='lat' dir='ltr'><strong>ver.</strong></span> <span class='ocrx_word' id='word_1_297' title='bbox 593 4174 654 4206; x_wconf 74' lang='lat' dir='ltr'><strong>sc.</strong></span> <span class='ocrx_word' id='word_1_298' title='bbox 681 4156 835 4219; x_wconf 66' lang='lat' dir='ltr'><strong>aben]</strong></span> <span class='ocrx_word' id='word_1_299' title='bbox 861 4160 1073 4205; x_wconf 74' lang='lat' dir='ltr'><strong>veritatis</strong></span> <span class='ocrx_word' id='word_1_300' title='bbox 1092 4160 1348 4205; x_wconf 73' lang='lat' dir='ltr'><strong>transiliret</strong></span> <span class='ocrx_word' id='word_1_301' title='bbox 1502 4157 1525 4180; x_wconf 80' lang='lat'>⁸</span> <span class='ocrx_word' id='word_1_302' title='bbox 1562 4156 1659 4205; x_wconf 86' lang='lat' dir='ltr'><strong>Hic</strong></span> <span class='ocrx_word' id='word_1_303' title='bbox 1704 4158 1811 4205; x_wconf 78' lang='lat' dir='ltr'><strong>add.</strong></span> <span class='ocrx_word' id='word_1_304' title='bbox 1851 4158 1956 4205; x_wconf 84' lang='lat' dir='ltr'><strong>edd.</strong></span> <span class='ocrx_word' id='word_1_305' title='bbox 2002 4158 2097 4215; x_wconf 77' lang='lat'><strong>⁹66,</strong></span> <span class='ocrx_word' id='word_1_306' title='bbox 2136 4158 2215 4205; x_wconf 77' lang='lat'><strong>&#39;68</strong></span> <span class='ocrx_word' id='word_1_307' title='bbox 2257 4173 2380 4219; x_wconf 79' lang='lat' dir='ltr'><strong>quae</strong></span> <span class='ocrx_word' id='word_1_308' title='bbox 2416 4174 2491 4205; x_wconf 85' lang='lat' dir='ltr'><strong>se-</strong></span> 
     </span>
    </p>
   </div>
   <div class='ocr_carea' id='block_1_21' title="bbox 303 4222 2497 4414">
    <p class='ocr_par' dir='ltr' id='par_1_22' title="bbox 303 4222 2497 4414">
     <span class='ocr_line' id='line_1_41' title="bbox 303 4222 2497 4285; baseline -0 -15"><span class='ocrx_word' id='word_1_309' title='bbox 303 4226 473 4270; x_wconf 76' lang='lat' dir='ltr'><strong>limites</strong></span> <span class='ocrx_word' id='word_1_310' title='bbox 496 4222 570 4269; x_wconf 88' lang='lat' dir='ltr'><strong>ed.</strong></span> <span class='ocrx_word' id='word_1_311' title='bbox 595 4223 691 4268; x_wconf 86' lang='lat'><strong>’66.</strong></span> <span class='ocrx_word' id='word_1_312' title='bbox 1442 4225 1827 4285; x_wconf 80' lang='lat' dir='ltr'><strong>quuntur:--Ad</strong></span> <span class='ocrx_word' id='word_1_313' title='bbox 1857 4226 2133 4284; x_wconf 67' lang='lat' dir='ltr'><strong>epispastica</strong></span> <span class='ocrx_word' id='word_1_314' title='bbox 2165 4226 2284 4285; x_wconf 80' lang='lat' dir='ltr'><strong>quod</strong></span> <span class='ocrx_word' id='word_1_315' title='bbox 2313 4226 2497 4281; x_wconf 74' lang='lat' dir='ltr'><strong>attinet,</strong></span> 
     </span>
     <span class='ocr_line' id='line_1_42' title="bbox 365 4285 2497 4349; baseline 0.002 -18"><span class='ocrx_word' id='word_1_316' title='bbox 365 4299 390 4331; x_wconf 69' lang='grc'>1</span> <span class='ocrx_word' id='word_1_317' title='bbox 426 4286 502 4334; x_wconf 81' lang='lat' dir='ltr'><strong>Cf.</strong></span> <span class='ocrx_word' id='word_1_318' title='bbox 539 4285 728 4334; x_wconf 83' lang='lat' dir='ltr'><strong>sermm.</strong></span> <span class='ocrx_word' id='word_1_319' title='bbox 765 4288 843 4343; x_wconf 79' lang='lat'><strong>24,</strong></span> <span class='ocrx_word' id='word_1_320' title='bbox 878 4287 956 4343; x_wconf 82' lang='lat'><strong>59,</strong></span> <span class='ocrx_word' id='word_1_321' title='bbox 992 4286 1071 4345; x_wconf 84' lang='lat'><strong>97,</strong></span> <span class='ocrx_word' id='word_1_322' title='bbox 1111 4288 1216 4344; x_wconf 91' lang='grc'>101,</span> <span class='ocrx_word' id='word_1_323' title='bbox 1245 4288 1352 4344; x_wconf 86' lang='grc'>103,</span> <span class='ocrx_word' id='word_1_324' title='bbox 1441 4304 1556 4349; x_wconf 77' lang='lat' dir='ltr'><strong>quae</strong></span> <span class='ocrx_word' id='word_1_325' title='bbox 1591 4296 1683 4335; x_wconf 80' lang='lat' dir='ltr'><strong>tam</strong></span> <span class='ocrx_word' id='word_1_326' title='bbox 1716 4291 1866 4335; x_wconf 73' lang='lat' dir='ltr'><strong>crebri</strong></span> <span class='ocrx_word' id='word_1_327' title='bbox 1899 4304 2005 4335; x_wconf 69' lang='lat' dir='ltr'><strong>usus</strong></span> <span class='ocrx_word' id='word_1_328' title='bbox 2033 4294 2153 4343; x_wconf 75' lang='lat' dir='ltr'><strong>sunt,</strong></span> <span class='ocrx_word' id='word_1_329' title='bbox 2176 4294 2497 4348; x_wconf 74' lang='lat' dir='ltr'><strong>praeterquam</strong></span> 
     </span>
     <span class='ocr_line' id='line_1_43' title="bbox 304 4352 2497 4414; baseline 0.001 -17"><span class='ocrx_word' id='word_1_330' title='bbox 304 4354 413 4409; x_wconf 89' lang='grc'>118,</span> <span class='ocrx_word' id='word_1_331' title='bbox 440 4352 551 4399; x_wconf 86' lang='lat'>212.</span> <span class='ocrx_word' id='word_1_332' title='bbox 1441 4357 1560 4414; x_wconf 78' lang='lat' dir='ltr'><strong>quod</strong></span> <span class='ocrx_word' id='word_1_333' title='bbox 1602 4370 1686 4399; x_wconf 83' lang='lat' dir='ltr'><strong>non</strong></span> <span class='ocrx_word' id='word_1_334' title='bbox 1722 4356 1897 4400; x_wconf 76' lang='lat' dir='ltr'><strong>videam</strong></span> <span class='ocrx_word' id='word_1_335' title='bbox 1936 4369 2024 4413; x_wconf 79' lang='lat' dir='ltr'><strong>qua</strong></span> <span class='ocrx_word' id='word_1_336' title='bbox 2061 4354 2235 4399; x_wconf 75' lang='lat' dir='ltr'><strong>ratione</strong></span> <span class='ocrx_word' id='word_1_337' title='bbox 2275 4355 2410 4399; x_wconf 70' lang='lat' dir='ltr'><strong>istum</strong></span> <span class='ocrx_word' id='word_1_338' title='bbox 2450 4356 2497 4399; x_wconf 80' lang='lat' dir='ltr'><strong>in</strong></span> 
     </span>
    </p>
   </div>
   <div class='ocr_carea' id='block_1_22' title="bbox 295 4416 2498 4544">
    <p class='ocr_par' dir='ltr' id='par_1_23' title="bbox 295 4416 2498 4544">
     <span class='ocr_line' id='line_1_44' title="bbox 363 4416 2496 4478; baseline 0 -16"><span class='ocrx_word' id='word_1_339' title='bbox 363 4424 381 4444; x_wconf 80' lang='lat'>²</span> <span class='ocrx_word' id='word_1_340' title='bbox 416 4416 686 4478; x_wconf 73' lang='lat' dir='ltr'><strong>immisceri]</strong></span> <span class='ocrx_word' id='word_1_341' title='bbox 723 4416 801 4463; x_wconf 90' lang='lat' dir='ltr'><strong>Sic</strong></span> <span class='ocrx_word' id='word_1_342' title='bbox 838 4416 942 4463; x_wconf 85' lang='lat' dir='ltr'><strong>edd.</strong></span> <span class='ocrx_word' id='word_1_343' title='bbox 981 4418 1076 4471; x_wconf 83' lang='lat'><strong>’66,</strong></span> <span class='ocrx_word' id='word_1_344' title='bbox 1110 4418 1202 4471; x_wconf 80' lang='lat'><strong>⁹68,</strong></span> <span class='ocrx_word' id='word_1_345' title='bbox 1240 4416 1345 4473; x_wconf 85' lang='lat'><strong>’76;</strong></span> <span class='ocrx_word' id='word_1_346' title='bbox 1435 4420 1649 4477; x_wconf 73' lang='lat' dir='ltr'><strong>parti-bus</strong></span> <span class='ocrx_word' id='word_1_347' title='bbox 1683 4419 1956 4472; x_wconf 69' lang='lat' dir='ltr'><strong>masc-edosis,</strong></span> <span class='ocrx_word' id='word_1_348' title='bbox 1988 4420 2149 4477; x_wconf 75' lang='lat' dir='ltr'><strong>quibus</strong></span> <span class='ocrx_word' id='word_1_349' title='bbox 2180 4419 2261 4462; x_wconf 75' lang='lat' dir='ltr'><strong>illa</strong></span> <span class='ocrx_word' id='word_1_350' title='bbox 2294 4420 2496 4473; x_wconf 78' lang='lat' dir='ltr'><strong>haerent,</strong></span> 
     </span>
     <span class='ocr_line' id='line_1_45' title="bbox 295 4482 2498 4544; baseline -0 -15"><span class='ocrx_word' id='word_1_351' title='bbox 295 4498 465 4529; x_wconf 74' lang='lat' dir='ltr'><strong>—cere</strong></span> <span class='ocrx_word' id='word_1_352' title='bbox 488 4483 560 4528; x_wconf 83' lang='lat' dir='ltr'><strong>ed.</strong></span> <span class='ocrx_word' id='word_1_353' title='bbox 587 4484 681 4539; x_wconf 73' lang='lat'><strong>⁹85,</strong></span> <span class='ocrx_word' id='word_1_354' title='bbox 707 4482 882 4528; x_wconf 86' lang='lat' dir='ltr'><strong>mendo</strong></span> <span class='ocrx_word' id='word_1_355' title='bbox 904 4482 1009 4530; x_wconf 82' lang='lat' dir='ltr'><strong>fort.</strong></span> <span class='ocrx_word' id='word_1_356' title='bbox 1035 4490 1219 4544; x_wconf 83' lang='lat' dir='ltr'><strong>typogr.</strong></span> <span class='ocrx_word' id='word_1_357' title='bbox 1441 4486 1576 4529; x_wconf 77' lang='lat' dir='ltr'><strong>t&#39;clnm</strong></span> <span class='ocrx_word' id='word_1_358' title='bbox 1593 4500 1631 4527; x_wconf 84' lang='lat' dir='ltr'><strong>m</strong></span> <span class='ocrx_word' id='word_1_359' title='bbox 1656 4484 1926 4535; x_wconf 67' lang='lat' dir='ltr'><strong>evacuando,</strong></span> <span class='ocrx_word' id='word_1_360' title='bbox 1946 4483 2171 4528; x_wconf 74' lang='lat' dir='ltr'><strong>ullatenus</strong></span> <span class='ocrx_word' id='word_1_361' title='bbox 2194 4484 2370 4529; x_wconf 72' lang='lat' dir='ltr'><strong>caleant</strong></span> <span class='ocrx_word' id='word_1_362' title='bbox 2392 4499 2498 4529; x_wconf 79' lang='lat' dir='ltr'><strong>sau-</strong></span> 
     </span>
    </p>
   </div>
  </div>
 </body>
</html>
