3138 5006
779 305 1271 372 SCHEDULA
1314 305 1848 372 MONITORIA
1891 307 1950 371 1.
2335 307 2462 370 496

258 466 539 531 maximo
566 465 868 551 periculo,
897 473 1335 552 usurpantur3
1386 466 1754 532 istiusmodi
1797 467 1975 532 enim
2018 466 2466 532 emanationes
2491 479 2772 531 DzNour.

256 576 538 633 mortem
583 570 833 653 saepius
893 591 1088 654 quam
1146 570 1596 656 symptomatis
1654 571 1847 655 hujus
1893 571 2296 635 curationem
2353 570 2464 634 ad·
2493 547 2763 658 13:350

258 672 562 737 sciscunt.
625 671 1085 753 Quamobrem,
1108 679 1255 757 post
1278 673 1724 738 evacuationes
1746 673 2077 756 generales
2097 693 2215 758 per
2236 693 2466 738 venae-

258 774 611 839 sectionem
640 781 706 839 et
726 775 1179 858 purgationem
1200 775 1420 854 factas,
1440 774 1919 860 quantumlibet
1948 775 2072 841 hoc
2101 781 2468 860 symptoma

258 883 547 941 astantes
584 878 1086 960 perterrefaciat,
1114 884 1257 943 tota
1294 898 1395 942 ren
1434 878 1730 943 Naturae
1761 884 1827 944 et
1866 879 2143 963 tempori
2172 879 2466 944 commit-

256 979 459 1044 tenda
516 986 613 1044 est
639 1005 653 1043 :
727 980 879 1045 licet
943 981 1118 1044 enim
1186 987 1447 1064 stupore
1514 1001 1706 1064 aeger
1764 981 1878 1045 diu
1932 981 2260 1060 laborarit,
2318 988 2466 1065 post

258 1082 777 1166 aliquammultos
820 1089 1043 1146 tamen
1086 1083 1223 1148 dies
1265 1083 1608 1167 pristinam
1651 1083 1998 1147 sanitatem
2040 1082 2464 1166 recuperabit,

256 1183 451 1249 modo
480 1184 648 1249 lecto
676 1205 811 1248 non
838 1185 1157 1269 perpetim
1186 1186 1503 1268 affigatur,
1528 1185 1642 1248 sed
1671 1183 1752 1248 de
1781 1205 1858 1249 eo
1887 1185 2208 1249 eximatur
2234 1186 2464 1266 indies,

258 1293 327 1350 et
386 1307 581 1369 supra
638 1285 1001 1370 grabatum,
1053 1287 1155 1352 vel
1212 1287 1411 1351 etiam
1454 1287 1720 1365 lectum,
1770 1287 2041 1350 vestitus
2099 1286 2464 1352 decumbat.

258 1387 539 1452 Interim
582 1395 803 1453 autem
849 1387 1198 1453 abradatur
1243 1395 1458 1472 caput,
1489 1395 1557 1452 et
1605 1386 1725 1452 sub
1775 1388 2043 1453 affectus
2087 1389 2289 1453 finem
2331 1389 2467 1454 vini

256 1489 569 1554 Canarini
603 1490 959 1555 cochlearia
992 1491 1121 1555 tria
1150 1490 1249 1555 vel
1293 1497 1569 1574 quatuor
1609 1489 1710 1554 bis
1753 1491 1826 1555 in
1870 1489 1976 1555 die
2016 1490 2463 1556 exhibeantur.

260 1591 393 1657 Sed
440 1591 521 1656 de
566 1591 690 1657 hoc
732 1593 939 1657 fusius
982 1594 1088 1675 egi
1123 1594 1196 1658 in
1232 1593 1514 1658 sectione
1559 1593 1792 1677 quinta
1829 1600 1896 1658 et
1935 1593 2143 1677 capite
2183 1593 2465 1658 secundo

256 1693 405 1758 libri
432 1695 532 1758 De
558 1696 807 1759 Morbis
838 1697 1075 1775 Acuti-9,
1098 1696 1213 1761 ubi
1236 1696 1315 1761 de
1338 1697 1610 1761 Comate
1633 1695 1912 1780 quodam
1939 1695 2184 1779 insigni
2203 1695 2465 1763 Febrim

258 1796 763 1863 constitutionis
790 1798 963 1863 illius
993 1799 1345 1864 comitante
1374 1799 1663 1864 disserui.

357 1898 525 1986 [18.]
561 1900 794 1967 Quoad
822 1901 1097 1967 Febrem
1124 1910 1346 1967 autem
1374 1903 1551 1967 haud
1583 1903 2004 1969 deterrendus
2034 1911 2133 1968 est
2161 1903 2462 1968 Medicus
2486 1921 2612 1970 Tam
2633 1937 2716 1971 ve-

257 2022 301 2066 a
348 2001 656 2067 faciendis
704 2005 1049 2087 praedictis
1095 2006 1638 2085 evacuationibus,
1686 2005 1740 2071 si
1797 2007 1964 2071 forte
2023 2006 2461 2071 membrorum
2485 1988 2770 2115 33²3}ss-

256 2106 645 2185 subsultum,
690 2108 793 2171 vel
850 2115 1103 2173 motum
1153 2109 1611 2189 convulsivum,
1655 2110 1728 2175 in
1771 2109 1950 2192 aegri
1999 2130 2262 2194 corpore
2317 2131 2460 2194 per-
2485 2116 2618 2192 suffio
2639 2116 2693 2164 in

254 2206 583 2287 sentiscat,
616 2207 771 2272 dum
796 2211 1021 2294 pulsus
1050 2213 1381 2296 tangitur3
1428 2213 1948 2297 quandoquidem
1974 2213 2047 2278 in
2077 2213 2460 2298 quibusdam
2483 2181 2778 2306 {pagg-nsaw

253 2311 511 2391 generis
557 2313 811 2376 nervosi
851 2313 1185 2380 affectibus
1228 2322 1368 2379 tam
1417 2316 1846 2381 venae-sectio
1906 2338 2100 2400 quam
2141 2317 2458 2402 purgatio,
2483 2308 2764 2421 &333⁸ss

251 2411 453 2476 etiam
510 2415 761 2498 saepius
816 2417 1147 2501 repetitae,
1204 2438 1340 2483 non
1396 2425 1656 2483 tantum
1711 2439 1847 2484 non
1903 2426 2162 2498 nocent,
2223 2418 2334 2483 sed
2393 2425 2459 2483 et
2480 2435 2768 2496 adhibenda,

252 2519 613 2585 necessario
656 2527 809 2585 sunt
850 2520 1275 2586 adhibendae.
1366 2521 1567 2606 Cujus
1602 2520 1700 2585 rei
1733 2521 2248 2605 experimentum
2283 2541 2322 2583 a
2353 2541 2460 2585 me
2483 2517 2573 2614 ἓξ·
2583 2501 2767 2616 {2325

251 2620 501 2685 factum
546 2622 617 2686 in
660 2622 948 2687 medium
988 2624 1263 2708 profem,
1308 2643 1543 2706 nempe
1586 2622 1659 2685 in
1704 2622 1982 2707 quadam
2025 2622 2461 2688 convulsionis
2491 2632 2603 2679 Via·-

254 2722 469 2805 specie
509 2746 673 2808 quae
708 2726 953 2809 Chorea·
975 2726 1196 2789 Sancti
1236 2724 1367 2788 Viti
1390 2724 1584 2807 vulgo
1623 2724 2016 2809 appellatur,
2064 2745 2192 2807 quo
2235 2722 2462 2788 morbo

250 2825 436 2889 haud
461 2827 793 2911 pauciores
823 2828 1108 2912 quinque
1136 2826 1507 2891 laborantes
1547 2833 1616 2891 et
1643 2826 1792 2905 vidi,
1825 2834 1891 2892 et
1923 2826 2140 2891 sanavi
2169 2827 2459 2909 ipsemet,
2573 2850 2579 2855 ·

252 2935 326 2993 et
363 2930 985 2995 venae-sectionibus
1024 2938 1091 2995 et
1129 2930 1624 3015 purgationibus
1660 2950 1779 3014 per
1803 2930 2142 2994 intervalla
2179 2928 2462 2993 celebra-

250 3030 363 3095 tis.
452 3032 553 3097 De
580 3052 710 3116 quo
746 3032 957 3097 morbi
985 3052 1242 3116 genere,
1274 3052 1424 3097 cum
1464 3039 1531 3097 et
1567 3031 1730 3095 mihi
1759 3024 2118 3115 opportune
2145 3038 2459 3111 occurrat,

252 3140 325 3197 et
353 3154 577 3199 eorum
607 3156 771 3218 quae
808 3137 946 3220 jam
990 3156 1202 3201 assero
1229 3134 1487 3200 veritati
1512 3134 1610 3199 ita
1644 3135 2009 3200 luculenter
2053 3134 2458 3218 astipuletur,

250 3256 463 3319 pauca
491 3236 701 3301 dicere
742 3258 881 3302 non
909 3237 1240 3321 gravabor.
1341 3237 1508 3322 [19.]
1554 3240 1792 3302 chorea
1834 3238 2054 3301 Sancti
2099 3238 2267 3301 Viti¹¹
2306 3256 2456 3303 con·
2487 3254 2622 3306 Qusd
2643 3256 2709 3305 sit

248 3338 561 3405 vulsionis
604 3346 704 3405 est
744 3340 1003 3424 species,
1050 3360 1215 3424 quae
1256 3346 1333 3403 ut
1375 3339 1730 3423 plurimum
1775 3358 2008 3423 pueros
2052 3336 2375 3422 puellasve
2419 3359 2460 3402 a
2479 3320 2765 3371 imc'mffl·

251 3437 505 3504 decimo
556 3440 786 3504 aetatis
836 3460 1011 3504 anno
1053 3440 1136 3504 ad
1192 3440 1604 3523 pubertatem
1659 3460 1864 3524 usque
1907 3440 2188 3504 invadit:
2249 3440 2457 3523 primo

252 3562 327 3606 se
354 3541 573 3627 prodit
600 3542 1066 3607 claudicatione
1097 3542 1391 3626 quadam,
1420 3541 1525 3606 vel
1559 3542 1778 3626 potius
1805 3542 2234 3620 instabilitate,
2267 3542 2458 3607 alter-

248 3645 468 3709 utrius
526 3645 747 3724 cruris,
800 3643 975 3728 quod
1020 3665 1212 3728 aeger
1266 3648 1415 3728 post
1474 3664 1543 3707 se
1599 3643 1803 3708 trahit
1847 3644 2178 3707 fatuorum
2235 3662 2454 3721 more3

248 3754 479 3831 postea
518 3747 591 3811 in
631 3768 835 3811 manu
878 3746 1165 3831 ejusdem
1207 3746 1427 3809 lateris
1470 3744 1773 3824 cernitur,
1820 3766 2016 3828 quam
2064 3743 2188 3809 hoc
2231 3744 2460 3809 morbo

250 3850 543 3927 affectus,
566 3850 666 3914 vel
695 3849 941 3933 pectori
961 3848 1062 3913 vel
1091 3848 1201 3911 alii
1230 3846 1421 3912 alicui
1446 3848 1619 3931 parti
1648 3845 2036 3931 adplicitam,
2059 3846 2242 3911 nullo
2269 3855 2460 3929 pacto

248 3956 469 4035 potest
516 3950 848 4015 continere
887 3948 960 4012 in
1006 3948 1233 4013 eodem
1277 3950 1410 4013 situ
1449 3949 1551 4013 vel
1594 3951 1792 4014 horae
1833 3957 2185 4027 moment0,
2231 3947 2345 4012 sed
2385 3949 2458 4012 in

249 4054 455 4119 alium
498 4054 696 4117 situm
736 4052 1061 4137 aliumque
1089 4052 1305 4115 locum
1334 4051 1745 4117 convulsione
1785 4050 2063 4134 quadam
2102 4050 2456 4133 distorque-

246 4156 451 4235 bitur,
496 4155 801 4240 quicquid
851 4174 1042 4237 aeger
1085 4160 1313 4219 contra
1360 4153 1630 4218 nitatur.
1726 4151 1800 4214 Si
1843 4172 1956 4215 vas
1999 4150 2254 4234 aliquod
2295 4157 2457 4234 potu

244 4260 573 4344 repletum
614 4258 689 4321 in
728 4278 961 4321 manus
1002 4255 1385 4340 porrigatur,
1428 4260 1777 4337 antequam
1813 4251 1978 4316 illud
2016 4251 2099 4316 ad
2142 4273 2212 4316 os
2254 4253 2456 4335 possit

252 4361 597 4441 adducere,
624 4360 805 4425 mille
849 4358 1367 4443 gesticulationes
1402 4355 1880 4439 (circulatorum
1913 4354 2164 4438 instar,)
2197 4354 2455 4419 exhibe-

1026 4493 1057 4520 ¹³
1093 4485 1167 4535 ef.
1192 4485 1397 4533 Prot-eu.
1422 4484 1514 4532 [nt.
1540 4496 1581 4529 c.
1611 4482 1686 4529 16.
