3138 5006
1079 629 1666 720 ΤΗΟΜΛΕ
1777 627 2583 718 SYDENHAM

1179 866 1900 924 OBSERVATIONUM
1946 865 2467 922 MEDICARUM

761 1081 960 1148 OIROA
1009 1079 1388 1146 MORBORUM
1439 1077 1807 1144 ACUTORUM
1856 1078 2231 1144 HISTORIAM
2278 1077 2365 1142 ET
2410 1074 2887 1142 CURATIONEM·

1493 1272 1806 1337 SECTIO
1853 1273 2171 1337 PRIMA.

1598 1619 1895 1682 CAPUT
1949 1618 2035 1682 I.b

1316 1755 1414 1816 De
1443 1755 1692 1816 Morbis
1722 1755 1944 1816 Acutis
1972 1755 2040 1816 in
2076 1755 2325 1817 Genere.

423 1901 629 1948 Morbus
813 1887 1076 1950 Dmu‘r
1109 1887 1299 1950 Ratio
1341 1886 1416 1968 (si
1448 1886 1601 1968 quid
1634 1907 1754 1969 ego
1783 1887 1888 1950 hic
1911 1886 2175 1970 judic0,)
2212 1886 2541 1966 Morbum,
2575 1894 2923 1970 quantum-

419 1965 654 2076 ffiffissssssl
721 1988 882 2052 libet
933 1989 1070 2071 ejus
1129 2007 1358 2051 causae
1415 1988 1706 2051 hnmano
1764 1989 2015 2071 corpori
2076 1988 2511 2066 adversentur,
2558 1989 2722 2051 nihil
2782 2011 2923 2052 esse

421 2094 474 2140 in
498 2092 628 2154 aegri
647 2153 666 2179 d
725 2091 902 2154 aliud
933 2110 1126 2172 quam
1155 2089 1482 2152 Naturae⁰
1511 2110 1848 2167 conamen,
1880 2088 2187 2153 materiae
2226 2089 2592 2153 morbificae
2622 2091 2925 2153 extermi-

421 2156 644 2204 salutem.
727 2193 1060 2256 nationem
1095 2193 1168 2255 in
1209 2192 1384 2273 aegri
1425 2191 1703 2255 salutem
1739 2191 1919 2255 omni
1956 2212 2077 2274 ope
2111 2191 2456 2255 molientis.
2548 2192 2717 2255 Cum
2746 2194 2927 2255 enim

725 2292 1066 2357 hominum
1091 2313 1296 2376 genus
1326 2293 1442 2374 (ita
1468 2292 1725 2356 volente
1748 2294 2062 2377 Supremo
2092 2313 2309 2355 rerum
2340 2293 2634 2356 omnium
2654 2293 2927 2356 Arbitro

727 2418 801 2460 ac
830 2395 1262 2473 Moderatore,
1296 2395 1523 2477 DEO,)
1557 2395 1747 2458 variis
1776 2395 2321 2478 impressionibus„
2353 2396 2706 2460 forinsecus
2736 2397 2926 2459 adve-

725 2496 1075 2575 nientibus,
1097 2495 1484 2581 excipiendis
1515 2503 1737 2580 aptum
1768 2503 1998 2561 natum
2030 2497 2149 2575 sit;
2192 2497 2331 2560 fieri
2359 2517 2494 2560 non
2522 2502 2734 2579 potest
2766 2497 2928 2580 quin

425 2614 590 2661 Morbi
727 2602 902 2664 idem
931 2600 1120 2663 variis
1163 2600 1362 2663 etiam
1399 2600 1585 2663 malis
1624 2600 1820 2664 fuerit
1859 2600 2242 2663 obnoxium:
2297 2622 2461 2682 quae
2492 2600 2749 2682 quidem
2782 2622 2927 2683 par-

421 2679 600 2799 Ξὲζξω
619 2679 680 2725 ⁸¹²
727 2701 850 2764 tim
894 2701 974 2766 ab
1019 2700 1160 2769 istis
1213 2701 1376 2764 acris
1425 2700 1756 2783 particulis
1801 2708 2176 2779 nascuntur,
2224 2722 2405 2783 quae,
2452 2723 2600 2765 cum
2644 2702 2929 2783 corporis

728 2802 1108 2866 humoribus
1137 2802 1306 2866 male
1337 2802 1791 2866 convenientes
1819 2804 1892 2865 in
1919 2803 2094 2866 idem
2124 2825 2193 2866 se
2225 2804 2713 2882 insinuaverint,
2744 2805 2929 2868 nudo

729 2904 1032 2987 sanguini
1071 2904 1414 2987 permistae
1454 2919 1686 2987 corpus
1725 2925 1917 2968 omne
1952 2904 2281 2969 morbifico
2322 2906 2543 2968 afflant
2584 2906 2929 2988 contagio;

421 3014 598 3089 Partim
623 3030 652 3061 a
727 3006 965 3087 partim
1011 3027 1050 3068 a
1091 3006 1280 3069 variis
1324 3005 1899 3069 fermentationum
1940 3005 2299 3087 generibus,
2328 3006 2431 3069 vel
2468 3007 2665 3069 etiam
2703 3014 2929 3089 putre-

421 3078 672 3187 }{ssgssgr'
728 3107 1118 3171 factionibus
1164 3106 1531 3186 humorum,
1577 3108 1687 3189 qui
1732 3108 1804 3171 in
1850 3127 2112 3191 corpore
2156 3108 2330 3171 ultra
2366 3108 2621 3191 justum
2664 3116 2931 3191 tempus

419 3204 686 3315 ggffigrffm
726 3210 873 3271 ideo
904 3213 1058 3271 sunt
1088 3209 1484 3286 commorati,
1519 3210 1670 3291 quia
1699 3209 1939 3272 scilicet
1967 3209 2197 3273 iisdem
2228 3209 2592 3292 digerendis
2620 3209 2929 3291 primum,

422 3332 666 3392 putrefae-
728 3309 880 3374 dein
919 3310 1354 3387 excernendis,
1387 3310 1488 3373 vel
1517 3310 1601 3374 ob
1632 3312 1903 3375 nimiam
1932 3310 2285 3374 eorundem
2322 3311 2561 3375 molem
2588 3312 2690 3374 vel
2719 3312 2928 3393 quali-

423 3396 569 3443 ¹³⁰¹²⁰·
724 3417 931 3475 tatem
958 3412 1406 3493 incongruam,
1437 3434 1675 3496 suppar
1700 3412 1875 3477 idem
1892 3435 2040 3476 -uon
2068 3412 2213 3476 fuit.
2314 3413 2433 3495 [2.]
2478 3413 2677 3476 Hisce
2704 3434 2930 3476 rerum

727 3514 1224 3577 circumstantiis
1262 3514 1357 3577 ita
1393 3512 1624 3577 intime
1655 3514 1970 3577 essentiae
2004 3514 2327 3579 humanae
2354 3514 2719 3578 intertextis
2750 3536 2928 3578 com-

725 3617 1102 3699 plicatisque
1139 3610 1226 3679 ut⁴
1255 3637 1449 3679 nemo
1494 3618 1831 3699 quisquam
1876 3638 1944 3681 se
1990 3616 2071 3681 ab
2114 3618 2243 3681 illis
2285 3618 2357 3681 in
2404 3618 2684 3681 solidum
2726 3627 2927 3701 queat

725 3718 1018 3795 liberare,
1077 3718 1340 3781 Natura
1398 3716 1477 3780 de
1537 3718 1854 3801 ejusmodi
1916 3718 2222 3783 methodo
2282 3740 2357 3783 ac
2415 3726 2929 3803 symptomatum

729 3818 1258 3883 concatenatione
1317 3817 1438 3881 sibi
1488 3820 1832 3902 prospexit,
1881 3819 2114 3902 quibus
2163 3821 2500 3884 materiam
2546 3828 2929 3904 peccantem

729 3924 922 4002 atque
953 3919 1247 3998 alienam,
1280 3941 1442 4001 quae
1470 3921 1673 3984 totius
1702 3920 1980 3985 fabricae
2010 3940 2383 4005 compagem
2415 3922 2602 3986 aliter
2630 3923 2927 4000 solveret,

727 4040 763 4083 e
801 4020 931 4083 suis
969 4019 1207 4083 finibus
1251 4022 1450 4103 possit
1495 4022 1851 4086 excludere.
1942 4022 2318 4088 Quamlibet
2358 4030 2576 4087 autem
2620 4024 2926 4106 frequen-

793 4185 815 4208 ·
852 4182 1034 4227 Observ.
1061 4182 1230 4227 Medic.
1266 4179 1372 4243 ξα]
1415 4180 1497 4227 Sic
1537 4181 1643 4229 edd.
1682 4181 1779 4238 ¹76,
1936 4188 1956 4212 ‘²
1991 4181 2127 4231 Quid
2152 4198 2237 4245 per
2254 4184 2474 4231 Naturae
2506 4196 2684 4230 nomen
2710 4183 2925 4246 intelligi

728 4245 834 4298 ’853
871 4244 1000 4306 prior
1045 4250 1147 4291 erat
1185 4244 1362 4291 titulus
1401 4246 1647 4293 Methodus
1687 4248 1779 4293 Cu·
1869 4246 1990 4293 velit
2009 4246 2143 4308 Syd„
2161 4246 2271 4293 vide
2293 4246 2378 4293 inf.
2404 4246 2453 4293 ii.
2474 4250 2519 4294 2.
2536 4248 2613 4295 48.

725 4310 864 4354 randi
903 4310 1072 4355 Febres
1115 4310 1326 4368 Propriis
1384 4310 1782 4357 observationibus
1936 4312 1961 4346 d
1990 4312 2241 4358 Elem-hum
2256 4312 2440 4367 Ruunt,
2460 4326 2605 4372 quem
2622 4311 2677 4358 in
2695 4312 2791 4359 fine
2805 4311 2923 4359 libri

727 4374 1064 4463 Super-structa.
1870 4373 1985 4436 syd.
2029 4382 2269 4435 posuerat,
2319 4375 2371 4421 in
2406 4376 2627 4435 margine
2665 4375 2890 4423 distribui
2910 4394 2922 4430 ;

849 4434 998 4482 Deest
1019 4434 1108 4483 hoc
1131 4450 1235 4497 cap.
1260 4435 1311 4481 in
1335 4435 1440 4485 edd.
1467 4436 1563 4494 ⁹66,
1583 4438 1679 4485 ⁹68.
1866 4438 1919 4484 in
1938 4438 2040 4486 edd
2068 4439 2165 4495 ⁹66,
2190 4438 2270 4486 ’68
2294 4438 2489 4486 omnino
2512 4440 2659 4487 deest.
