3138 5006
653 271 791 338 444
1276 267 1666 332 THOMAE
1714 266 2229 332 SYDENHAM

365 446 450 498 De
476 445 613 494 Pon·
660 429 1020 512 quantitate
1072 428 1171 492 vel
1222 427 1531 512 qualitate
1583 427 1714 492 sive
1771 434 1964 512 potus
1995 426 2148 492 'si-ve
2199 426 2492 492 ciborum
2540 435 2884 512 peccetur.

420 524 580 560 ΑΘΗ·
658 532 891 614 Neque
919 531 993 594 in
1021 530 1145 594 hoc
1165 530 1318 608 solo,
1340 529 1453 593 sed
1480 528 1553 593 in
1575 529 1700 592 alio
1721 529 1903 594 omni
1930 527 2246 613 regImine
2269 528 2374 612 (de
2405 551 2534 612 quo
2561 530 2771 593 fusim
2801 529 2884 614 [ᾗ

660 635 747 698 52
776 633 899 716 sq.]
941 633 1087 715 egi,)
1121 632 1193 696 in
1235 630 1586 697 intervallis
1631 631 2046 710 observando,
2079 633 2330 696 cautela
2371 632 2552 696 haud
2589 633 2886 714 vulgaris

660 733 1028 800 adhibenda
1054 741 1173 798 est.
1222 735 1308 798 Et
1335 734 1489 798 licet
1515 743 1656 798 tam
1685 734 1866 800 dolor
1893 755 2090 818 quam
2107 755 2350 818 magna
2375 734 2460 798 ad
2489 742 2742 798 motum
2771 735 2884 797 in-

660 838 963 904 habilitas
990 838 1293 904 exercitio
1326 837 1523 924 (quod
1568 859 1690 921 ego
1719 859 1872 922 prae
1917 838 2188 902 caeteris
2231 838 2540 902 omnibus
2567 838 2878 920 laudavi)

662 941 1203 1006 contra-indicare
1230 941 1594 1018 videantur,
1619 948 1844 1004 tamen
1865 947 1934 1004 et
1954 939 2060 1004 hic
2076 940 2262 1004 labor
2281 940 2714 1005 exantlandus
2735 962 2882 1006 om-

359 1063 405 1114 A
428 1067 568 1112 motu
600 1125 613 1138 ⁶
663 1044 823 1108 nino
852 1051 986 1109 est:
1035 1043 1389 1127 quamlibet
1426 1043 1604 1106 enim
1632 1042 1704 1106 in
1733 1043 2098 1127 paroxysmi
2135 1043 2325 1107 initio
2361 1065 2554 1126 aegro
2581 1044 2882 1127 1111110εεί-

362 1143 532 1178 ⁰¹¹¹¹⁸¹¹⁸
544 1142 639 1174 ω’·
664 1146 795 1212 bile
824 1145 1116 1210 videatur
1136 1151 1212 1210 ut
1240 1145 1550 1210 lationem
1571 1143 1644 1208 in
1665 1167 1948 1224 currum,
1970 1146 2179 1210 multo
2199 1147 2418 1210 minus
2440 1147 2580 1230 ejus
2599 1155 2882 1225 motum,

358 1190 604 1333 {ffqfflg
666 1249 833 1316 ferre
862 1255 1059 1335 queat
1082 1274 1101 1328 ς
1146 1254 1437 1314 attamen
1458 1249 1513 1312 si
1540 1249 1611 1312 id
1639 1249 2008 1328 tentaverit,
2031 1269 2166 1312 non
2195 1249 2290 1312 ita
2319 1249 2435 1312 diu
2461 1257 2609 1332 post
2635 1251 2884 1313 sentiet

360 1337 463 1434 {12⁸⁰
464 1320 633 1446 {12¹5}ss
668 1373 737 1416 se
766 1352 983 1416 minus
1011 1373 1052 1415 a
1078 1351 1195 1415 tali
1232 1359 1419 1415 motu
1462 1351 1678 1416 dolere
1723 1373 1919 1434 quam
1965 1373 2116 1416 cum
2157 1373 2225 1415 se
2253 1352 2326 1415 in
2355 1352 2662 1416 cathedra
2699 1351 2886 1415 domi.

364 1465 479 1498 ⁰⁶⁰⁸
498 1465 513 1496 ²
589 1525 601 1537 ⁸
669 1455 1050 1520 contineret.
1142 1452 1224 1518 Id
1258 1455 1521 1536 insuper
1560 1453 1810 1519 accedit
1847 1454 2288 1533 emolumenti,
2329 1455 2382 1518 si
2419 1453 2506 1518 ad
2543 1455 2733 1517 horas
2759 1455 2882 1518 nli·

366 1531 629 1638 ξῃῗιζζζῖ
672 1563 828 1640 quot
856 1563 1013 1635 tam,
1043 1577 1235 1620 mane
1266 1577 1460 1640 quam
1498 1563 1644 1640 post
1681 1556 2018 1620 meridiem
2046 1557 2119 1619 in
2153 1577 2350 1620 curru
2397 1563 2620 1620 vectus
2655 1557 2876 1634 fuerit,

364 1655 607 1767 ἓῑξπὶῑξνῑ·
672 1659 864 1742 (1110(1,
888 1680 1039 1722 cum
1073 1659 1246 1722 domi
1276 1665 1416 1722 toto
1446 1658 1549 1721 die
1581 1658 1850 1736 sederet,
1881 1665 2142 1723 noctem
2170 1659 2305 1722 fere
2333 1659 2698 1723 insomnem
2725 1679 2878 1742 age-

512 1753 525 1775 ’
670 1771 791 1843 ret,
816 1765 953 1848 jam
998 1763 1279 1827 dolorem
1324 1783 1550 1826 somno
1594 1762 1679 1827 ad
1721 1763 1997 1826 multam
2017 1769 2302 1844 *noctem
2339 1763 2568 1844 fugare
2593 1763 2876 1846 poterit3

673 1889 823 1933 cum
852 1867 1221 1932 exercitatio
1238 1866 1604 1949 permodica
1625 1865 1922 1948 Podagra
1940 1865 2345 1930 laborantem
2373 1885 2655 1948 eousque
2673 1865 2880 1928 delas-

370 1986 588 2036 oalculus
674 1978 773 2035 set
808 1977 883 2034 ut
916 1971 987 2033 in
1022 1991 1324 2034 somnum
1354 1968 1698 2032 dilabatur.
1786 1968 1976 2032 Adde
2019 1969 2195 2051 quod
2237 1969 2462 2032 eadem
2507 1969 2878 2032 exercitatio

365 2053 631 2164 ξξζὼζξζ
675 2073 1015 2151 calculum,
1040 2093 1232 2156 quem
1259 2071 1393 2134 vita
1420 2070 1601 2134 deses
1631 2091 1707 2134 ac
1736 2067 1908 2134 iners
1927 2079 2004 2133 ut
2025 2071 2382 2154 plurimum
2411 2070 2696 2149 accersit,
2723 2091 2876 2152 qnae

370 2132 565 2229 cavefur
581 2200 602 2269 z·
677 2177 997 2240 dantenus
1040 2173 1461 2258 praecavebit.
1571 2172 1768 2238 Quod
1819 2193 1968 2236 vero
2023 2173 2288 2236 maximi
2329 2171 2644 2238 momenti
2687 2180 2804 2250 est,
2839 2195 2880 2236 a

370 2265 631 2369 ἓξὲἳξζῖζ
668 2276 813 2361 jugi
842 2299 917 2340 ac
945 2276 1257 2360 pertinaci
1278 2275 1583 2340 exercitio
1611 2282 1983 2340 occurretur
2011 2275 2197 2340 totali
2225 2281 2487 2340 artuum
2517 2277 2600 2340 ad
2625 2283 2878 2340 motum

370 2393 567 2432 artuum
590 2385 652 2433 ad
676 2379 1113 2462 impotentiae,
1132 2400 1299 2464 quae
1321 2377 1499 2442 haud
1518 2379 1740 2461 paucis
1771 2378 2002 2442 accidit
2023 2385 2168 2461 post
2190 2399 2643 2462 paroxysmnm
2671 2399 2880 2441 unum

369 2457 613 2577 {ffissssfflffi
678 2482 1030 2547 alterumve
1060 2481 1549 2559 diuturniorem,
1582 2481 1928 2545 contractis
1969 2481 2099 2545 sive
2137 2480 2477 2565 poplitum,
2507 2481 2638 2546 sive
2674 2480 2876 2545 calea-

370 2578 465 2654 tiae
487 2594 656 2627 ⁰⁰⁰³*
678 2606 967 2663 neotum,
990 2583 1395 2648 tendinibus:
1429 2584 1588 2647 dum
1611 2585 1786 2647 enim
1813 2584 1885 2647 in
1915 2584 2207 2647 cruciatu
2233 2584 2522 2667 longiore
2553 2584 2752 2667 quieti
2779 2583 2882 2646 in·

370 2651 505 2691 ntur.
679 2687 1014 2766 dulserint,
1066 2686 1363 2770 (maxime
1413 2708 1604 2751 crura
1657 2688 1954 2751 nolentes
2008 2686 2351 2751 extendere
2395 2687 2643 2770 quoties
2698 2686 2886 2749 dolor

680 2811 855 2873 genu
884 2790 1328 2872 occupaverit‚)
1360 2788 1629 2853 tandem
1672 2810 1936 2853 crurum
1979 2810 2054 2853 ac
2081 2789 2321 2872 pedum
2365 2796 2552 2853 motu
2587 2808 2702 2873 per
2731 2788 2884 2851 reli-

680 2914 886 2977 quum
913 2893 1083 2956 vitae
1112 2899 1369 2975 tempus
1399 2892 1608 2956 orbati
1643 2900 1818 2970 sunt,
1850 2898 1988 2955 tam
2026 2892 2100 2955 in
2128 2910 2652 2975 paroxysmorum
2680 2890 2884 2954 inter-

682 2995 873 3059 stitiis
898 3016 1091 3078 quam
1120 2995 1192 3058 in
1221 2995 1375 3079 ipsis
1402 2995 1820 3078 paroxysmis,
1846 3016 2006 3079 quos
2029 3016 2164 3058 non
2185 2995 2281 3057 ita
2299 3002 2521 3059 tamen
2540 2994 2880 3076 effugiunt.

378 3118 539 3168 Morbi
562 3118 635 3167 di·
686 3100 995 3166 Quinimo
1023 3102 1092 3163 i'n
1120 3101 1199 3165 iis
1230 3100 1490 3164 senibus
1530 3122 1807 3183 quorum
1847 3102 2290 3165 concoctiones
2321 3101 2672 3165 admodum
2697 3100 2886 3163 vitia-

375 3185 643 3295 ξὶῗξὲζζξξ
682 3210 791 3267 tae
820 3210 992 3281 sunt,
1018 3210 1084 3265 et
1128 3202 1240 3285 qui
1274 3224 1315 3264 a
1348 3202 1574 3267 morbo
1618 3224 1734 3286 per
1779 3203 2018 3267 multos
2063 3224 2268 3267 annos
2311 3204 2636 3286 affligente
2677 3202 2885 3285 ipsam

380 3312 494 3387 cipio
515 3312 566 3359 in
590 3328 657 3359 se·-
686 3305 965 3387 corporis
1012 3304 1439 3367 substantiam
1470 3304 1655 3387 quasi
1690 3305 1764 3368 in
1803 3305 2167 3388 Podagram
2200 3305 2446 3369 habent
2493 3326 2886 3382 conversam,

376 3376 663 3503 ffl'gffiu*
686 3404 851 3467 nihil
894 3404 1112 3467 minus
1162 3404 1553 3488 sperandum
1597 3413 1695 3469 est
1740 3428 1936 3489 quam
1979 3415 2055 3470 ut
2098 3407 2358 3470 morbus
2403 3406 2543 3471 sine
2587 3406 2888 3470 exercitio

380 3512 552 3566 speret.
688 3507 771 3571 ad
829 3507 1255 3590 digestionem
1311 3508 1704 3591 perducatur
1759 3530 2088 3591 unquam:
2163 3530 2313 3573 cum
2381 3509 2558 3572 enim
2622 3506 2894 3573 morbus

687 3610 1011 3673 Naturam
1038 3609 1280 3673 viribus
1310 3618 1587 3693 superet,
1619 3632 1807 3694 saepe
1849 3612 2216 3675 moriuntur
2259 3600 2316 3675 a'
2335 3610 2648 3694 languore
2691 3618 2892 3693 atque

688 3711 1092 3795 aegritudine
1144 3733 1307 3795 quae
1362 3712 1608 3779 fomitis
1663 3714 1949 3777 morbosi
2005 3714 2188 3796 copia
2251 3714 2730 3778 concoctionem
2787 3734 2890 3776 re-

688 3814 975 3898 spuentis
1006 3821 1339 3897 apportat3
1385 3821 1453 3878 et
1487 3815 1568 3879 ab
1599 3815 1722 3879 hac
1749 3816 2020 3879 materia
2055 3816 2482 3894 inconcoctili,
2515 3836 2678 3899 quae
2705 3816 2896 3880 nullo

686 3916 880 3981 modo
906 3924 1117 4001 potest
1146 3917 1500 3995 assimilari,
1530 3925 1844 4001 tanquam
1875 3940 1916 3983 a
1941 3940 2190 3983 veneno
2218 3927 2591 3983 enecantur.

385 4040 445 4086 In
466 4055 561 4102 quo
585 4055 664 4087 ca·
786 4022 887 4103 [6]
906 4019 952 4103 .]
1005 4020 1319 4084 Attamen
1353 4042 1487 4083 non
1518 4021 1928 4085 obstantibus
1957 4022 2038 4086 iis
2076 4042 2238 4105 quae
2275 4022 2356 4085 de
2391 4021 2678 4085 exercitii
2711 4022 2897 4085 utili-

384 4120 443 4214 ζξ
451 4102 627 4215 ἓξὲξ
687 4130 824 4187 tate
853 4124 924 4186 in
954 4122 1285 4205 Podagrae
1323 4123 1716 4207 paroxysmis
1755 4123 1930 4188 dicta
1967 4132 2142 4202 sunt,
2175 4125 2230 4187 si
2267 4133 2489 4189 tamen
2517 4144 2710 4207 aeger
2735 4146 2900 4207 prae

382 4232 651 4281 necessaria
690 4225 893 4289 nimia
934 4226 1297 4309 paroxysmi
1344 4226 1682 4289 atrocitate
1731 4226 1939 4309 primo
1987 4227 2208 4291 statim
2255 4227 2502 4291 insultu
2531 4228 2713 4310 quasi
2741 4248 2902 4311 pro-

382 4303 527 4351 surm
690 4334 931 4391 stratus
979 4327 1195 4406 fuerit,
1244 4328 1439 4411 (quod
1490 4327 1630 4392 istis
1680 4328 1814 4393 fere
1863 4350 1990 4393 usu
2017 4329 2194 4394 venit
2233 4330 2302 4393 in
2334 4330 2564 4413 quibus
2595 4330 2906 4413 Pod'agra

681 4430 819 4511 jam
846 4428 1054 4509 ἀκμήν
1080 4450 1263 4493 suam
1302 4430 1539 4513 attigit,
1571 4450 1693 4495 nec
1731 4431 1941 4496 adhuc
1971 4454 2010 4495 a
2038 4433 2392 4497 multorum
2429 4452 2751 4497 annorum
2783 4433 2900 4497 de-
