3138 5006
402 439 609 490 Comes

395 504 619 555 Brmoss

362 569 640 618 Annorum

399 632 607 686 '70:72.

344 1763 571 1816 Emetica

344 1829 491 1878 etiam
506 1832 628 1882 frus·

343 1899 417 1941 tra
438 1899 601 1960 propi-

338 1965 533 2010 uantur.

342 2181 405 2231 In
429 2183 601 2235 foemi-

340 2248 417 2295 nis
441 2256 604 2298 tamen

340 2319 581 2375 tempera-

342 2379 497 2425 menti
520 2394 625 2427 ms-

338 2440 416 2501 gis
440 2457 551 2490 san-

342 2506 521 2580 guinei,
546 2515 596 2557 et

341 2572 573 2633 viragini-

339 2633 446 2692 bus‚
470 2650 593 2684 non-

336 2712 589 2762 nunquam

337 2762 413 2810 vel
437 2766 575 2827 phle-

340 2826 566 2889 botomia,

336 2892 416 2939 vel
431 2894 620 2942 cathar-

337 2956 394 3014 si,
421 2958 498 3005 vel
522 2976 577 3007 u-

338 3028 521 3083 traque,

333 3086 558 3148 anodyno

337 3150 416 3197 via
437 3152 593 3213 aperi-

338 3215 461 3263 enda
483 3223 568 3263 est.

338 3610 477 3659 Haec
497 3626 602 3659 me-

334 3675 512 3723 thodus
526 3678 611 3724 do-

333 3738 450 3787 loris
462 3756 621 3805 symp-

332 3810 465 3851 toma
486 3812 593 3883 tan:-

334 3874 442 3917 tum
462 3884 617 3934 respi-

335 3934 415 3989 cit,
440 3948 539 3982 non

335 4013 537 4047 causam

331 4062 503 4112 morbi.

336 4152 435 4201 Hic
460 4170 591 4203 mor-

327 4216 421 4263 bus
450 4218 501 4266 in
524 4220 594 4267 ic-

332 4286 433 4328 tero
455 4282 577 4331 solet

330 4345 576 4404 desinereg

668 265 799 330 202
1293 267 1682 335 THOMAE
1731 270 2246 335 SYDENHAM

666 421 935 514 produci
975 429 1263 511 dictabit,
1306 431 1361 494 si
1402 433 1836 516 expendamus
1873 453 2108 516 nempe
2151 431 2666 496 circumstantias
2704 429 2867 505 illas,

669 533 903 617 quibus
938 542 1017 599 ut
1046 534 1395 618 plurimum
1440 536 1758 619 originem
1787 559 1972 602 suam
2011 536 2240 602 debet:
2285 535 2660 622 hujusmodi
2677 541 2864 609 sunt,

666 657 943 719 magnae
983 643 1177 721 atque
1215 636 1543 702 indebitae
1584 639 1918 721 sanguinis
1956 639 2375 722 profusiones,
2407 645 2622 701 motus
2663 636 2868 700 animi

664 739 767 800 uti
810 740 1006 803 etiam
1046 745 1118 802 et
1168 741 1449 823 corporis
1489 740 1916 820 violentiores,
1957 748 2025 805 et
2069 741 2195 805 alia
2242 740 2312 805 id
2363 761 2588 822 genus.
2681 739 2870 802 Quae

664 842 902 920 omnia,
946 842 1233 906 remedia
1282 843 1391 906 illa
1442 843 1719 907 suadent
1769 843 2240 927 proscribenda,
2286 865 2327 907 a
2376 843 2609 926 quibus
2657 842 2870 925 major

664 944 1009 1026 spirituum
1047 945 1449 1028 perturbatio
1486 947 1690 1029 possit
1727 947 2012 1024 excitari,
2045 953 2240 1029 atque
2279 966 2502 1009 eorum
2529 946 2671 1008 loco
2711 965 2865 1007 ano-

664 1046 837 1130 dyna
866 1068 1003 1110 esse
1042 1047 1432 1130 usurpanda,
1461 1049 1610 1112 licet
1639 1048 1858 1111 viridis
1897 1069 1972 1112 ac
2010 1070 2242 1131 pravus
2281 1048 2588 1112 materiae
2616 1046 2868 1110 vomitu

660 1151 935 1233 rejectae
979 1151 1151 1215 color
1198 1151 1594 1216 contrarium
1641 1152 1926 1216 indicare
1967 1151 2298 1215 videatur:
2345 1151 2643 1214 subtilior
2685 1149 2866 1212 enim

658 1258 758 1315 est
803 1259 997 1335 atque
1040 1253 1353 1316 minutior
1396 1255 1684 1318 colorum
1727 1253 2099 1338 speculati0,
2143 1276 2338 1336 quam
2380 1260 2458 1315 ut
2501 1251 2862 1316 evacuatio-

656 1352 871 1432 nibus,
904 1377 1061 1439 quas
1090 1356 1229 1438 ipso
1258 1356 1431 1420 facto
1461 1363 1770 1420 nocentes
1811 1356 2369 1439 deprehendimus,
2400 1355 2864 1418 authoritatem

656 1457 996 1520 conciliare
1024 1457 1250 1520 valeat.
1341 1457 1709 1540 Nullusque
1749 1458 1973 1523 dubito
2005 1457 2304 1522 morbum
2333 1457 2510 1520 hunc
2547 1454 2682 1539 (qui
2708 1456 2862 1518 licet

656 1557 1139 1622 acerbissimum
1192 1559 1496 1637 dolorem,
1542 1560 1800 1623 nullum
1850 1568 2074 1624 tamen
2115 1561 2284 1624 vitae
2333 1559 2699 1636 discrimen,
2747 1579 2860 1641 ap-

653 1662 915 1744 portat‚)
951 1660 1034 1724 ob
1058 1681 1307 1724 errores
1344 1661 1467 1725 hoc
1494 1663 1761 1725 nomine
1801 1663 2170 1726 commissos
2199 1661 2505 1725 lethalem
2547 1681 2858 1742 saepenu-

655 1782 835 1825 mero
864 1763 1148 1826 evadere.
1216 1762 1423 1840 Adde,
1458 1763 1648 1846 quod,
1673 1764 1727 1826 si
1760 1764 1900 1846 quis
1931 1765 2278 1828 emeticum
2305 1764 2407 1827 vel
2434 1762 2860 1826 fortissimum

653 1864 845 1929 hodie
874 1866 1323 1948 propinaverit,
1362 1865 1460 1947 (ut
1490 1866 1730 1929 scilicet
1762 1887 1925 1944 eam,
1952 1887 2146 1950 quam
2173 1872 2383 1948 putat,
2415 1864 2624 1928 morbi
2651 1865 2858 1928 mine-

653 1991 794 2034 ram
836 1971 1214 2053 exhauriat,)
1264 1991 1457 2054 aegra
1498 1979 1755 2054 postero
1799 1972 1904 2036 die
1948 1973 2286 2036 materiam
2335 1992 2540 2055 aeque
2582 1971 2854 2034 viridem

654 2080 767 2136 aut
795 2073 972 2156 pravi
1001 2073 1265 2136 alterius
1295 2073 1541 2152 coloris,
1575 2080 1770 2158 atque
1802 2082 1940 2138 erat
1971 2075 2144 2158 prior
2169 2075 2300 2152 illa,
2333 2080 2604 2138 evomet.

750 2175 913 2259 [21.]
971 2175 1461 2240 Observandum
1491 2184 1590 2240 est
1634 2185 1874 2255 tamen,
1907 2199 2051 2242 eam
2093 2178 2476 2261 quandoque
2517 2175 2854 2257 sanguinis

653 2281 848 2359 atque
898 2277 1247 2340 humorum
1300 2279 1550 2362 copiam
1603 2280 1886 2363 reperiri,
1934 2302 2096 2364 quae
2145 2279 2453 2344 narcotici
2497 2278 2855 2361 operationi

653 2398 728 2442 eo
756 2399 961 2463 usque
1000 2379 1289 2458 obsistat,
1318 2387 1417 2457 ut,
1450 2381 1805 2463 quamlibet
1845 2383 2214 2466 saepissime
2253 2387 2602 2464 repetatur,
2634 2401 2854 2462 orgas-

650 2502 831 2546 mum
870 2488 1093 2547 tamen
1136 2483 1433 2548 cohibere
1472 2491 1774 2568 nequeat,
1809 2484 1937 2548 nisi
1982 2491 2156 2549 secta
2192 2485 2369 2568 prius
2411 2503 2638 2566 aegrae
2667 2503 2852 2561 vena,

652 2590 765 2648 aut
810 2585 949 2651 alvo
994 2585 1347 2664 subducta3
1412 2588 1584 2669 quod
1633 2588 1705 2651 in
1747 2587 2047 2651 foeminis
2096 2586 2594 2670 temperamenti
2641 2586 2852 2668 magis

651 2688 1007 2771 sanguinei,
1042 2694 1234 2771 atque
1262 2690 1677 2771 viraginibus,
1710 2690 1871 2754 mihi
1901 2690 2098 2754 subiit
2127 2696 2370 2754 notare.
2429 2690 2499 2752 Si
2525 2689 2622 2752 ita
2651 2710 2718 2753 se
2747 2710 2852 2752 res

647 2791 903 2873 habeat,
947 2793 1049 2857 vel
1090 2792 1543 2876 phlebotomia,
1591 2795 1692 2856 vel
1742 2793 2038 2871 catharsi‚
2084 2794 2251 2857 forte
2303 2792 2497 2855 etiam
2549 2800 2847 2876 utraque,

650 2896 948 2979 anodyno
994 2895 1097 2959 via
1140 2895 1482 2978 aperienda
1525 2902 1660 2974 est,
1722 2896 2044 2959 celebrata
2085 2896 2262 2958 enim
2309 2895 2542 2957 harum
2586 2894 2848 2971 utravis,

646 3000 1063 3076 narcoticum,
1111 2998 1283 3081 quod
1336 2998 1515 3081 prius
1569 3019 1824 3061 summa
1871 2998 2024 3063 licet
2077 2998 2216 3060 dosi
2270 2997 2628 3061 exhibitum
2685 2996 2850 3059 nihil

648 3101 987 3185 quicquam
1042 3100 1326 3183 profecit,
1387 3100 1526 3182 jam
1587 3100 1785 3163 etiam
1842 3100 1912 3163 in
1969 3098 2277 3163 mediocri
2348 3098 2486 3162 dosi
2545 3098 2846 3162 effectum

644 3200 963 3265 obtinebit
992 3202 1097 3265 cui
1128 3201 1588 3266 destinabatur.
1667 3203 1840 3265 Raro
1871 3208 2090 3265 autem
2117 3201 2242 3265 hoc
2271 3200 2610 3282 contingit,
2634 3221 2848 3283 neque

642 3309 787 3367 tum
826 3302 1190 3366 reiteranda
1233 3308 1387 3365 sunt
1426 3302 1586 3366 haec
1627 3302 1930 3366 remedia.
2022 3301 2274 3368 Quibus
2315 3302 2697 3385 praemissiS,
2729 3302 2843 3365 ubi

643 3426 803 3489 opus
832 3405 907 3467 iis
937 3404 1150 3482 fuerit,
1174 3404 1244 3466 in
1274 3404 1590 3487 anodynis
1614 3426 1693 3468 ea
1713 3404 2018 3469 methodo
2044 3426 2236 3488 quam
2258 3405 2330 3468 in
2361 3404 2580 3469 Colica
2607 3404 2846 3469 Biliosa

643 3507 1087 3590 proposuimus
1130 3508 1196 3591 [ᾗ
1229 3506 1319 3588 6.]
1362 3506 1738 3570 exhibendis
1782 3507 2321 3590 progrediendum
2357 3514 2476 3585 est,
2509 3528 2670 3589 quae
2710 3527 2844 3570 cre-

641 3610 821 3673 brius
849 3610 1176 3693 parciusve
1207 3616 1360 3673 sunt
1387 3610 1744 3691 ingerenda
1775 3631 1894 3693 pro
1925 3610 2156 3674 doloris
2185 3610 2544 3674 recedentis
2573 3610 2842 3673 ratione.

646 3713 831 3779 Quae
883 3712 1141 3796 quidem
1191 3712 1554 3790 methodus,
1599 3734 1902 3795 praesens
1955 3720 2148 3795 atque
2198 3713 2452 3776 instans
2501 3713 2843 3775 vehemen-

644 3816 875 3879 tissimi
905 3815 1135 3879 doloris
1178 3822 1541 3898 symptoma
1577 3821 1838 3878 tantum
1872 3814 2165 3898 respicit3
2215 3836 2364 3877 cum
2403 3836 2538 3877 non
2576 3814 2680 3877 hic
2716 3814 2842 3877 loci

643 3918 841 3997 illam,
873 3938 1001 4001 qua
1032 3913 1241 3979 morbi
1283 3935 1513 3979 causae
1554 3916 1934 3995 occurritur,
1965 3916 2370 3979 tractandam
2413 3915 2484 3978 in
2528 3935 2634 3977 me
2665 3936 2842 3978 rece-

642 4021 869 4105 perim.

740 4123 943 4207 [22.]⁷
988 4122 1154 4185 Cum
1176 4141 1324 4185 vero
1352 4119 1459 4183 hic
1486 4118 1752 4183 morbus
1773 4124 1912 4183 tam
1933 4120 2005 4185 in
2024 4118 2619 4205 hypochondriacis,
2645 4140 2841 4202 quam

640 4225 994 4308 hystericis,
1032 4226 1209 4307 (nam
1246 4221 1608 4305 utrobique,
1631 4230 1708 4285 ut
1739 4223 1863 4286 alio
1892 4223 2032 4287 loco
2071 4224 2372 4307 [Dissert.
2393 4224 2601 4303 Epist.
2631 4224 2665 4306 ᾗ
2690 4222 2828 4306 59.]

640 4325 908 4405 dicetur,
952 4348 1069 4410 par
1112 4334 1209 4391 est
1253 4326 1463 4408 ratio,)
1514 4325 1882 4408 saepissime
1923 4326 1996 4389 in
2037 4327 2238 4389 ictero
2283 4326 2573 4389 desinere
2617 4323 2838 4404 soleat,

1017 4461 1040 4483 ⁷
1074 4454 1265 4502 Desunt
1288 4454 1341 4502 in
1361 4453 1438 4502 ed.
1466 4452 1546 4503 ’76
1573 4456 1624 4512 §5
1650 4456 1728 4511 22,
1754 4454 1835 4510 23,
1859 4462 2047 4516 praeter
2068 4457 2220 4516 Atque
2242 4457 2353 4501 haec
2375 4454 2452 4516 3⁶0.
