3138 5006
763 274 1366 345 DISSERTATIO
1409 272 2028 345 EPISTOLARIS.
2365 276 2498 349 363

286 434 617 505 tumlib'et·
641 434 903 523 ingenio
946 440 1335 523 caeterisque
1381 439 1584 504 animi
1633 434 1894 506 dotibus
1935 436 2168 521 valeat',
2207 436 2280 507 in
2327 441 2492 507 Arte
2518 460 2602 511 Da
2627 462 2796 512 vam-

287 562 437 607 vere
462 542 721 607 Medica
745 542 1054 627 proficiet,
1086 544 1199 625 qui
1235 563 1371 606 non
1398 550 1535 606 tam
1563 542 1637 607 in
1673 544 1928 608 occulta
1955 552 2022 609 et
2061 552 2356 610 tortuosa
2381 544 2492 610 illa
2516 528 2800 640 Οζὲζξξξ“

285 649 612 728 methodo,
666 670 791 731 qua
844 647 1103 711 Natura
1150 647 1409 711 morbos
1466 648 1633 731 parit
1681 646 1940 731 alitque,
1998 650 2064 733 (a
2119 672 2248 733 qua
2293 649 2488 715 etiam

286 750 637 814 eorundem
676 750 945 815 historia
977 746 1261 833 pendet‚)
1305 748 1691 831 indaganda,
1723 757 1914 833 atque
1943 751 2013 813 in
2054 752 2354 816 remediis
2399 754 2486 816 ei-

286 851 436 915 dem
466 851 866 935 adaptandis‚
890 872 1115 915 omncs
1142 851 1343 915 animi
1370 850 1533 917 vires
1560 850 1880 929 intendat,
1906 874 2099 935 quam
2121 853 2192 923 in
2221 855 2486 919 curiosis

286 963 351 1020 et
402 952 742 1039 παρέργοις
792 953 1333 1037 speculationibus
1382 952 1718 1017 cerebrum
1761 953 2010 1037 fatiget,
2058 954 2140 1019 ad
2187 956 2484 1021 homines

286 1058 456 1122 Orco
490 1056 846 1141 eripiendos
880 1055 1075 1140 (quod
1104 1050 1379 1139 spondet
1408 1056 1780 1139 Medicina,)
1815 1078 1900 1121 ne
1944 1057 2152 1121 hilum
2189 1057 2480 1124 facienti-

284 1160 427 1223 bus.
514 1158 701 1225 Quae
757 1158 1018 1242 quidem
1067 1157 1519 1241 praevaricatio
1566 1180 1702 1223 nou
1753 1160 1962 1225 solum
2012 1158 2086 1225 in
2132 1181 2328 1226 causa
2381 1170 2482 1227 est

285 1262 456 1346 quod
485 1282 691 1343 genus
712 1260 1071 1325 humanum
1092 1260 1443 1324 commodis
1470 1259 1598 1324 illis
1618 1267 1684 1324 et
1705 1261 2156 1327 emolumentis
2179 1264 2478 1346 privetur,

252 1348 257 1354 ’
284 1364 512 1447 quibus
540 1386 581 1427 a
606 1363 1027 1447 plurimorum
1068 1362 1330 1446 ingenio
1369 1362 1690 1445 animique
1733 1362 1992 1429 dotibus
2031 1365 2250 1447 augeri
2287 1375 2482 1450 potu-

284 1467 472 1545 isset3
518 1466 631 1530 sed
673 1466 871 1530 etiam
914 1465 1125 1529 effecit
1166 1466 1451 1544 tandem,
1486 1473 1564 1529 ut
1609 1486 1772 1548 quae
1803 1466 2058 1531 Medica
2101 1469 2477 1551 appellatur,
2509 1483 2652 1532 Unde
2672 1494 2745 1533 est
2857 1472 2868 1485 ’

282 1590 503 1633 revera
546 1567 1001 1633 confabulandi
1044 1567 1491 1650 garriendique
1535 1568 1752 1650 potius
1795 1568 1877 1633 sit
1919 1568 2067 1648 Ars,
2109 1590 2302 1653 quam
2343 1592 2486 1635 me·
2506 1549 2784 1611 q⁰⁰d⁹q⁰²⁰

2506 1614 2690 1661 Medica
2699 1630 2785 1677 ap-

282 1671 505 1735 dendi.
606 1671 823 1755 Atque
871 1692 948 1735 eo
999 1670 1262 1734 tandem
1316 1670 1663 1733 deventum
1713 1677 1832 1749 est,
1885 1671 2090 1754 aegris
2139 1672 2478 1737 vivendum
2501 1676 2727 1739 pellatur,

284 1773 763 1839 moriendumve
808 1774 910 1853 sit,
940 1780 1132 1857 prout
1173 1772 1588 1856 philosophus
1628 1773 1728 1836 vel
1761 1772 2182 1857 conjectando
2217 1793 2477 1859 scopum
2503 1742 2746 1869 ῗὲἓὲῗζῖἶ

286 1876 591 1959 attigerit,
629 1875 729 1939 vel
766 1876 846 1940 ab
891 1874 1118 1940 eodem
1161 1874 1547 1939 aberraverit
1568 1901 1589 1954 3
1635 1874 1804 1958 quod
1846 1875 1917 1938 in
1949 1875 2196 1943 lubrico
2229 1898 2479 1960 semper
2502 1870 2776 1981 ssssgnugim

284 1985 385 2045 est
430 1986 619 2061 atque
666 1978 953 2061 ancipiti,
978 1999 1128 2041 cum
1170 1978 1361 2061 primi
1402 1976 1513 2041 isti
1550 1976 2058 2061 speculationum
2101 1985 2477 2061 repertores,
2505 1998 2604 2045 Ars
2617 1998 2784 2047 evasit.

286 2102 419 2145 non
464 2080 679 2144 minus
710 2102 903 2163 quam
933 2101 1157 2145 eorum
1196 2079 1515 2163 mancipia
1558 2088 1626 2143 et
1665 2101 1914 2144 servum
1949 2101 2164 2164 pecus,
2193 2081 2275 2145 de
2303 2102 2482 2147 cere-

284 2184 487 2247 brosis
514 2183 653 2247 istis
693 2183 1069 2248 commentis
1110 2182 1283 2247 bello
1313 2182 1495 2266 quasi
1531 2182 1933 2247 interneciuo
1966 2182 2240 2247 invicem
2277 2183 2482 2268 digla-

286 2286 558 2364 dientur,
617 2292 908 2349 attamen
961 2306 1156 2349 nemo
1211 2283 1481 2349 fortasse
1538 2284 1830 2349 omnium
1887 2285 2094 2368 ipsam
2141 2286 2480 2351 veritatem

284 2396 671 2472 assequatur.
761 2388 1067 2453 Quamvis
1108 2387 1302 2465 enim,
1342 2387 1398 2450 si
1433 2393 1725 2475 mentem
1763 2386 1926 2451 serio
1969 2387 2478 2472 applicuerimus,
2506 2407 2724 2457 Natmu

286 2491 441 2576 quid
470 2491 549 2555 de
570 2491 741 2555 facto
769 2498 917 2574 agat
940 2492 1215 2569 Natura,
1246 2496 1314 2555 et
1344 2489 1576 2574 quibus
1603 2489 1674 2553 in
1714 2490 2081 2574 operatione
2111 2511 2230 2556 sua
2255 2497 2478 2557 utatur
2503 2473 2740 2536 operatio-

2499 2554 2587 2586 nes
2617 2538 2790 2601 depre-

284 2594 560 2677 organiS,
591 2594 1065 2678 deprehendere
1098 2594 1462 2671 valeamus3
1506 2592 1738 2656 modus
1781 2601 2004 2657 tamen
2034 2614 2161 2676 quo
2188 2594 2302 2658 illa
2328 2617 2476 2678 ope·
2501 2602 2778 2651 hendamus

283 2705 483 2775 ratur,
514 2697 817 2761 mortales
853 2696 991 2778 (aut
1030 2717 1151 2778 ego
1176 2694 1407 2778 fallor,)
1459 2715 1711 2778 semper
1747 2680 1996 2760 latebit.
2083 2695 2314 2780 Neque
2357 2697 2479 2761 hoc
2504 2667 2788 2794 ζῖἶέῃοὲὶω

284 2822 522 2866 mirum
552 2807 669 2879 est,
700 2821 847 2864 cum
875 2799 1067 2882 longe
1118 2799 1271 2882 (imo
1302 2820 1492 2882 supra
1518 2819 1780 2862 omnem
1822 2798 2180 2863 humanum
2221 2806 2481 2883 captum
2504 2809 2592 2922 ἓξὲξ
2605 2811 2788 2909 12:³33&

283 2903 529 2989 longe‚)
577 2902 941 2967 credibilius
992 2903 1077 2966 sit
1120 2923 1241 2966 nos
1286 2901 1565 2966 misellos
1607 2900 2090 2979 homunciones,
2124 2901 2204 2965 ab
2250 2902 2482 2966 illustri

283 3006 450 3071 vitae
477 3005 762 3089 lucisque
788 3005 1051 3086 regione
1080 3004 1431 3081 exulantes,
1453 3002 1836 3067 methodum
1867 3024 1996 3086 qua
2022 3002 2092 3066 in
2112 3002 2484 3068 fabricanda

284 3108 584 3172 machina
609 3129 764 3173 usus
808 3115 907 3171 est
940 3106 1461 3189 sapientissimus
1490 3106 1670 3170 Amr
1678 3125 1826 3183 rnx,
1857 3125 2081 3188 capere
2111 3105 2480 3169 nullatenus

284 3231 508 3294 posse3
554 3231 747 3293 quam
774 3209 1031 3274 fabrum
1057 3209 1415 3288 ferrarimn,
1444 3207 1674 3272 rudem
1701 3229 1960 3290 prorsus
1991 3213 2058 3272 et
2085 3207 2481 3291 imperitum,

280 3317 529 3380 nescire
553 3335 680 3396 quo
716 3317 905 3396 pacto
943 3311 1364 3376 concinnetur
1392 3317 1770 3375 automaton
1799 3309 2106 3376 horarum
2131 3311 2345 3390 index,
2369 3332 2478 3375 cu-

279 3417 385 3500 jus
428 3423 745 3480 structura
764 3422 847 3480 ‘et
876 3423 1093 3480 motus
1130 3413 1685 3498 exquisitissimam
1715 3412 1868 3477 artis
1899 3413 2286 3496 elegantiam
2325 3434 2480 3496 prae

280 3539 355 3586 se
382 3518 621 3584 ferunt.
713 3517 919 3581 Sicuti
946 3516 1027 3581 de
1054 3517 1225 3581 facto
1254 3522 1527 3594 constat,
1558 3513 1893 3579 cerebrum
1931 3515 2138 3580 omnis
2165 3523 2306 3580 tam
2334 3537 2476 3580 sen-
2505 3537 2748 3586 Instantis

278 3643 399 3686 sus
440 3643 635 3704 quam
677 3628 892 3684 motus
929 3619 1177 3684 fontem
1217 3639 1373 3698 esse,
1402 3625 1547 3682 tum
1587 3617 1782 3682 etiam
1811 3624 1876 3681 et
1912 3617 2374 3700 cogitationum
2414 3627 2480 3682 et
2505 3603 2556 3651 ⁵¹¹
2580 3604 2786 3654 ⁰⁰¹²¹³¹⁰⁰

285 3724 631 3788 memoriae
668 3723 1023 3799 officinam3
1070 3729 1137 3785 et
1173 3729 1397 3785 tamen
1432 3740 1569 3784 non
1597 3725 1696 3784 est
1725 3718 2023 3802 possibile
2053 3741 2093 3784 a
2128 3719 2482 3803 diligentis.

283 3825 451 3892 ‚sima
493 3826 627 3909 ejus
656 3825 1049 3907 inspectione
1094 3822 1710 3906 contemplationeve
1751 3828 2041 3885 mentem
2081 3843 2288 3904 usque
2323 3821 2482 3887 adeo

286 3927 655 4006 illuminari,
678 3935 752 3990 ut
780 3925 1138 4008 intelligere
1164 3925 1364 4008 possit
1384 3945 1508 4008 quo
1536 3930 1726 4007 pacto
1748 3923 2112 3987 substantia
2129 3923 2226 3987 ita
2253 3944 2480 4001 crassa,

286 4039 353 4096 et
385 4030 566 4114 quasi
591 4030 789 4113 pulpa
818 4027 1151 4112 quaedam,
1174 4048 1381 4111 neque
1408 4026 1616 4110 operis
1640 4026 1739 4110 (ut
1768 4025 2062 4108 videtum)
2089 4047 2294 4108 usque
2323 4025 2482 4090 adeo

282 4136 526 4200 affabre
570 4132 897 4209 elaborati,
928 4131 1073 4195 usui
1113 4131 1206 4196 ita
1232 4130 1433 4196 nobili
1478 4137 1545 4194 et
1578 4127 1994 4194 facultatibus
2037 4134 2175 4192 tam
2204 4127 2479 4212 praecel-

282 4238 571 4304 lentibus
615 4243 809 4320 queat
856 4236 1174 4313 sufficere;
1220 4255 1441 4318 neque,
1472 4232 1704 4297 exinde
1755 4233 2080 4314 assignare
2124 4230 2264 4312 quis
2311 4230 2482 4312 potis

289 4348 404 4419 est,
438 4363 565 4424 qua
592 4341 857 4417 ratione,
890 4359 967 4401 ex
1007 4347 1277 4402 naturae
1306 4337 1445 4420 ejus
1473 4336 1537 4399 vi
1565 4343 1632 4399 et
1662 4341 1986 4400 structura
2022 4332 2322 4416 partium,
2355 4332 2482 4395 sive

288 4443 447 4508 haec
476 4443 604 4508 sive
634 4444 837 4507 altera
862 4443 987 4506 ista
1011 4441 1283 4506 facultas
1312 4439 1667 4504 necessario
1689 4437 1884 4502 fuerit
1916 4435 2252 4501 exerenda.
