<?xml version="1.0" encoding="UTF-8"?>
<!DOCTYPE html PUBLIC "-//W3C//DTD XHTML 1.0 Transitional//EN"
    "http://www.w3.org/TR/xhtml1/DTD/xhtml1-transitional.dtd">
<html xmlns="http://www.w3.org/1999/xhtml" xml:lang="en" lang="en">
 <head>
  <title>
</title>
<meta http-equiv="Content-Type" content="text/html;charset=utf-8" />
  <meta name='ocr-system' content='tesseract 3.04.00' />
  <meta name='ocr-capabilities' content='ocr_page ocr_carea ocr_par ocr_line ocrx_word'/>
</head>
<body>
  <div class='ocr_page' id='page_1' title='image "./operaomnia00khgoog_0332.png"; bbox 0 0 3138 5006; ppageno 0'>
   <div class='ocr_carea' id='block_1_1' title="bbox 675 233 2427 301">
    <p class='ocr_par' dir='ltr' id='par_1_1' title="bbox 675 233 2427 301">
     <span class='ocr_line' id='line_1_1' title="bbox 675 233 2427 301; baseline -0.001 -2"><span class='ocrx_word' id='word_1_1' title='bbox 675 233 1122 301; x_wconf 84' lang='lat' dir='ltr'>EPISTOLA</span> <span class='ocrx_word' id='word_1_2' title='bbox 1165 235 1262 300; x_wconf 90' lang='lat'><strong>11.</strong></span> <span class='ocrx_word' id='word_1_3' title='bbox 1310 235 1969 301; x_wconf 81' lang='lat' dir='ltr'><strong>RESPONSORIA.</strong></span> <span class='ocrx_word' id='word_1_4' title='bbox 2296 237 2427 298; x_wconf 84' lang='lat'><strong>309</strong></span> 
     </span>
    </p>
   </div>
   <div class='ocr_carea' id='block_1_2' title="bbox 215 395 2731 3575">
    <p class='ocr_par' dir='ltr' id='par_1_2' title="bbox 223 395 2731 1720">
     <span class='ocr_line' id='line_1_2' title="bbox 227 395 2709 482; baseline 0.001 -20"><span class='ocrx_word' id='word_1_5' title='bbox 227 397 459 482; x_wconf 89' lang='lat' dir='ltr'><strong>quibus</strong></span> <span class='ocrx_word' id='word_1_6' title='bbox 489 398 862 462; x_wconf 83' lang='lat' dir='ltr'><strong>continetur</strong></span> <span class='ocrx_word' id='word_1_7' title='bbox 889 397 1230 462; x_wconf 88' lang='lat' dir='ltr'><strong>hominum</strong></span> <span class='ocrx_word' id='word_1_8' title='bbox 1258 398 1561 463; x_wconf 87' lang='lat' dir='ltr'><strong>societas:</strong></span> <span class='ocrx_word' id='word_1_9' title='bbox 1608 398 1735 462; x_wconf 89' lang='lat' dir='ltr'><strong>nisi</strong></span> <span class='ocrx_word' id='word_1_10' title='bbox 1758 397 1949 482; x_wconf 91' lang='lat' dir='ltr'><strong>quod,</strong></span> <span class='ocrx_word' id='word_1_11' title='bbox 1967 395 2425 480; x_wconf 78' lang='lat' dir='ltr'><strong>vegetabilium</strong></span> <span class='ocrx_word' id='word_1_12' title='bbox 2482 415 2567 462; x_wconf 72' lang='lat' dir='ltr'><strong>Dn</strong></span> <span class='ocrx_word' id='word_1_13' title='bbox 2592 414 2709 464; x_wconf 72' lang='lat' dir='ltr'><strong>Lon</strong></span> 
     </span>
     <span class='ocr_line' id='line_1_3' title="bbox 224 479 2729 585; baseline -0.002 -20"><span class='ocrx_word' id='word_1_14' title='bbox 224 503 448 581; x_wconf 87' lang='lat' dir='ltr'><strong>instar,</strong></span> <span class='ocrx_word' id='word_1_15' title='bbox 479 501 552 564; x_wconf 93' lang='lat' dir='ltr'><strong>in</strong></span> <span class='ocrx_word' id='word_1_16' title='bbox 590 501 875 565; x_wconf 87' lang='lat' dir='ltr'><strong>alienum</strong></span> <span class='ocrx_word' id='word_1_17' title='bbox 909 522 950 564; x_wconf 89' lang='lat' dir='ltr'><strong>a</strong></span> <span class='ocrx_word' id='word_1_18' title='bbox 980 500 1191 585; x_wconf 86' lang='lat' dir='ltr'><strong>patrio</strong></span> <span class='ocrx_word' id='word_1_19' title='bbox 1222 501 1432 564; x_wconf 89' lang='lat' dir='ltr'><strong>solum</strong></span> <span class='ocrx_word' id='word_1_20' title='bbox 1471 500 1655 584; x_wconf 90' lang='lat' dir='ltr'><strong>quasi</strong></span> <span class='ocrx_word' id='word_1_21' title='bbox 1690 500 2185 585; x_wconf 77' lang='lat' dir='ltr'><strong>transplantata,</strong></span> <span class='ocrx_word' id='word_1_22' title='bbox 2216 500 2423 563; x_wconf 88' lang='lat' dir='ltr'><strong>Euro-</strong></span> <span class='ocrx_word' id='word_1_23' title='bbox 2448 479 2729 560; x_wconf 34' lang='lat' dir='ltr'><strong>‘&#39;²⁸⁸3‘ss</strong></span> 
     </span>
     <span class='ocr_line' id='line_1_4' title="bbox 223 570 2710 696; baseline -0.001 -28"><span class='ocrx_word' id='word_1_24' title='bbox 223 626 382 689; x_wconf 78' lang='lat' dir='ltr'><strong>paeo</strong></span> <span class='ocrx_word' id='word_1_25' title='bbox 411 610 633 669; x_wconf 87' lang='lat' dir='ltr'><strong>nostro</strong></span> <span class='ocrx_word' id='word_1_26' title='bbox 661 626 796 668; x_wconf 89' lang='lat' dir='ltr'><strong>nou</strong></span> <span class='ocrx_word' id='word_1_27' title='bbox 833 603 1100 688; x_wconf 82' lang='lat' dir='ltr'><strong>perinde</strong></span> <span class='ocrx_word' id='word_1_28' title='bbox 1128 604 1427 685; x_wconf 90' lang='lat' dir='ltr'><strong>laetatur,</strong></span> <span class='ocrx_word' id='word_1_29' title='bbox 1459 604 1571 668; x_wconf 91' lang='lat' dir='ltr'><strong>sed</strong></span> <span class='ocrx_word' id='word_1_30' title='bbox 1600 605 1868 687; x_wconf 91' lang='lat' dir='ltr'><strong>languet</strong></span> <span class='ocrx_word' id='word_1_31' title='bbox 1896 603 2124 683; x_wconf 89' lang='lat' dir='ltr'><strong>indies,</strong></span> <span class='ocrx_word' id='word_1_32' title='bbox 2142 609 2221 666; x_wconf 89' lang='lat' dir='ltr'><strong>·et</strong></span> <span class='ocrx_word' id='word_1_33' title='bbox 2249 603 2422 666; x_wconf 88' lang='lat' dir='ltr'><strong>miti·</strong></span> <span class='ocrx_word' id='word_1_34' title='bbox 2446 584 2579 696; x_wconf 58' lang='grc' dir='ltr'><strong>ἓξὲξ</strong></span> <span class='ocrx_word' id='word_1_35' title='bbox 2586 570 2710 683; x_wconf 46' lang='lat'><strong>12¹¹*</strong></span> 
     </span>
     <span class='ocr_line' id='line_1_5' title="bbox 225 699 2563 792; baseline -0.002 -20"><span class='ocrx_word' id='word_1_36' title='bbox 225 707 442 773; x_wconf 86' lang='lat' dir='ltr'><strong>oribus</strong></span> <span class='ocrx_word' id='word_1_37' title='bbox 483 707 946 792; x_wconf 81' lang='lat' dir='ltr'><strong>phaenomenis</strong></span> <span class='ocrx_word' id='word_1_38' title='bbox 988 707 1248 772; x_wconf 80' lang='lat' dir='ltr'><strong>fatiscit.</strong></span> <span class='ocrx_word' id='word_1_39' title='bbox 1335 707 1564 773; x_wconf 90' lang='lat' dir='ltr'><strong>Novus</strong></span> <span class='ocrx_word' id='word_1_40' title='bbox 1600 707 1787 791; x_wconf 72' lang='lat' dir='ltr'><strong>&#39;apud</strong></span> <span class='ocrx_word' id='word_1_41' title='bbox 1832 727 1950 770; x_wconf 88' lang='lat' dir='ltr'><strong>nos</strong></span> <span class='ocrx_word' id='word_1_42' title='bbox 1994 705 2225 790; x_wconf 83' lang='lat' dir='ltr'><strong>hospes</strong></span> <span class='ocrx_word' id='word_1_43' title='bbox 2272 726 2424 768; x_wconf 89' lang='lat' dir='ltr'><strong>cum</strong></span> <span class='ocrx_word' id='word_1_44' title='bbox 2448 699 2563 748; x_wconf 66' lang='lat'><strong>‘¹1⁶⁸-</strong></span> 
     </span>
     <span class='ocr_line' id='line_1_6' title="bbox 225 809 2423 894; baseline -0 -21"><span class='ocrx_word' id='word_1_45' title='bbox 225 817 410 890; x_wconf 88' lang='lat' dir='ltr'><strong>esset,</strong></span> <span class='ocrx_word' id='word_1_46' title='bbox 435 810 490 874; x_wconf 92' lang='lat' dir='ltr'><strong>si</strong></span> <span class='ocrx_word' id='word_1_47' title='bbox 519 831 712 894; x_wconf 92' lang='lat' dir='ltr'><strong>quem</strong></span> <span class='ocrx_word' id='word_1_48' title='bbox 741 809 1124 894; x_wconf 79' lang='lat' dir='ltr'><strong>arripuerat,</strong></span> <span class='ocrx_word' id='word_1_49' title='bbox 1142 831 1294 875; x_wconf 85' lang='lat' dir='ltr'><strong>mox</strong></span> <span class='ocrx_word' id='word_1_50' title='bbox 1319 813 1581 875; x_wconf 90' lang='lat' dir='ltr'><strong>omnem</strong></span> <span class='ocrx_word' id='word_1_51' title='bbox 1612 810 1943 893; x_wconf 83' lang='lat' dir='ltr'><strong>sanguinis</strong></span> <span class='ocrx_word' id='word_1_52' title='bbox 1964 831 2242 874; x_wconf 82' lang='lat' dir='ltr'><strong>massam</strong></span> <span class='ocrx_word' id='word_1_53' title='bbox 2271 830 2423 874; x_wconf 91' lang='lat' dir='ltr'><strong>con-</strong></span> 
     </span>
     <span class='ocr_line' id='line_1_7' title="bbox 224 911 2424 997; baseline -0 -21"><span class='ocrx_word' id='word_1_54' title='bbox 224 911 602 992; x_wconf 88' lang='lat' dir='ltr'><strong>taminabat,</strong></span> <span class='ocrx_word' id='word_1_55' title='bbox 622 919 688 976; x_wconf 91' lang='lat' dir='ltr'><strong>et</strong></span> <span class='ocrx_word' id='word_1_56' title='bbox 719 912 875 976; x_wconf 87' lang='lat' dir='ltr'><strong>diris</strong></span> <span class='ocrx_word' id='word_1_57' title='bbox 905 913 1130 997; x_wconf 90' lang='lat' dir='ltr'><strong>capitis</strong></span> <span class='ocrx_word' id='word_1_58' title='bbox 1160 919 1354 997; x_wconf 90' lang='lat' dir='ltr'><strong>atque</strong></span> <span class='ocrx_word' id='word_1_59' title='bbox 1383 922 1647 978; x_wconf 88' lang='lat' dir='ltr'><strong>artuum</strong></span> <span class='ocrx_word' id='word_1_60' title='bbox 1675 911 2021 993; x_wconf 88' lang='lat' dir='ltr'><strong>doloribus,</strong></span> <span class='ocrx_word' id='word_1_61' title='bbox 2052 919 2197 976; x_wconf 90' lang='lat' dir='ltr'><strong>tum</strong></span> <span class='ocrx_word' id='word_1_62' title='bbox 2226 912 2424 976; x_wconf 87' lang='lat' dir='ltr'><strong>etiam</strong></span> 
     </span>
     <span class='ocr_line' id='line_1_8' title="bbox 225 1014 2665 1101; baseline -0.001 -23"><span class='ocrx_word' id='word_1_63' title='bbox 225 1014 544 1078; x_wconf 84' lang='lat' dir='ltr'><strong>ulceribus</strong></span> <span class='ocrx_word' id='word_1_64' title='bbox 589 1014 780 1078; x_wconf 87' lang='lat' dir='ltr'><strong>variis</strong></span> <span class='ocrx_word' id='word_1_65' title='bbox 823 1015 896 1078; x_wconf 93' lang='lat' dir='ltr'><strong>in</strong></span> <span class='ocrx_word' id='word_1_66' title='bbox 940 1014 1252 1099; x_wconf 88' lang='lat' dir='ltr'><strong>partibus,</strong></span> <span class='ocrx_word' id='word_1_67' title='bbox 1299 1038 1368 1080; x_wconf 89' lang='lat' dir='ltr'><strong>se</strong></span> <span class='ocrx_word' id='word_1_68' title='bbox 1409 1015 1741 1101; x_wconf 85' lang='lat' dir='ltr'><strong>prodebat.</strong></span> <span class='ocrx_word' id='word_1_69' title='bbox 1830 1016 1925 1079; x_wconf 89' lang='lat' dir='ltr'><strong>At</strong></span> <span class='ocrx_word' id='word_1_70' title='bbox 1965 1035 2116 1078; x_wconf 88' lang='lat' dir='ltr'><strong>vero</strong></span> <span class='ocrx_word' id='word_1_71' title='bbox 2159 1020 2424 1078; x_wconf 87' lang='lat' dir='ltr'><strong>centum</strong></span> <span class='ocrx_word' id='word_1_72' title='bbox 2452 1026 2665 1076; x_wconf 81' lang='lat' dir='ltr'><strong>Centum</strong></span> 
     </span>
     <span class='ocr_line' id='line_1_9' title="bbox 225 1094 2731 1206; baseline -0.002 -24"><span class='ocrx_word' id='word_1_73' title='bbox 225 1125 397 1182; x_wconf 88' lang='lat' dir='ltr'><strong>retro</strong></span> <span class='ocrx_word' id='word_1_74' title='bbox 437 1118 624 1182; x_wconf 86' lang='lat' dir='ltr'><strong>annis</strong></span> <span class='ocrx_word' id='word_1_75' title='bbox 666 1119 1121 1184; x_wconf 87' lang='lat' dir='ltr'><strong>Gonorrhoeae</strong></span> <span class='ocrx_word' id='word_1_76' title='bbox 1159 1113 1518 1183; x_wconf 81' lang='lat' dir='ltr'><strong>virulentae</strong></span> <span class='ocrx_word' id='word_1_77' title='bbox 1555 1117 1764 1202; x_wconf 85' lang='lat' dir='ltr'><strong>specie</strong></span> <span class='ocrx_word' id='word_1_78' title='bbox 1794 1137 1861 1180; x_wconf 91' lang='lat' dir='ltr'><strong>se</strong></span> <span class='ocrx_word' id='word_1_79' title='bbox 1888 1115 2173 1200; x_wconf 89' lang='lat' dir='ltr'><strong>primum</strong></span> <span class='ocrx_word' id='word_1_80' title='bbox 2208 1122 2422 1179; x_wconf 89' lang='lat' dir='ltr'><strong>osten·</strong></span> <span class='ocrx_word' id='word_1_81' title='bbox 2448 1094 2731 1206; x_wconf 55' lang='grc' dir='ltr'><strong>ἓξξοζῗώ</strong></span> 
     </span>
     <span class='ocr_line' id='line_1_10' title="bbox 227 1219 2715 1305; baseline -0.001 -21"><span class='ocrx_word' id='word_1_82' title='bbox 227 1219 438 1301; x_wconf 89' lang='lat' dir='ltr'><strong>debat,</strong></span> <span class='ocrx_word' id='word_1_83' title='bbox 485 1221 896 1305; x_wconf 84' lang='lat' dir='ltr'><strong>ostenditque</strong></span> <span class='ocrx_word' id='word_1_84' title='bbox 942 1221 1172 1300; x_wconf 84' lang='lat' dir='ltr'><strong>adhuc,</strong></span> <span class='ocrx_word' id='word_1_85' title='bbox 1218 1222 1340 1286; x_wconf 90' lang='lat' dir='ltr'><strong>hac</strong></span> <span class='ocrx_word' id='word_1_86' title='bbox 1384 1220 1508 1286; x_wconf 90' lang='lat' dir='ltr'><strong>sibi</strong></span> <span class='ocrx_word' id='word_1_87' title='bbox 1547 1228 1738 1305; x_wconf 89' lang='lat' dir='ltr'><strong>porta</strong></span> <span class='ocrx_word' id='word_1_88' title='bbox 1780 1219 2027 1284; x_wconf 81' lang='lat' dir='ltr'><strong>exitum</strong></span> <span class='ocrx_word' id='word_1_89' title='bbox 2072 1221 2619 1302; x_wconf 74' lang='lat' dir='ltr'><strong>quaerens31h0e⁸e</strong></span> <span class='ocrx_word' id='word_1_90' title='bbox 2640 1223 2715 1271; x_wconf 80' lang='lat' dir='ltr'><strong>vi-</strong></span> 
     </span>
     <span class='ocr_line' id='line_1_11' title="bbox 225 1285 2681 1412; baseline -0.002 -24"><span class='ocrx_word' id='word_1_91' title='bbox 225 1326 404 1389; x_wconf 89' lang='lat' dir='ltr'><strong>nullo</strong></span> <span class='ocrx_word' id='word_1_92' title='bbox 433 1325 558 1389; x_wconf 87' lang='lat' dir='ltr'><strong>alio</strong></span> <span class='ocrx_word' id='word_1_93' title='bbox 602 1325 946 1389; x_wconf 87' lang='lat' dir='ltr'><strong>manifesto</strong></span> <span class='ocrx_word' id='word_1_94' title='bbox 985 1331 1434 1409; x_wconf 85' lang='lat' dir='ltr'><strong>symptomate,</strong></span> <span class='ocrx_word' id='word_1_95' title='bbox 1466 1325 1597 1388; x_wconf 89' lang='lat' dir='ltr'><strong>nisi</strong></span> <span class='ocrx_word' id='word_1_96' title='bbox 1631 1322 1804 1407; x_wconf 92' lang='lat' dir='ltr'><strong>quod</strong></span> <span class='ocrx_word' id='word_1_97' title='bbox 1835 1323 1908 1386; x_wconf 94' lang='lat' dir='ltr'><strong>in</strong></span> <span class='ocrx_word' id='word_1_98' title='bbox 1944 1321 2279 1406; x_wconf 82' lang='lat' dir='ltr'><strong>perpaucis</strong></span> <span class='ocrx_word' id='word_1_99' title='bbox 2322 1321 2422 1384; x_wconf 89' lang='lat' dir='ltr'><strong>ul·</strong></span> <span class='ocrx_word' id='word_1_100' title='bbox 2447 1285 2681 1412; x_wconf 43' lang='grc' dir='ltr'><strong>ἓξὲξ,</strong></span> 
     </span>
     <span class='ocr_line' id='line_1_12' title="bbox 226 1423 2671 1529; baseline -0.001 -39"><span class='ocrx_word' id='word_1_101' title='bbox 226 1428 558 1491; x_wconf 87' lang='lat' dir='ltr'><strong>cusculum</strong></span> <span class='ocrx_word' id='word_1_102' title='bbox 600 1427 673 1490; x_wconf 89' lang='lat' dir='ltr'><strong>in</strong></span> <span class='ocrx_word' id='word_1_103' title='bbox 713 1426 1018 1510; x_wconf 91' lang='lat' dir='ltr'><strong>pudendo</strong></span> <span class='ocrx_word' id='word_1_104' title='bbox 1063 1428 1275 1512; x_wconf 89' lang='lat' dir='ltr'><strong>(vulgo</strong></span> <span class='ocrx_word' id='word_1_105' title='bbox 1318 1449 1358 1492; x_wconf 88' lang='lat' dir='ltr'><strong>a</strong></span> <span class='ocrx_word' id='word_1_106' title='bbox 1399 1428 1724 1510; x_wconf 58' lang='lat' dir='ltr'><strong>Shanken)</strong></span> <span class='ocrx_word' id='word_1_107' title='bbox 1749 1427 2035 1511; x_wconf 90' lang='lat' dir='ltr'><strong>primum</strong></span> <span class='ocrx_word' id='word_1_108' title='bbox 2076 1423 2287 1488; x_wconf 89' lang='lat' dir='ltr'><strong>morbi</strong></span> <span class='ocrx_word' id='word_1_109' title='bbox 2325 1431 2424 1488; x_wconf 89' lang='lat' dir='ltr'><strong>est</strong></span> <span class='ocrx_word' id='word_1_110' title='bbox 2448 1430 2671 1529; x_wconf 43' lang='grc' dir='ltr'><strong>ἓξὲξ</strong></span> 
     </span>
     <span class='ocr_line' id='line_1_13' title="bbox 225 1528 2547 1615; baseline 0 -22"><span class='ocrx_word' id='word_1_111' title='bbox 225 1529 572 1610; x_wconf 71' lang='lat' dir='ltr'><strong>indicium,</strong></span> <span class='ocrx_word' id='word_1_112' title='bbox 635 1531 820 1615; x_wconf 88' lang='lat' dir='ltr'><strong>cujus</strong></span> <span class='ocrx_word' id='word_1_113' title='bbox 859 1531 1054 1611; x_wconf 87' lang='lat' dir='ltr'><strong>virus,</strong></span> <span class='ocrx_word' id='word_1_114' title='bbox 1085 1552 1236 1595; x_wconf 90' lang='lat' dir='ltr'><strong>cum</strong></span> <span class='ocrx_word' id='word_1_115' title='bbox 1257 1539 1264 1545; x_wconf 85' lang='grc'><em>’</em></span> <span class='ocrx_word' id='word_1_116' title='bbox 1271 1553 1388 1615; x_wconf 92' lang='lat' dir='ltr'><strong>per</strong></span> <span class='ocrx_word' id='word_1_117' title='bbox 1418 1532 1906 1596; x_wconf 89' lang='lat' dir='ltr'><strong>Gouorrhoeam</strong></span> <span class='ocrx_word' id='word_1_118' title='bbox 1942 1551 2078 1594; x_wconf 91' lang='lat' dir='ltr'><strong>non</strong></span> <span class='ocrx_word' id='word_1_119' title='bbox 2106 1528 2419 1614; x_wconf 83' lang='lat' dir='ltr'><strong>ejiciatur,</strong></span> <span class='ocrx_word' id='word_1_120' title='bbox 2448 1544 2547 1594; x_wconf 73' lang='lat' dir='ltr'><strong>bat.</strong></span> 
     </span>
     <span class='ocr_line' id='line_1_14' title="bbox 227 1634 1983 1720; baseline 0.001 -23"><span class='ocrx_word' id='word_1_121' title='bbox 227 1634 558 1717; x_wconf 84' lang='lat' dir='ltr'><strong>sanguinis</strong></span> <span class='ocrx_word' id='word_1_122' title='bbox 585 1656 866 1698; x_wconf 83' lang='lat' dir='ltr'><strong>massam</strong></span> <span class='ocrx_word' id='word_1_123' title='bbox 895 1635 1068 1699; x_wconf 89' lang='lat' dir='ltr'><strong>dicto</strong></span> <span class='ocrx_word' id='word_1_124' title='bbox 1097 1635 1286 1700; x_wconf 88' lang='lat' dir='ltr'><strong>citius</strong></span> <span class='ocrx_word' id='word_1_125' title='bbox 1315 1636 1603 1720; x_wconf 80' lang='lat' dir='ltr'><strong>pervadit</strong></span> <span class='ocrx_word' id='word_1_126' title='bbox 1632 1635 1983 1718; x_wconf 83' lang='lat' dir='ltr'><strong>inficitque.</strong></span> 
     </span>
    </p>

    <p class='ocr_par' dir='ltr' id='par_1_3' title="bbox 215 1735 2717 3575">
     <span class='ocr_line' id='line_1_15' title="bbox 324 1735 2713 1825; baseline -0 -26"><span class='ocrx_word' id='word_1_127' title='bbox 324 1735 446 1819; x_wconf 85' lang='lat'><strong>[7.]</strong></span> <span class='ocrx_word' id='word_1_128' title='bbox 499 1735 900 1819; x_wconf 87' lang='lat' dir='ltr'><strong>Propagatur</strong></span> <span class='ocrx_word' id='word_1_129' title='bbox 939 1744 1156 1801; x_wconf 78' lang='lat' dir='ltr'><strong>autem</strong></span> <span class='ocrx_word' id='word_1_130' title='bbox 1185 1738 1493 1801; x_wconf 88' lang='lat' dir='ltr'><strong>-Venerea</strong></span> <span class='ocrx_word' id='word_1_131' title='bbox 1531 1737 1688 1801; x_wconf 88' lang='lat' dir='ltr'><strong>haec</strong></span> <span class='ocrx_word' id='word_1_132' title='bbox 1730 1737 1903 1801; x_wconf 91' lang='lat' dir='ltr'><strong>Lues</strong></span> <span class='ocrx_word' id='word_1_133' title='bbox 1940 1736 2041 1800; x_wconf 91' lang='lat' dir='ltr'><strong>vel</strong></span> <span class='ocrx_word' id='word_1_134' title='bbox 2078 1756 2194 1820; x_wconf 83' lang='lat' dir='ltr'><strong>per</strong></span> <span class='ocrx_word' id='word_1_135' title='bbox 2233 1755 2423 1818; x_wconf 88' lang='lat' dir='ltr'><strong>gene·</strong></span> <span class='ocrx_word' id='word_1_136' title='bbox 2450 1746 2589 1825; x_wconf 65' lang='lat' dir='ltr'><strong>Quot</strong></span> <span class='ocrx_word' id='word_1_137' title='bbox 2607 1764 2713 1798; x_wconf 83' lang='lat' dir='ltr'><strong>mo-</strong></span> 
     </span>
     <span class='ocr_line' id='line_1_16' title="bbox 227 1812 2717 1940; baseline 0 -39"><span class='ocrx_word' id='word_1_138' title='bbox 227 1838 566 1918; x_wconf 87' lang='lat' dir='ltr'><strong>ratiouem,</strong></span> <span class='ocrx_word' id='word_1_139' title='bbox 595 1838 769 1902; x_wconf 91' lang='lat' dir='ltr'><strong>unde</strong></span> <span class='ocrx_word' id='word_1_140' title='bbox 796 1840 1083 1903; x_wconf 86' lang='lat' dir='ltr'><strong>misellus</strong></span> <span class='ocrx_word' id='word_1_141' title='bbox 1112 1840 1326 1904; x_wconf 86' lang='lat' dir='ltr'><strong>infans</strong></span> <span class='ocrx_word' id='word_1_142' title='bbox 1366 1841 1447 1906; x_wconf 89' lang='lat' dir='ltr'><strong>ab</strong></span> <span class='ocrx_word' id='word_1_143' title='bbox 1477 1841 1817 1924; x_wconf 90' lang='lat' dir='ltr'><strong>inquinato</strong></span> <span class='ocrx_word' id='word_1_144' title='bbox 1848 1845 2191 1924; x_wconf 83' lang='lat' dir='ltr'><strong>parentum</strong></span> <span class='ocrx_word' id='word_1_145' title='bbox 2221 1838 2424 1902; x_wconf 90' lang='lat' dir='ltr'><strong>altero</strong></span> <span class='ocrx_word' id='word_1_146' title='bbox 2446 1812 2717 1940; x_wconf 47' lang='grc' dir='ltr'><strong>ἐζῇξῐῗομ·</strong></span> 
     </span>
     <span class='ocr_line' id='line_1_17' title="bbox 226 1941 2423 2028; baseline 0.001 -25"><span class='ocrx_word' id='word_1_147' title='bbox 226 1941 400 2004; x_wconf 87' lang='lat' dir='ltr'><strong>mala</strong></span> <span class='ocrx_word' id='word_1_148' title='bbox 442 1941 620 2006; x_wconf 91' lang='lat' dir='ltr'><strong>ducit</strong></span> <span class='ocrx_word' id='word_1_149' title='bbox 659 1942 939 2006; x_wconf 88' lang='lat' dir='ltr'><strong>stamina</strong></span> <span class='ocrx_word' id='word_1_150' title='bbox 975 1942 1181 2022; x_wconf 81' lang='lat' dir='ltr'><strong>vitae3</strong></span> <span class='ocrx_word' id='word_1_151' title='bbox 1225 1943 1327 2007; x_wconf 91' lang='lat' dir='ltr'><strong>vel</strong></span> <span class='ocrx_word' id='word_1_152' title='bbox 1377 1965 1492 2028; x_wconf 89' lang='lat' dir='ltr'><strong>per</strong></span> <span class='ocrx_word' id='word_1_153' title='bbox 1535 1949 1909 2008; x_wconf 86' lang='lat' dir='ltr'><strong>contactum</strong></span> <span class='ocrx_word' id='word_1_154' title='bbox 1952 1941 2261 2007; x_wconf 86' lang='lat' dir='ltr'><strong>mollioris</strong></span> <span class='ocrx_word' id='word_1_155' title='bbox 2309 1941 2423 2005; x_wconf 87' lang='lat' dir='ltr'><strong>ali-</strong></span> 
     </span>
     <span class='ocr_line' id='line_1_18' title="bbox 227 2044 2423 2131; baseline 0 -24"><span class='ocrx_word' id='word_1_156' title='bbox 227 2044 410 2129; x_wconf 84' lang='lat' dir='ltr'><strong>cujus</strong></span> <span class='ocrx_word' id='word_1_157' title='bbox 437 2046 660 2128; x_wconf 90' lang='lat' dir='ltr'><strong>partis,</strong></span> <span class='ocrx_word' id='word_1_158' title='bbox 693 2067 821 2129; x_wconf 92' lang='lat' dir='ltr'><strong>quo</strong></span> <span class='ocrx_word' id='word_1_159' title='bbox 849 2047 1193 2111; x_wconf 85' lang='lat' dir='ltr'><strong>virulentia</strong></span> <span class='ocrx_word' id='word_1_160' title='bbox 1221 2054 1415 2131; x_wconf 89' lang='lat' dir='ltr'><strong>atque</strong></span> <span class='ocrx_word' id='word_1_161' title='bbox 1449 2047 1875 2111; x_wconf 87' lang='lat' dir='ltr'><strong>inflammatio</strong></span> <span class='ocrx_word' id='word_1_162' title='bbox 1896 2045 2146 2130; x_wconf 89' lang='lat' dir='ltr'><strong>corpori</strong></span> <span class='ocrx_word' id='word_1_163' title='bbox 2175 2044 2423 2108; x_wconf 88' lang='lat' dir='ltr'><strong>insinu-</strong></span> 
     </span>
     <span class='ocr_line' id='line_1_19' title="bbox 228 2147 2423 2228; baseline 0.001 -18"><span class='ocrx_word' id='word_1_164' title='bbox 228 2155 442 2227; x_wconf 81' lang='lat' dir='ltr'><strong>antur,</strong></span> <span class='ocrx_word' id='word_1_165' title='bbox 473 2168 554 2212; x_wconf 85' lang='lat' dir='ltr'><strong>ex</strong></span> <span class='ocrx_word' id='word_1_166' title='bbox 582 2148 1020 2212; x_wconf 83' lang='lat' dir='ltr'><strong>occasionibus</strong></span> <span class='ocrx_word' id='word_1_167' title='bbox 1047 2149 1172 2214; x_wconf 89' lang='lat' dir='ltr'><strong>hoc</strong></span> <span class='ocrx_word' id='word_1_168' title='bbox 1205 2149 1278 2213; x_wconf 91' lang='lat' dir='ltr'><strong>in</strong></span> <span class='ocrx_word' id='word_1_169' title='bbox 1306 2150 1447 2214; x_wconf 89' lang='lat' dir='ltr'><strong>loco</strong></span> <span class='ocrx_word' id='word_1_170' title='bbox 1476 2149 1785 2214; x_wconf 88' lang='lat' dir='ltr'><strong>dicendis.</strong></span> <span class='ocrx_word' id='word_1_171' title='bbox 1852 2148 2092 2228; x_wconf 90' lang='lat' dir='ltr'><strong>Primo,</strong></span> <span class='ocrx_word' id='word_1_172' title='bbox 2122 2147 2195 2210; x_wconf 89' lang='lat' dir='ltr'><strong>in</strong></span> <span class='ocrx_word' id='word_1_173' title='bbox 2224 2147 2423 2212; x_wconf 79' lang='lat' dir='ltr'><strong>lacta-</strong></span> 
     </span>
     <span class='ocr_line' id='line_1_20' title="bbox 226 2249 2421 2336; baseline 0 -23"><span class='ocrx_word' id='word_1_174' title='bbox 226 2250 422 2329; x_wconf 87' lang='lat' dir='ltr'><strong>tione,</strong></span> <span class='ocrx_word' id='word_1_175' title='bbox 446 2250 623 2315; x_wconf 90' lang='lat' dir='ltr'><strong>verbi</strong></span> <span class='ocrx_word' id='word_1_176' title='bbox 647 2251 872 2334; x_wconf 85' lang='lat' dir='ltr'><strong>gratia,</strong></span> <span class='ocrx_word' id='word_1_177' title='bbox 894 2252 997 2316; x_wconf 91' lang='lat' dir='ltr'><strong>vel</strong></span> <span class='ocrx_word' id='word_1_178' title='bbox 1022 2251 1240 2316; x_wconf 86' lang='lat' dir='ltr'><strong>infans</strong></span> <span class='ocrx_word' id='word_1_179' title='bbox 1259 2253 1582 2318; x_wconf 88' lang='lat' dir='ltr'><strong>nutricem</strong></span> <span class='ocrx_word' id='word_1_180' title='bbox 1607 2273 1725 2336; x_wconf 89' lang='lat' dir='ltr'><strong>per</strong></span> <span class='ocrx_word' id='word_1_181' title='bbox 1745 2252 2017 2317; x_wconf 84' lang='lat' dir='ltr'><strong>rariores</strong></span> <span class='ocrx_word' id='word_1_182' title='bbox 2038 2249 2421 2314; x_wconf 89' lang='lat' dir='ltr'><strong>mammilla-</strong></span> 
     </span>
     <span class='ocr_line' id='line_1_21' title="bbox 223 2354 2423 2440; baseline -0 -23"><span class='ocrx_word' id='word_1_183' title='bbox 223 2375 372 2416; x_wconf 86' lang='lat' dir='ltr'><strong>rum</strong></span> <span class='ocrx_word' id='word_1_184' title='bbox 414 2375 622 2436; x_wconf 88' lang='lat' dir='ltr'><strong>poros,</strong></span> <span class='ocrx_word' id='word_1_185' title='bbox 653 2354 754 2418; x_wconf 92' lang='lat' dir='ltr'><strong>vel</strong></span> <span class='ocrx_word' id='word_1_186' title='bbox 796 2355 1018 2418; x_wconf 83' lang='lat' dir='ltr'><strong>nutrix</strong></span> <span class='ocrx_word' id='word_1_187' title='bbox 1051 2355 1371 2420; x_wconf 83' lang='lat' dir='ltr'><strong>infantem</strong></span> <span class='ocrx_word' id='word_1_188' title='bbox 1407 2378 1524 2440; x_wconf 89' lang='lat' dir='ltr'><strong>per</strong></span> <span class='ocrx_word' id='word_1_189' title='bbox 1566 2379 1637 2421; x_wconf 90' lang='lat' dir='ltr'><strong>os</strong></span> <span class='ocrx_word' id='word_1_190' title='bbox 1680 2363 1979 2420; x_wconf 86' lang='lat' dir='ltr'><strong>tenerum</strong></span> <span class='ocrx_word' id='word_1_191' title='bbox 2020 2354 2280 2419; x_wconf 89' lang='lat' dir='ltr'><strong>inficere</strong></span> <span class='ocrx_word' id='word_1_192' title='bbox 2308 2374 2423 2437; x_wconf 93' lang='lat' dir='ltr'><strong>po-</strong></span> 
     </span>
     <span class='ocr_line' id='line_1_22' title="bbox 224 2455 2423 2544; baseline -0 -23"><span class='ocrx_word' id='word_1_193' title='bbox 224 2463 374 2523; x_wconf 92' lang='lat' dir='ltr'><strong>test.</strong></span> <span class='ocrx_word' id='word_1_194' title='bbox 467 2456 785 2537; x_wconf 86' lang='lat' dir='ltr'><strong>Secundo,</strong></span> <span class='ocrx_word' id='word_1_195' title='bbox 833 2457 1116 2523; x_wconf 86' lang='lat' dir='ltr'><strong>infantes</strong></span> <span class='ocrx_word' id='word_1_196' title='bbox 1167 2459 1222 2523; x_wconf 86' lang='lat' dir='ltr'><strong>si</strong></span> <span class='ocrx_word' id='word_1_197' title='bbox 1263 2459 1424 2525; x_wconf 89' lang='lat' dir='ltr'><strong>nudi</strong></span> <span class='ocrx_word' id='word_1_198' title='bbox 1472 2482 1622 2526; x_wconf 91' lang='lat' dir='ltr'><strong>cum</strong></span> <span class='ocrx_word' id='word_1_199' title='bbox 1672 2457 2027 2544; x_wconf 91' lang='lat' dir='ltr'><strong>inquinatis</strong></span> <span class='ocrx_word' id='word_1_200' title='bbox 2078 2457 2155 2523; x_wconf 94' lang='lat' dir='ltr'><strong>in</strong></span> <span class='ocrx_word' id='word_1_201' title='bbox 2196 2455 2423 2522; x_wconf 91' lang='lat' dir='ltr'><strong>eodem</strong></span> 
     </span>
     <span class='ocr_line' id='line_1_23' title="bbox 222 2560 2423 2648; baseline 0 -23"><span class='ocrx_word' id='word_1_202' title='bbox 222 2561 393 2626; x_wconf 88' lang='lat' dir='ltr'><strong>lecto</strong></span> <span class='ocrx_word' id='word_1_203' title='bbox 432 2560 792 2626; x_wconf 88' lang='lat' dir='ltr'><strong>dormiant:</strong></span> <span class='ocrx_word' id='word_1_204' title='bbox 837 2561 989 2626; x_wconf 92' lang='lat' dir='ltr'><strong>licet</strong></span> <span class='ocrx_word' id='word_1_205' title='bbox 1025 2562 1201 2626; x_wconf 91' lang='lat' dir='ltr'><strong>enim</strong></span> <span class='ocrx_word' id='word_1_206' title='bbox 1241 2562 1465 2643; x_wconf 87' lang='lat' dir='ltr'><strong>adulti,</strong></span> <span class='ocrx_word' id='word_1_207' title='bbox 1508 2585 1782 2648; x_wconf 90' lang='lat' dir='ltr'><strong>quorum</strong></span> <span class='ocrx_word' id='word_1_208' title='bbox 1822 2584 1971 2627; x_wconf 86' lang='lat' dir='ltr'><strong>caro</strong></span> <span class='ocrx_word' id='word_1_209' title='bbox 2002 2563 2141 2645; x_wconf 87' lang='lat' dir='ltr'><strong>jam</strong></span> <span class='ocrx_word' id='word_1_210' title='bbox 2179 2560 2423 2625; x_wconf 87' lang='lat' dir='ltr'><strong>firmior</strong></span> 
     </span>
     <span class='ocr_line' id='line_1_24' title="bbox 223 2662 2422 2750; baseline -0 -23"><span class='ocrx_word' id='word_1_211' title='bbox 223 2670 438 2728; x_wconf 87' lang='lat' dir='ltr'><strong>aetate</strong></span> <span class='ocrx_word' id='word_1_212' title='bbox 478 2663 806 2743; x_wconf 89' lang='lat' dir='ltr'><strong>obduruit,</strong></span> <span class='ocrx_word' id='word_1_213' title='bbox 834 2664 940 2728; x_wconf 82' lang='lat' dir='ltr'><strong>vix</strong></span> <span class='ocrx_word' id='word_1_214' title='bbox 967 2664 1095 2728; x_wconf 89' lang='lat' dir='ltr'><strong>nisi</strong></span> <span class='ocrx_word' id='word_1_215' title='bbox 1126 2664 1568 2731; x_wconf 88' lang='lat' dir='ltr'><strong>intercedente</strong></span> <span class='ocrx_word' id='word_1_216' title='bbox 1606 2667 1860 2750; x_wconf 88' lang='lat' dir='ltr'><strong>impuro</strong></span> <span class='ocrx_word' id='word_1_217' title='bbox 1904 2665 2099 2743; x_wconf 91' lang='lat' dir='ltr'><strong>coitu,</strong></span> <span class='ocrx_word' id='word_1_218' title='bbox 2133 2662 2422 2747; x_wconf 87' lang='lat' dir='ltr'><strong>quamvis</strong></span> 
     </span>
     <span class='ocr_line' id='line_1_25' title="bbox 222 2766 2420 2851; baseline -0.001 -20"><span class='ocrx_word' id='word_1_219' title='bbox 222 2766 420 2831; x_wconf 86' lang='lat' dir='ltr'><strong>simul</strong></span> <span class='ocrx_word' id='word_1_220' title='bbox 458 2766 802 2846; x_wconf 86' lang='lat' dir='ltr'><strong>dormiant,</strong></span> <span class='ocrx_word' id='word_1_221' title='bbox 831 2767 1081 2851; x_wconf 88' lang='lat' dir='ltr'><strong>possint</strong></span> <span class='ocrx_word' id='word_1_222' title='bbox 1117 2768 1315 2849; x_wconf 90' lang='lat' dir='ltr'><strong>infici,</strong></span> <span class='ocrx_word' id='word_1_223' title='bbox 1361 2769 1713 2834; x_wconf 84' lang='lat' dir='ltr'><strong>infantium</strong></span> <span class='ocrx_word' id='word_1_224' title='bbox 1755 2776 1978 2834; x_wconf 88' lang='lat' dir='ltr'><strong>tamen</strong></span> <span class='ocrx_word' id='word_1_225' title='bbox 2020 2766 2223 2831; x_wconf 84' lang='lat' dir='ltr'><strong>laxior</strong></span> <span class='ocrx_word' id='word_1_226' title='bbox 2252 2786 2420 2844; x_wconf 87' lang='lat' dir='ltr'><strong>caro,</strong></span> 
     </span>
     <span class='ocr_line' id='line_1_26' title="bbox 222 2867 2423 2957; baseline -0.001 -24"><span class='ocrx_word' id='word_1_227' title='bbox 222 2875 288 2934; x_wconf 93' lang='lat' dir='ltr'><strong>et</strong></span> <span class='ocrx_word' id='word_1_228' title='bbox 315 2876 615 2934; x_wconf 85' lang='lat' dir='ltr'><strong>texturae</strong></span> <span class='ocrx_word' id='word_1_229' title='bbox 643 2870 918 2950; x_wconf 87' lang='lat' dir='ltr'><strong>rarioris,</strong></span> <span class='ocrx_word' id='word_1_230' title='bbox 948 2892 1270 2935; x_wconf 88' lang='lat' dir='ltr'><strong>venenum</strong></span> <span class='ocrx_word' id='word_1_231' title='bbox 1300 2872 1484 2937; x_wconf 86' lang='lat' dir='ltr'><strong>facile</strong></span> <span class='ocrx_word' id='word_1_232' title='bbox 1529 2872 1805 2957; x_wconf 82' lang='lat' dir='ltr'><strong>excipit3</strong></span> <span class='ocrx_word' id='word_1_233' title='bbox 1851 2869 2027 2957; x_wconf 91' lang='lat' dir='ltr'><strong>quod</strong></span> <span class='ocrx_word' id='word_1_234' title='bbox 2060 2890 2194 2933; x_wconf 91' lang='lat' dir='ltr'><strong>non</strong></span> <span class='ocrx_word' id='word_1_235' title='bbox 2224 2867 2423 2931; x_wconf 90' lang='lat' dir='ltr'><strong>semel</strong></span> 
     </span>
     <span class='ocr_line' id='line_1_27' title="bbox 215 2971 2422 3059; baseline -0.001 -23"><span class='ocrx_word' id='word_1_236' title='bbox 215 2972 551 3053; x_wconf 38' lang='lat' dir='ltr'><strong>,observavi</strong></span> <span class='ocrx_word' id='word_1_237' title='bbox 607 2972 966 3037; x_wconf 86' lang='lat' dir='ltr'><strong>infantibus</strong></span> <span class='ocrx_word' id='word_1_238' title='bbox 1025 2997 1064 3038; x_wconf 89' lang='lat' dir='ltr'><strong>a</strong></span> <span class='ocrx_word' id='word_1_239' title='bbox 1121 2974 1520 3058; x_wconf 85' lang='lat' dir='ltr'><strong>genitoribus</strong></span> <span class='ocrx_word' id='word_1_240' title='bbox 1575 2975 1958 3059; x_wconf 87' lang='lat' dir='ltr'><strong>quibuscum</strong></span> <span class='ocrx_word' id='word_1_241' title='bbox 2017 2971 2422 3037; x_wconf 88' lang='lat' dir='ltr'><strong>dormiebant</strong></span> 
     </span>
     <span class='ocr_line' id='line_1_28' title="bbox 219 3076 2419 3163; baseline -0.001 -23"><span class='ocrx_word' id='word_1_242' title='bbox 219 3076 480 3140; x_wconf 83' lang='lat' dir='ltr'><strong>infectis</strong></span> <span class='ocrx_word' id='word_1_243' title='bbox 516 3076 882 3159; x_wconf 89' lang='lat' dir='ltr'><strong>contigisse.</strong></span> <span class='ocrx_word' id='word_1_244' title='bbox 971 3077 1189 3143; x_wconf 82' lang='lat' dir='ltr'><strong>Tertio</strong></span> <span class='ocrx_word' id='word_1_245' title='bbox 1233 3086 1473 3158; x_wconf 88' lang='lat' dir='ltr'><strong>autem,</strong></span> <span class='ocrx_word' id='word_1_246' title='bbox 1503 3078 1705 3163; x_wconf 87' lang='lat' dir='ltr'><strong>partis</strong></span> <span class='ocrx_word' id='word_1_247' title='bbox 1739 3076 2047 3141; x_wconf 88' lang='lat' dir='ltr'><strong>mollioris</strong></span> <span class='ocrx_word' id='word_1_248' title='bbox 2084 3080 2419 3140; x_wconf 89' lang='lat' dir='ltr'><strong>contactus</strong></span> 
     </span>
     <span class='ocr_line' id='line_1_29' title="bbox 219 3176 2421 3265; baseline -0.001 -23"><span class='ocrx_word' id='word_1_249' title='bbox 219 3178 502 3243; x_wconf 83' lang='lat' dir='ltr'><strong>maxime</strong></span> <span class='ocrx_word' id='word_1_250' title='bbox 530 3178 601 3242; x_wconf 89' lang='lat' dir='ltr'><strong>in</strong></span> <span class='ocrx_word' id='word_1_251' title='bbox 631 3178 807 3243; x_wconf 90' lang='lat' dir='ltr'><strong>coitu</strong></span> <span class='ocrx_word' id='word_1_252' title='bbox 834 3179 1089 3263; x_wconf 86' lang='lat' dir='ltr'><strong>impuro</strong></span> <span class='ocrx_word' id='word_1_253' title='bbox 1119 3180 1213 3259; x_wconf 89' lang='lat' dir='ltr'><strong>fit,</strong></span> <span class='ocrx_word' id='word_1_254' title='bbox 1245 3202 1320 3245; x_wconf 90' lang='lat' dir='ltr'><strong>ac</strong></span> <span class='ocrx_word' id='word_1_255' title='bbox 1349 3180 1619 3265; x_wconf 89' lang='lat' dir='ltr'><strong>proinde</strong></span> <span class='ocrx_word' id='word_1_256' title='bbox 1649 3202 1725 3245; x_wconf 92' lang='lat' dir='ltr'><strong>eo</strong></span> <span class='ocrx_word' id='word_1_257' title='bbox 1754 3201 1907 3264; x_wconf 89' lang='lat' dir='ltr'><strong>prae</strong></span> <span class='ocrx_word' id='word_1_258' title='bbox 1937 3178 2205 3243; x_wconf 87' lang='lat' dir='ltr'><strong>caeteris</strong></span> <span class='ocrx_word' id='word_1_259' title='bbox 2226 3176 2421 3241; x_wconf 90' lang='lat' dir='ltr'><strong>modo</strong></span> 
     </span>
     <span class='ocr_line' id='line_1_30' title="bbox 219 3281 2421 3371; baseline -0 -25"><span class='ocrx_word' id='word_1_260' title='bbox 219 3282 424 3367; x_wconf 84' lang='lat' dir='ltr'><strong>serpit</strong></span> <span class='ocrx_word' id='word_1_261' title='bbox 454 3283 626 3347; x_wconf 89' lang='lat' dir='ltr'><strong>Lues</strong></span> <span class='ocrx_word' id='word_1_262' title='bbox 648 3307 668 3361; x_wconf 81' lang='lat'>3</span> <span class='ocrx_word' id='word_1_263' title='bbox 714 3304 864 3347; x_wconf 87' lang='lat' dir='ltr'><strong>cum</strong></span> <span class='ocrx_word' id='word_1_264' title='bbox 894 3284 1134 3371; x_wconf 86' lang='lat' dir='ltr'><strong>scilicet</strong></span> <span class='ocrx_word' id='word_1_265' title='bbox 1171 3284 1354 3368; x_wconf 92' lang='lat' dir='ltr'><strong>penis</strong></span> <span class='ocrx_word' id='word_1_266' title='bbox 1395 3284 1725 3369; x_wconf 87' lang='lat' dir='ltr'><strong>spiritibus</strong></span> <span class='ocrx_word' id='word_1_267' title='bbox 1765 3283 2166 3367; x_wconf 88' lang='lat' dir='ltr'><strong>generationi</strong></span> <span class='ocrx_word' id='word_1_268' title='bbox 2195 3281 2421 3346; x_wconf 89' lang='lat' dir='ltr'><strong>dicatis</strong></span> 
     </span>
     <span class='ocr_line' id='line_1_31' title="bbox 217 3384 2423 3471; baseline -0.001 -21"><span class='ocrx_word' id='word_1_269' title='bbox 217 3385 543 3470; x_wconf 87' lang='lat' dir='ltr'><strong>turgidus,</strong></span> <span class='ocrx_word' id='word_1_270' title='bbox 585 3408 625 3451; x_wconf 90' lang='lat' dir='ltr'><strong>a</strong></span> <span class='ocrx_word' id='word_1_271' title='bbox 661 3407 932 3451; x_wconf 86' lang='lat' dir='ltr'><strong>venereo</strong></span> <span class='ocrx_word' id='word_1_272' title='bbox 975 3387 1108 3451; x_wconf 89' lang='lat' dir='ltr'><strong>sive</strong></span> <span class='ocrx_word' id='word_1_273' title='bbox 1149 3388 1382 3467; x_wconf 86' lang='lat' dir='ltr'><strong>ulcere,</strong></span> <span class='ocrx_word' id='word_1_274' title='bbox 1414 3389 1546 3453; x_wconf 90' lang='lat' dir='ltr'><strong>sive</strong></span> <span class='ocrx_word' id='word_1_275' title='bbox 1590 3388 1787 3452; x_wconf 89' lang='lat' dir='ltr'><strong>etiam</strong></span> <span class='ocrx_word' id='word_1_276' title='bbox 1825 3386 2105 3471; x_wconf 85' lang='lat' dir='ltr'><strong>pustula,</strong></span> <span class='ocrx_word' id='word_1_277' title='bbox 2142 3386 2214 3449; x_wconf 91' lang='lat' dir='ltr'><strong>in</strong></span> <span class='ocrx_word' id='word_1_278' title='bbox 2249 3384 2423 3449; x_wconf 89' lang='lat' dir='ltr'><strong>uteri</strong></span> 
     </span>
     <span class='ocr_line' id='line_1_32' title="bbox 218 3490 2421 3575; baseline -0.001 -21"><span class='ocrx_word' id='word_1_279' title='bbox 218 3492 460 3575; x_wconf 89' lang='lat' dir='ltr'><strong>vagina</strong></span> <span class='ocrx_word' id='word_1_280' title='bbox 498 3490 866 3555; x_wconf 87' lang='lat' dir='ltr'><strong>stabulante</strong></span> <span class='ocrx_word' id='word_1_281' title='bbox 905 3512 1142 3555; x_wconf 87' lang='lat' dir='ltr'><strong>noxam</strong></span> <span class='ocrx_word' id='word_1_282' title='bbox 1187 3490 1267 3555; x_wconf 90' lang='lat' dir='ltr'><strong>de</strong></span> <span class='ocrx_word' id='word_1_283' title='bbox 1295 3492 1469 3555; x_wconf 84' lang='lat' dir='ltr'><strong>facili</strong></span> <span class='ocrx_word' id='word_1_284' title='bbox 1511 3490 1751 3571; x_wconf 88' lang='lat' dir='ltr'><strong>haurit,</strong></span> <span class='ocrx_word' id='word_1_285' title='bbox 1784 3511 2059 3575; x_wconf 91' lang='lat' dir='ltr'><strong>quorum</strong></span> <span class='ocrx_word' id='word_1_286' title='bbox 2110 3490 2421 3553; x_wconf 84' lang='lat' dir='ltr'><strong>alterutro</strong></span> 
     </span>
    </p>
   </div>
   <div class='ocr_carea' id='block_1_3' title="bbox 2447 553 2594 560">
    <p class='ocr_par' dir='ltr' id='par_1_4' title="bbox 2447 553 2594 560">
     <span class='ocr_line' id='line_1_33' title="bbox 2447 553 2594 560; baseline 0 4446"><span class='ocrx_word' id='word_1_287' title='bbox 2447 553 2594 560; x_wconf 95' lang='lat' dir='ltr'><strong> </strong></span> 
     </span>
    </p>
   </div>
   <div class='ocr_carea' id='block_1_4' title="bbox 216 3594 2421 4503">
    <p class='ocr_par' dir='ltr' id='par_1_5' title="bbox 216 3594 2421 4503">
     <span class='ocr_line' id='line_1_34' title="bbox 219 3594 2421 3678; baseline -0.001 -20"><span class='ocrx_word' id='word_1_288' title='bbox 219 3594 402 3659; x_wconf 89' lang='lat' dir='ltr'><strong>intus</strong></span> <span class='ocrx_word' id='word_1_289' title='bbox 439 3594 686 3659; x_wconf 88' lang='lat' dir='ltr'><strong>latente</strong></span> <span class='ocrx_word' id='word_1_290' title='bbox 724 3594 958 3657; x_wconf 88' lang='lat' dir='ltr'><strong>mulier</strong></span> <span class='ocrx_word' id='word_1_291' title='bbox 995 3594 1415 3659; x_wconf 85' lang='lat' dir='ltr'><strong>nihilominus</strong></span> <span class='ocrx_word' id='word_1_292' title='bbox 1452 3616 1611 3659; x_wconf 88' lang='lat' dir='ltr'><strong>sana</strong></span> <span class='ocrx_word' id='word_1_293' title='bbox 1637 3594 1843 3659; x_wconf 88' lang='lat' dir='ltr'><strong>videri</strong></span> <span class='ocrx_word' id='word_1_294' title='bbox 1877 3600 2126 3678; x_wconf 81' lang='lat' dir='ltr'><strong>potest3</strong></span> <span class='ocrx_word' id='word_1_295' title='bbox 2170 3612 2421 3657; x_wconf 88' lang='lat' dir='ltr'><strong>veneno</strong></span> 
     </span>
     <span class='ocr_line' id='line_1_35' title="bbox 218 3694 2419 3781; baseline -0.002 -20"><span class='ocrx_word' id='word_1_296' title='bbox 218 3718 458 3781; x_wconf 90' lang='lat' dir='ltr'><strong>nempe</strong></span> <span class='ocrx_word' id='word_1_297' title='bbox 485 3696 587 3761; x_wconf 92' lang='lat' dir='ltr'><strong>vel</strong></span> <span class='ocrx_word' id='word_1_298' title='bbox 624 3697 897 3761; x_wconf 81' lang='lat' dir='ltr'><strong>istarum</strong></span> <span class='ocrx_word' id='word_1_299' title='bbox 925 3697 1207 3780; x_wconf 84' lang='lat' dir='ltr'><strong>partium</strong></span> <span class='ocrx_word' id='word_1_300' title='bbox 1243 3698 1458 3762; x_wconf 91' lang='lat' dir='ltr'><strong>illuvie</strong></span> <span class='ocrx_word' id='word_1_301' title='bbox 1491 3697 1589 3762; x_wconf 90' lang='lat' dir='ltr'><strong>ita</strong></span> <span class='ocrx_word' id='word_1_302' title='bbox 1616 3697 1881 3762; x_wconf 91' lang='lat' dir='ltr'><strong>detento</strong></span> <span class='ocrx_word' id='word_1_303' title='bbox 1914 3704 1992 3762; x_wconf 91' lang='lat' dir='ltr'><strong>ut</strong></span> <span class='ocrx_word' id='word_1_304' title='bbox 2031 3695 2291 3780; x_wconf 91' lang='lat' dir='ltr'><strong>segnius</strong></span> <span class='ocrx_word' id='word_1_305' title='bbox 2319 3694 2419 3757; x_wconf 91' lang='lat' dir='ltr'><strong>in-</strong></span> 
     </span>
     <span class='ocr_line' id='line_1_36' title="bbox 219 3799 2421 3885; baseline -0.002 -21"><span class='ocrx_word' id='word_1_306' title='bbox 219 3800 416 3865; x_wconf 89' lang='lat' dir='ltr'><strong>vadat</strong></span> <span class='ocrx_word' id='word_1_307' title='bbox 457 3799 860 3883; x_wconf 89' lang='lat' dir='ltr'><strong>sanguinem,</strong></span> <span class='ocrx_word' id='word_1_308' title='bbox 897 3800 1000 3864; x_wconf 89' lang='lat' dir='ltr'><strong>vel</strong></span> <span class='ocrx_word' id='word_1_309' title='bbox 1031 3821 1148 3883; x_wconf 88' lang='lat' dir='ltr'><strong>per</strong></span> <span class='ocrx_word' id='word_1_310' title='bbox 1181 3807 1544 3865; x_wconf 85' lang='lat' dir='ltr'><strong>menstruas</strong></span> <span class='ocrx_word' id='word_1_311' title='bbox 1581 3800 1997 3885; x_wconf 84' lang='lat' dir='ltr'><strong>purgationes</strong></span> <span class='ocrx_word' id='word_1_312' title='bbox 2037 3800 2245 3863; x_wconf 91' lang='lat' dir='ltr'><strong>diluto</strong></span> <span class='ocrx_word' id='word_1_313' title='bbox 2284 3817 2421 3861; x_wconf 88' lang='lat' dir='ltr'><strong>sae-</strong></span> 
     </span>
     <span class='ocr_line' id='line_1_37' title="bbox 216 3901 2420 3989; baseline -0.003 -22"><span class='ocrx_word' id='word_1_314' title='bbox 216 3904 388 3989; x_wconf 89' lang='lat' dir='ltr'><strong>pius,</strong></span> <span class='ocrx_word' id='word_1_315' title='bbox 421 3908 488 3967; x_wconf 91' lang='lat' dir='ltr'><strong>et</strong></span> <span class='ocrx_word' id='word_1_316' title='bbox 517 3902 967 3987; x_wconf 84' lang='lat' dir='ltr'><strong>quadantenus</strong></span> <span class='ocrx_word' id='word_1_317' title='bbox 1004 3903 1449 3968; x_wconf 82' lang='lat' dir='ltr'><strong>exterminato.</strong></span> <span class='ocrx_word' id='word_1_318' title='bbox 1550 3904 1674 3989; x_wconf 87' lang='lat'><strong>[8.]</strong></span> <span class='ocrx_word' id='word_1_319' title='bbox 1730 3903 2049 3987; x_wconf 88' lang='lat' dir='ltr'><strong>Contagio</strong></span> <span class='ocrx_word' id='word_1_320' title='bbox 2083 3901 2245 3965; x_wconf 87' lang='lat' dir='ltr'><strong>haec</strong></span> <span class='ocrx_word' id='word_1_321' title='bbox 2284 3920 2420 3961; x_wconf 90' lang='lat' dir='ltr'><strong>car-</strong></span> 
     </span>
     <span class='ocr_line' id='line_1_38' title="bbox 216 4001 2421 4091; baseline -0.005 -20"><span class='ocrx_word' id='word_1_322' title='bbox 216 4027 454 4071; x_wconf 89' lang='lat' dir='ltr'><strong>nosam</strong></span> <span class='ocrx_word' id='word_1_323' title='bbox 501 4005 718 4089; x_wconf 88' lang='lat' dir='ltr'><strong>virgae</strong></span> <span class='ocrx_word' id='word_1_324' title='bbox 769 4006 1202 4070; x_wconf 87' lang='lat' dir='ltr'><strong>substantiam</strong></span> <span class='ocrx_word' id='word_1_325' title='bbox 1257 4007 1598 4091; x_wconf 88' lang='lat' dir='ltr'><strong>(quantum</strong></span> <span class='ocrx_word' id='word_1_326' title='bbox 1650 4010 1770 4090; x_wconf 86' lang='lat' dir='ltr'><strong>ego</strong></span> <span class='ocrx_word' id='word_1_327' title='bbox 1812 4005 2079 4090; x_wconf 50' lang='lat' dir='ltr'><strong>judico)</strong></span> <span class='ocrx_word' id='word_1_328' title='bbox 2135 4001 2421 4086; x_wconf 88' lang='lat' dir='ltr'><strong>primum</strong></span> 
     </span>
     <span class='ocr_line' id='line_1_39' title="bbox 218 4102 2419 4195; baseline -0.005 -20"><span class='ocrx_word' id='word_1_329' title='bbox 218 4107 531 4188; x_wconf 79' lang='lat' dir='ltr'><strong>adoritur,</strong></span> <span class='ocrx_word' id='word_1_330' title='bbox 565 4128 758 4192; x_wconf 87' lang='lat' dir='ltr'><strong>quam</strong></span> <span class='ocrx_word' id='word_1_331' title='bbox 795 4107 1056 4192; x_wconf 89' lang='lat' dir='ltr'><strong>quidem</strong></span> <span class='ocrx_word' id='word_1_332' title='bbox 1089 4130 1521 4195; x_wconf 88' lang='lat' dir='ltr'><strong>corrumpens,</strong></span> <span class='ocrx_word' id='word_1_333' title='bbox 1554 4110 1889 4192; x_wconf 90' lang='lat' dir='ltr'><strong>eidemque</strong></span> <span class='ocrx_word' id='word_1_334' title='bbox 1921 4106 2130 4191; x_wconf 91' lang='lat' dir='ltr'><strong>primo</strong></span> <span class='ocrx_word' id='word_1_335' title='bbox 2166 4102 2419 4166; x_wconf 88' lang='lat' dir='ltr'><strong>inflam-</strong></span> 
     </span>
     <span class='ocr_line' id='line_1_40' title="bbox 217 4205 2421 4293; baseline -0.005 -18"><span class='ocrx_word' id='word_1_336' title='bbox 217 4211 599 4290; x_wconf 87' lang='lat' dir='ltr'><strong>mationem,</strong></span> <span class='ocrx_word' id='word_1_337' title='bbox 621 4234 772 4276; x_wconf 84' lang='lat' dir='ltr'><strong>mox</strong></span> <span class='ocrx_word' id='word_1_338' title='bbox 792 4211 1146 4277; x_wconf 88' lang='lat' dir='ltr'><strong>ulcerosam</strong></span> <span class='ocrx_word' id='word_1_339' title='bbox 1176 4210 1477 4293; x_wconf 77' lang='grc' dir='ltr'>διάθεσιν,</span> <span class='ocrx_word' id='word_1_340' title='bbox 1503 4212 1743 4277; x_wconf 90' lang='lat' dir='ltr'><strong>sensim</strong></span> <span class='ocrx_word' id='word_1_341' title='bbox 1763 4212 2097 4287; x_wconf 87' lang='lat' dir='ltr'><strong>inducens,</strong></span> <span class='ocrx_word' id='word_1_342' title='bbox 2129 4205 2321 4270; x_wconf 90' lang='lat' dir='ltr'><strong>efficit</strong></span> <span class='ocrx_word' id='word_1_343' title='bbox 2343 4208 2421 4266; x_wconf 91' lang='lat' dir='ltr'><strong>ut</strong></span> 
     </span>
     <span class='ocr_line' id='line_1_41' title="bbox 220 4308 2419 4398; baseline -0.005 -20"><span class='ocrx_word' id='word_1_344' title='bbox 220 4316 453 4393; x_wconf 88' lang='lat' dir='ltr'><strong>sanies,</strong></span> <span class='ocrx_word' id='word_1_345' title='bbox 486 4315 740 4398; x_wconf 89' lang='lat' dir='ltr'><strong>qualem</strong></span> <span class='ocrx_word' id='word_1_346' title='bbox 785 4314 856 4379; x_wconf 92' lang='lat' dir='ltr'><strong>in</strong></span> <span class='ocrx_word' id='word_1_347' title='bbox 906 4315 1323 4381; x_wconf 87' lang='lat' dir='ltr'><strong>Gonorrhoea</strong></span> <span class='ocrx_word' id='word_1_348' title='bbox 1367 4318 1710 4395; x_wconf 89' lang='lat' dir='ltr'><strong>cernimus,</strong></span> <span class='ocrx_word' id='word_1_349' title='bbox 1756 4316 1828 4379; x_wconf 89' lang='lat' dir='ltr'><strong>in</strong></span> <span class='ocrx_word' id='word_1_350' title='bbox 1865 4312 2198 4379; x_wconf 87' lang='lat' dir='ltr'><strong>urethram</strong></span> <span class='ocrx_word' id='word_1_351' title='bbox 2243 4308 2419 4371; x_wconf 91' lang='lat' dir='ltr'><strong>lente</strong></span> 
     </span>
     <span class='ocr_line' id='line_1_42' title="bbox 223 4410 2419 4503; baseline 0 -24"><span class='ocrx_word' id='word_1_352' title='bbox 223 4416 508 4482; x_wconf 83' lang='lat' dir='ltr'><strong>extillet:</strong></span> <span class='ocrx_word' id='word_1_353' title='bbox 584 4418 756 4502; x_wconf 90' lang='lat' dir='ltr'><strong>quod</strong></span> <span class='ocrx_word' id='word_1_354' title='bbox 823 4426 896 4483; x_wconf 90' lang='lat' dir='ltr'><strong>ut</strong></span> <span class='ocrx_word' id='word_1_355' title='bbox 961 4419 1236 4500; x_wconf 86' lang='lat' dir='ltr'><strong>credam,</strong></span> <span class='ocrx_word' id='word_1_356' title='bbox 1295 4421 1417 4485; x_wconf 84' lang='lat' dir='ltr'><strong>hac</strong></span> <span class='ocrx_word' id='word_1_357' title='bbox 1482 4420 1730 4485; x_wconf 86' lang='lat' dir='ltr'><strong>ratione</strong></span> <span class='ocrx_word' id='word_1_358' title='bbox 1796 4434 2209 4503; x_wconf 82' lang='lat' dir='ltr'><strong>promoveor3</strong></span> <span class='ocrx_word' id='word_1_359' title='bbox 2282 4410 2419 4495; x_wconf 82' lang='lat' dir='ltr'><strong>ipse</strong></span> 
     </span>
    </p>
   </div>
  </div>
 </body>
</html>
