3138 5006
695 267 824 330 288
1175 325 1180 330 .
1217 281 1224 291 ·
1315 265 1709 330 THOMAE
1757 263 2275 330 SYDENHAM

391 451 676 566 lgpffssff'
695 452 842 511 tum
885 467 1073 531 saepe
1101 468 1238 511 non
1267 444 1394 510 nisi
1437 452 1583 530 post
1626 441 1901 510 biduum
1942 444 2325 530 promissam
2356 444 2767 509 curationem
2800 441 2917 506 ab·

429 583 632 634 ·75-‘so.
697 549 920 614 solvet.

396 646 464 720 Si]
489 645 622 739 §rimi
793 649 964 739 [31.]
1013 650 1682 716 Animadvertendum
1726 658 1968 730 autem,
2012 650 2206 735 quod,
2244 648 2303 714 si
2348 665 2557 732 aeger,
2602 669 2743 713 non
2794 647 2913 711 ob·-

391 729 678 850 ssffffl'lsse,
697 761 914 820 stante
963 754 1328 819 abundanti
1379 754 1634 818 cautela
1690 753 1983 838 superius
2028 753 2290 832 tradita,
2328 751 2756 817 nihilominus
2810 769 2915 814 re-

393 873 481 920 ger
502 857 674 934 reciqi-
699 857 972 922 cidivam
999 858 1304 941 patiatur,
1341 857 1529 940 (quae
1556 857 1629 921 in
1661 866 1979 940 quartana
2018 859 2159 942 ipsa
2196 859 2403 922 rarius
2442 857 2673 922 accidit
2712 877 2915 939 quam

395 928 676 1042 ἓζῗᾱέἒᾷῐ,
698 961 770 1024 in
796 961 1096 1024 tertianis
1123 960 1225 1024 vel
1253 960 1694 1046 quotidianis)
1728 967 1951 1024 tamen
1980 961 2319 1044 prudentis
2340 959 2587 1023 Medici
2614 958 2742 1021 erit
2772 977 2917 1019 non

396 1065 651 1162 3²3¹„ssss
699 1063 976 1127 nimium
1014 1063 1429 1147 pertinaciter
1465 1064 1763 1128 insistere
1804 1062 2113 1127 methodo
2142 1061 2415 1126 Corticis
2452 1081 2569 1144 per
2598 1060 2775 1122 dicta
2810 1058 2917 1120 in-

402 1179 586 1227 cm-tiei
699 1165 966 1228 tervalla
994 1163 1359 1244 exhibendi,
1391 1166 1504 1230 sed
1531 1186 1649 1250 pro
1679 1187 1796 1230 suo
1825 1167 2069 1252 judicio
2100 1165 2239 1230 aliis
2268 1163 2475 1228 modis
2504 1163 2917 1227 mirationem

399 1249 660 1292 succentu.-

396 1308 564 1356 rietus.
703 1268 967 1352 aggredi
985 1295 1005 1346 ς
1043 1268 1149 1332 cui
1165 1289 1319 1352 prae
1339 1270 1609 1334 caeteris
1626 1271 1959 1334 Decoctum
1976 1273 2279 1333 Amorum
2308 1267 2507 1355 (quod
2528 1269 2913 1353 appellant,)

398 1385 562 1499 inoffi}
575 1400 666 1498 332
703 1391 1095 1455 magnopere
1124 1373 1482 1437 conducere
1508 1374 1705 1456 vulgo
1735 1373 2039 1438 creditur.

399 1523 520 1580 potu
541 1515 628 1578 qui
803 1474 967 1558 [32]
1023 1475 1324 1539 Diaetam
1359 1475 1536 1561 quod
1574 1482 1823 1560 spectat
1862 1483 2319 1562 caeterumque
2356 1473 2665 1558 regimen,
2701 1495 2835 1538 nec
2877 1495 2925 1538 a

395 1580 463 1692 ἕξ
463 1586 668 1693 1:133}-
705 1576 850 1642 cibo
881 1597 1001 1642 nec
1045 1599 1085 1643 a
1124 1585 1286 1662 potu
1329 1578 1645 1642 arcendus
1688 1586 1787 1643 est
1829 1599 2041 1662 aeger,
2073 1579 2281 1665 qualis
2311 1579 2520 1664 qualis
2554 1579 2611 1641 is
2644 1577 2921 1641 demum

402 1710 484 1768 eit,
514 1723 681 1757 amen·
705 1685 902 1749 fuerit
937 1685 1054 1771 qui
1091 1684 1176 1750 ad
1219 1685 1623 1749 stomachum
1666 1684 1857 1763 facit3
1902 1684 2219 1749 fructibus
2262 1691 2485 1748 tamen
2526 1681 2802 1746 horariis
2846 1687 2923 1746 et

401 1773 641 1887 ‘flrffi'effitfis
706 1786 1064 1873 liquoribus
1107 1787 1355 1869 frigidis
1397 1787 1645 1870 (utpote
1688 1793 1755 1851 et
1797 1785 2224 1850 infirmandae
2268 1785 2599 1869 sanguinis
2642 1805 2919 1862 massae,

405 1903 611 1951 horariis
625 1908 673 1950 et
705 1897 778 1953 et
833 1890 998 1955 febri
1055 1889 1450 1974 postliminio
1508 1889 1931 1968 reducendae,
1982 1889 2332 1952 admodum
2382 1887 2917 1969 conferentibus)

403 1967 676 2094 {235}ssssOE
709 2014 962 2076 semper
1003 1995 1302 2076 exceptis.
1392 1994 1711 2058 Vescatur
1744 1993 1965 2078 itaque
2008 1991 2309 2056 carnibus
2354 1990 2643 2074 eupeptis
2688 1995 2755 2053 et
2800 2009 2921 2052 eu-

406 2097 634 2159 exceptis.
711 2097 980 2180 chymis,
1025 2104 1093 2160 et
1137 2097 1286 2161 vino
1329 2097 1579 2160 modice
1621 2102 1848 2160 utatur
1888 2117 2007 2180 pro
2050 2102 2211 2178 potu
2253 2093 2609 2167 ordinari03
2666 2111 2803 2177 qua
2842 2111 2923 2153 re

408 2172 650 2220 Carnibus
1785 2199 1798 2211 .
1885 2199 1899 2212 .
2027 2200 2039 2212 .

409 2237 628 2299 eupepfi,
645 2243 694 2284 et
716 2201 851 2264 sola
878 2221 1102 2284 aegros
1134 2222 1609 2285 nonnunquam
1647 2206 1923 2278 restitui,
1954 2205 2152 2264 etiam
2182 2218 2289 2262 eos
2320 2219 2596 2284 quorum
2626 2215 2923 2278 corpora,

406 2301 664 2424 ssffiffi⁸
713 2304 798 2369 ob
837 2303 1268 2390 frequentem¹
1303 2304 1499 2368 febris
1537 2323 1872 2368 recursum
1902 2309 2129 2369 contra
2156 2302 2479 2367 Corticem
2514 2299 2701 2387 quasi
2738 2319 2925 2362 com-

407 2430 621 2492 vinoque
717 2406 988 2485 munita,
1021 2405 1418 2470 salutiferam
1448 2407 1587 2491 ejus
1614 2406 1745 2469 vim
1775 2406 2094 2490 perpetim
2123 2404 2491 2470 eludebant.

406 2495 598 2610 ἓξὲξ
801 2512 1037 2597 Neque
1080 2530 1230 2575 vero
1277 2532 1342 2574 se
1385 2517 1631 2575 temere
1676 2530 1870 2575 aurae
1914 2508 2227 2591 frigidiori
2274 2506 2677 2572 committere
2720 2503 2931 2569 debet

412 2640 550 2689 Aura
571 2640 658 2687 fri-
715 2632 924 2695 aeger,
957 2612 1160 2676 donec
1189 2612 1451 2695 sanguis
1480 2612 1828 2696 pristinum
1856 2611 2141 2695 vigorem
2172 2610 2254 2674 de
2282 2632 2449 2674 novo
2476 2609 2859 2674 obtinuerit.

409 2706 569 2826 {gig
587 2704 661 2753 vi-
812 2712 979 2797 [33.]
1023 2712 1190 2778 Hic¹¹
1221 2722 1438 2779 autem
1471 2713 1956 2794 advertendum,
1981 2714 2175 2801 quod,
2208 2735 2359 2778 cum
2388 2713 2470 2777 de
2497 2711 2787 2776 febribus
2816 2711 2930 2776 in-

713 2816 1230 2881 termittentibus
1267 2817 1423 2881 olim
1478 2816 1762 2901 [Observ.
1794 2818 1968 2881 Med.
2000 2817 2044 2880 i.
2078 2819 2139 2879 5.
2172 2816 2308 2899 41.]
2364 2836 2581 2899 agens,
2626 2836 2931 2898 aegrum,

717 2917 972 2982 sublato
999 2918 1245 2997 morbo,
1291 2920 1516 2985 sedulo
1542 2926 1895 3003 purgatum
1936 2920 2017 2983 iri
2051 2918 2517 2997 admonuerim,
2556 2918 2681 2983 hoc
2724 2918 2931 2983 intel-

717 3021 834 3104 ligi
861 3021 1052 3085 velim
1097 3020 1178 3085 de
1206 3020 1285 3085 iis
1329 3022 1537 3089 solum
1567 3024 1855 3089 febribus
1886 3042 2054 3109 quae
2091 3023 2193 3087 vel
2232 3029 2460 3107 sponte
2496 3044 2631 3101 sua,
2663 3022 2764 3086 vel
2794 3024 2934 3087 alio

717 3124 849 3189 sive
891 3124 1365 3191 medicamento
1417 3126 1548 3189 sive
1596 3125 1905 3191 methodo
1948 3132 2202 3210 praeter
2246 3124 2569 3190 Corticem
2613 3125 2931 3190 Peruvia-

410 3286 468 3328 ut
477 3286 701 3329 etomnes
719 3246 881 3289 num
911 3232 1096 3289 erant
1125 3226 1500 3291 debellatae.
1569 3228 1834 3293 Etenim
1866 3228 2131 3307 curatio,
2164 3250 2313 3293 cum
2341 3228 2495 3293 huic
2524 3228 2811 3293 remedio
2842 3230 2933 3293 de

416 3347 692 3457 evacuffitio-
721 3349 854 3413 quo
884 3328 1021 3412 jam
1060 3329 1290 3414 loquor
1331 3328 1672 3409 innitatur,
1704 3332 2089 3415 purgatione
2131 3352 2253 3395 nec
2296 3338 2465 3414 eget,
2494 3352 2617 3395 nec
2646 3332 2933 3395 eandem

415 3424 503 3457 nes
523 3428 535 3465 ἶ
609 3426 697 3459 an-

413 3474 615 3522 dissima
721 3432 914 3516 plane
939 3432 1086 3496 fert.
1139 3432 1250 3497 Ita
1274 3438 1577 3517 potenter
1605 3432 1816 3498 dictus
1847 3435 2085 3499 Cortex
2106 3436 2247 3498 sine
2274 3454 2393 3518 ope
2420 3433 2931 3498 catharticorum

417 3553 647 3651 3¹3¹?-
721 3556 856 3599 non
897 3536 1104 3599 solum
1131 3536 1547 3621 paroxysmis,
1578 3537 1693 3601 sed
1732 3543 1799 3601 et
1835 3536 2193 3621 dyscrasiae
2222 3558 2418 3623 quam
2449 3537 2697 3620 corpori
2724 3536 2933 3599 iidem

415 3668 492 3714 vel
516 3682 688 3715 enema
719 3638 1114 3717 inflixerunt,
1164 3638 1483 3704 subvenit.
1574 3638 1901 3704 Vitandae
1940 3641 2164 3727 itaque
2200 3647 2353 3704 ante
2402 3640 2623 3703 omnia
2656 3658 2931 3703 evacua-

418 3746 445 3779 e
458 3732 584 3779 lacte
597 3748 699 3779 sac·

420 3796 631 3854 chamo,
645 3796 695 3844 in
721 3742 932 3807 tiones
961 3743 1462 3829 qualescunque,
1493 3764 1645 3807 cum
1679 3744 1779 3809 vel
1820 3744 2240 3809 blandissima
2266 3743 2597 3822 catharsis,
2629 3742 2933 3829 quinimo

418 3860 658 3937 recidivae
723 3865 954 3909 enema
981 3866 1018 3910 e
1047 3846 1214 3911 lacte
1235 3847 1625 3926 saccharum,
1650 3848 1723 3911 in
1751 3846 1961 3912 morbi
1990 3846 2337 3911 discrimen
2359 3846 2733 3924 certissime,
2758 3844 2934 3909 forts

418 3926 682 4052 ffoffjffi'ffn
719 3949 794 4013 in
821 3948 1122 4014 morbum
1141 3950 1375 4034 ipsum,
1408 3950 1625 4014 denuo
1652 3970 1923 4034 aegrum
1952 3950 2270 4034 conjiciet.

416 4064 598 4179 {2133
819 4051 1012 4137 [34.]¹
1061 4052 1192 4116 Hic
1243 4060 1464 4117 autem
1508 4074 2009 4118 commemorare
2054 4053 2233 4133 libet,
2278 4051 2454 4138 quod
2514 4050 2633 4115 sub
2684 4050 2934 4134 primos

420 4201 576 4245 tem„
598 4132 662 4179 it·
719 4155 916 4240 hujus
945 4154 1444 4223 Constitutionis
1473 4175 1679 4220 annos
1700 4162 2065 4241 symptoma
2092 4154 2421 4242 quoddam
2448 4154 2705 4239 insigne
2731 4153 2935 4219 febri-

791 4330 804 4362 ¹
836 4335 890 4381 ob
899 4330 1274 4395 frequ.—-elud.]
1288 4331 1528 4395 frequenti
1536 4330 1693 4393 febris
1708 4350 1783 4381 re-
1936 4336 1961 4370 k
1986 4330 2375 4395 Hic—subvenit]
2401 4347 2500 4381 om.
2522 4331 2595 4379 ed.
2619 4333 2714 4380 ‘80.

726 4396 1444 4510 &xtzffdmeae‘ffssiffflgffifemm
1463 4399 1573 4446 aliis
1590 4400 1787 4447 Cor-licis
1940 4394 1952 4427 ¹
1986 4398 2181 4447 Desunt
2201 4401 2253 4459 §5
2279 4398 2471 4445 34—36
2495 4396 2547 4445 in
2570 4397 2643 4445 ed.
2667 4396 2763 4445 ’80.
