3138 5006
658 266 745 329 82
1268 262 1661 335 'PHOMAE
1711 262 2226 333 SYDENHAM

386 444 597 493 Fenus
662 424 1115 507 subsequente.
1204 424 1291 487 In
1335 444 1590 501 summa
1627 423 1806 507 aegri
1849 422 2182 493 debilitate
2211 445 2252 487 a
2289 422 2462 487 dicta
2503 424 2864 507 paroxysmi

354 508 632 621 Ᾱξζξὲζι
660 527 1169 610 ingeminatione
1200 525 1621 591 electuarium
1649 527 1821 611 quod
1842 528 1980 611 jam
2009 526 2300 610 sequitur
2327 525 2692 611 praescribo
2711 552 2816 589 :—

384 638 587 685 '61''⁶4·
664 664 865 733 [Form.
898 663 1004 733 14.]
1024 668 1045 693 '
1093 660 1157 739 R
1196 664 1496 717 Conservae
1512 663 1703 717 florum
1729 663 2056 733 Borraginis,

1192 750 1517 821 [Conservae
1540 748 1754 816 florum]
1785 749 2049 819 Buglossi,
2073 765 2178 803 ana
2200 748 2419 803 unciam
2443 765 2625 813 unam,

1190 838 1491 891 Conservae
1514 836 1720 889 Anthos
1743 838 2090 901 semunciam,

1194 924 1420 977 Corticis
1443 924 1604 977 Citrii
1625 923 1846 988 conditi,

1194 1009 1363 1063 Nucis
1389 1009 1702 1063 Moschatae
1726 1008 1987 1073 conditae,

1193 1096 1483 1151 Tberiacae
1506 1096 1882 1162 Andromachi,
1907 1114 2012 1151 ana
2035 1096 2316 1151 drachmas
2341 1107 2462 1163 tres,

668 1214 721 1225 ψ
1186 1183 1551 1237 Confectionis
1575 1184 1846 1237 Alkermes
1869 1182 2146 1237 drachmas
2170 1184 2332 1247 duas3

942 1272 1146 1337 Misce3
1182 1272 1279 1325 fiat
1314 1272 1508 1341 opiam,
1549 1268 1617 1323 de
1657 1286 1766 1339 qua
1801 1271 1980 1339 capiat
2017 1270 2088 1323 ad
2131 1270 2554 1341 magnitudinem
2595 1271 2873 1325 avellanae

939 1376 1099 1413 mane
1122 1368 1179 1413 et
1199 1357 1422 1427 vesperi,
1446 1356 1832 1427 superbibendo
1855 1356 2150 1411 cochlearia
2173 1374 2268 1411 sex
2291 1360 2558 1428 sequentis
2573 1358 2838 1429 julepi:--

664 1496 863 1564 [Form.
896 1496 1005 1565 15.]
1081 1492 1144 1565 R
1184 1494 1371 1564 Aquae
1397 1492 1690 1556 mmm-iae,

1190 1578 1437 1651 [Aquae]
1464 1580 1789 1633 Theti-scalis
1814 1578 2136 1643 Stillatitiae,
2161 1597 2267 1634 ana
2291 1582 2476 1634 uncias
2501 1588 2624 1645 tres,

1191 1668 1383 1739 Sympi
1408 1666 1879 1738 Carsophyllorum
1903 1668 2120 1721 unciam
2145 1684 2342 1731 unam;

952 1754 1159 1809 Misce:

660 1866 763 1935 vel
818 1866 1013 1951 hujus
1070 1866 1212 1931 loco
1284 1886 1517 1949 aquam
1577 1865 1857 1948 aliquam
1921 1864 2364 1950 Epidemicam
2423 1864 2876 1948 simpliciorem

663 1970 965 2041 saccharo
1035 1969 1434 2035 dulcoratam
1494 1968 1788 2047 exhibeo,
1844 1969 2194 2034 interdicto
2267 1974 2640 2034 enematum
2699 1990 2874 2047 usu3

663 2094 857 2157 aegro
878 2073 1135 2157 juscula
1162 2094 1199 2137 e
1226 2074 1553 2158 pullorum
1581 2072 1903 2152 carnibus,
1935 2094 2268 2151 avenacea,
2299 2080 2423 2137 etc.
2455 2071 2766 2137 concedo.

357 2186 535 2264 eor-tex
548 2186 641 2235 Pe·
760 2176 925 2259 [33]
984 2176 1466 2241 Quartanarum
1524 2175 1697 2259 quod
1756 2175 1992 2239 attinet
2043 2177 2462 2255 curationem,
2521 2195 2714 2239 nemo
2779 2182 2880 2239 est

354 2266 591 2364 ssJfflff
670 2277 964 2360 (opinor,)
1020 2278 1094 2339 in
1143 2278 1265 2341 hac
1315 2279 1479 2341 Arte
1530 2277 1632 2342 vel
1679 2276 2082 2343 mediocriter
2127 2285 2413 2343 versatus
2461 2278 2571 2361 qui
2621 2277 2880 2341 nesciat

358 2381 551 2444 saepius
666 2400 861 2462 quam
909 2401 1139 2463 parum
1182 2379 1347 2444 votis
1395 2376 1832 2463 respondeant
1877 2379 2169 2443 methodi
2216 2379 2378 2445 istae
2431 2400 2656 2443 omnes
2699 2400 2879 2463 quae

360 2444 641 2572 3,ῗεῖῘῖ
665 2482 817 2548 huic
860 2483 1253 2548 Medicorum
1298 2483 1626 2566 opprobrio
1667 2482 1944 2548 eluendo
1993 2483 2306 2548 hactenus
2344 2482 2782 2562 destinantur,
2823 2483 2882 2547 si

356 2589 641 2689 gffljssm
666 2586 963 2655 corticem
995 2587 1429 2650 Peruvianum
1460 2585 1849 2669 excipiamus
1856 2611 1876 2665 ς
1915 2586 2026 2669 qui
2045 2593 2264 2652 tamen
2293 2586 2584 2650 inducias
2615 2586 2880 2679 saepius

666 2689 968 2772 impetrat
996 2689 1243 2767 morb0,
1276 2710 1470 2772 quam
1510 2688 1791 2752 eundem
1843 2688 2122 2752 debellat
2143 2715 2164 2767 3
2217 2709 2366 2753 cum
2415 2695 2762 2772 postquam
2795 2689 2882 2752 ad

672 2792 1066 2876 septimanas
1099 2792 1259 2856 duas
1290 2792 1391 2855 vel
1416 2798 1550 2854 tres
1597 2791 1944 2870 delituerit,
1975 2813 2214 2874 magno
2243 2812 2390 2856 cum
2421 2792 2598 2875 aegri
2627 2793 2884 2857 emolu-

356 2869 629 2984 ὀἳῗιξῃέθςή
667 2902 910 2974 mento,
946 2895 1056 2978 qui
1099 2894 1180 2962 ab
1221 2894 1333 2959 illo
1366 2894 1537 2958 male
1566 2894 1881 2958 multatus
1920 2895 2256 2978 paululum
2285 2895 2546 2958 interim
2575 2894 2882 2978 respirat,

358 2983 546 3032 ⁶⁰¹⁰¹¹¹·
665 3019 815 3062 mox
846 2998 929 3062 de
958 3019 1123 3062 novo
1152 2997 1627 3075 recrudescens,
1649 2995 1828 3060 haud
1855 2996 2116 3080 segnius
2148 3019 2342 3080 quam
2369 2997 2548 3081 prius
2573 2997 2883 3075 lacessit;

360 3055 525 3098 mento
548 3065 632 3099 ex-

360 3111 569 3188 hisetur,
668 3108 863 3184 atque
910 3107 987 3164 ut
1043 3100 1413 3183 plurimum,
1465 3099 1974 3182 quotiescunque
2023 3099 2284 3164 demum
2327 3105 2658 3182 repetatur
2710 3099 2888 3164 illud

357 3179 641 3290 fflaxgpffilu-
667 3203 1231 3280 medicamentum,
1262 3223 1397 3266 non
1434 3202 1563 3265 nisi
1607 3202 1804 3285 longo
1842 3203 2144 3286 temporis
2182 3209 2398 3268 tractu
2440 3209 2882 3285 expugnatur.

362 3307 471 3368 ejus
494 3321 587 3355 ¹¹⁸¹²
668 3304 970 3372 Referam
1028 3309 1252 3368 tamen
1310 3303 1613 3388 quicquid
1675 3304 1756 3369 de
1813 3305 2120 3374 methodo
2172 3304 2462 3387 ejusdem
2521 3303 2888 3368 exhibendi

357 3379 561 3484 ‘2233‘
584 3388 614 3421 ⁸
663 3405 871 3471 habeo
901 3413 1317 3491 compertum.

358 3515 627 3595 Met-boda?
762 3510 928 3593 [34]
982 3508 1357 3575 Curandum
1388 3515 1539 3574 estw
1568 3515 1722 3575 ante
1751 3511 1970 3574 omnia
1997 3532 2079 3574 ne
2105 3516 2512 3595 praemature
2540 3509 2736 3573 nimis
2765 3511 2886 3574 hic

358 3581 617 3694 ἶξξῗῑξῖἓὼ
664 3622 884 3681 cortex
930 3615 1283 3698 ingeratur,
1330 3621 1489 3680 ante
1534 3615 1778 3680 scilicet
1823 3637 2016 3699 quam
2059 3616 2322 3680 morbus
2367 3637 2483 3680 suo
2529 3637 2600 3680 se
2650 3614 2886 3680 Marte

665 3718 1129 3802 aliquantisper
1171 3718 1557 3801 protriverit,
1609 3719 1761 3800 (nisi
1802 3719 2300 3784 collabescentes
2345 3727 2411 3784 et
2446 3720 2586 3803 jam
2627 3718 2886 3785 fractae

664 3820 841 3903 aegri
884 3820 1047 3884 vires
1106 3820 1385 3884 eundem
1427 3819 1784 3903 temporius
1827 3822 2212 3886 sumendum
2255 3841 2392 3886 esse
2437 3821 2880 3904 dictaverint)

636 3925 877 4007 'neque
920 3923 1095 3986 enim
1138 3923 1299 3987 illud
1344 3923 1552 3988 solum
1595 3927 1696 3988 est
1743 3924 2182 4003 metuendum,
2227 3945 2312 3988 ne
2357 3946 2398 3987 a
2446 3945 2886 4008 praepropero

666 4028 805 4112 ejus
835 4047 957 4090 usu
986 4025 1274 4090 inefficax
1306 4025 1430 4096 iste
1458 4025 1769 4090 reddatur
1797 4032 1865 4091 et
1893 4048 2073 4111 spem
2103 4029 2274 4110 aegri
2304 4027 2506 4105 fallat,
2527 4027 2639 4091 sed
2675 4028 2885 4092 etiam

665 4152 752 4196 ne
810 4130 891 4194 de
943 4130 1121 4212 aegri
1169 4129 1303 4192 vita
1353 4136 1603 4211 agatur,
1657 4129 1714 4192 si
1771 4131 2073 4214 sanguini
2131 4131 2318 4195 omni
2355 4131 2886 4195 fermentationis

665 4235 815 4297 nisu
874 4255 941 4297 se
1002 4231 1411 4315 despumanti
1472 4253 1618 4295 eam
1675 4231 2024 4317 derepente
2095 4233 2458 4317 injiciamus
2528 4255 2882 4298 remoram.

667 4335 971 4404 Proximo
1009 4334 1172 4413 loco,
1216 4353 1429 4416 neque
1476 4333 1777 4412 catharsi,
1821 4335 2031 4399 multo
2074 4335 2292 4400 minus
2335 4335 2884 4414 venae-sectione,

728 4470 752 4492 ⁷
787 4463 863 4511 cf.
888 4463 1026 4511 form.
1056 4465 1163 4511 154.
1511 4469 1541 4492 ¹·
1579 4464 1840 4512 Curandum
1864 4472 1934 4512 est
1957 4463 2064 4528 ξω]
2091 4464 2170 4512 Gr.
2194 4466 2345 4526 Epist.
2370 4466 2585 4526 Respons.
2609 4466 2651 4512 Ι.
2679 4467 2704 4526 ς
2729 4467 2810 4512 88.
