<?xml version="1.0" encoding="UTF-8"?>
<!DOCTYPE html PUBLIC "-//W3C//DTD XHTML 1.0 Transitional//EN"
    "http://www.w3.org/TR/xhtml1/DTD/xhtml1-transitional.dtd">
<html xmlns="http://www.w3.org/1999/xhtml" xml:lang="en" lang="en">
 <head>
  <title>
</title>
<meta http-equiv="Content-Type" content="text/html;charset=utf-8" />
  <meta name='ocr-system' content='tesseract 3.04.00' />
  <meta name='ocr-capabilities' content='ocr_page ocr_carea ocr_par ocr_line ocrx_word'/>
</head>
<body>
  <div class='ocr_page' id='page_1' title='image "./operaomnia00khgoog_0531.png"; bbox 0 0 3138 5006; ppageno 0'>
   <div class='ocr_carea' id='block_1_1' title="bbox 738 243 2324 310">
    <p class='ocr_par' dir='ltr' id='par_1_1' title="bbox 738 243 2324 310">
     <span class='ocr_line' id='line_1_1' title="bbox 738 243 2324 310; baseline 0 -2"><span class='ocrx_word' id='word_1_1' title='bbox 738 247 869 308; x_wconf 88' lang='lat'><strong>508</strong></span> <span class='ocrx_word' id='word_1_2' title='bbox 1364 243 1758 310; x_wconf 78' lang='lat' dir='ltr'><strong>THOMAE</strong></span> <span class='ocrx_word' id='word_1_3' title='bbox 1805 243 2324 309; x_wconf 81' lang='lat' dir='ltr'>SYDENHAM</span> 
     </span>
    </p>
   </div>
   <div class='ocr_carea' id='block_1_2' title="bbox 436 401 2952 2439">
    <p class='ocr_par' dir='ltr' id='par_1_2' title="bbox 436 401 2952 2439">
     <span class='ocr_line' id='line_1_2' title="bbox 436 401 2930 492; baseline -0.003 -24"><span class='ocrx_word' id='word_1_4' title='bbox 436 417 715 468; x_wconf 63' lang='lat' dir='ltr'><strong>Dertona</strong></span> <span class='ocrx_word' id='word_1_5' title='bbox 740 413 993 492; x_wconf 86' lang='lat' dir='ltr'><strong>postero</strong></span> <span class='ocrx_word' id='word_1_6' title='bbox 1034 406 1159 471; x_wconf 86' lang='lat' dir='ltr'><strong>hoc</strong></span> <span class='ocrx_word' id='word_1_7' title='bbox 1204 405 1692 473; x_wconf 85' lang='lat' dir='ltr'><strong>sudorificorum</strong></span> <span class='ocrx_word' id='word_1_8' title='bbox 1737 406 1980 470; x_wconf 87' lang='lat' dir='ltr'><strong>abusu:</strong></span> <span class='ocrx_word' id='word_1_9' title='bbox 2026 404 2128 469; x_wconf 87' lang='lat' dir='ltr'><strong>his</strong></span> <span class='ocrx_word' id='word_1_10' title='bbox 2175 403 2352 468; x_wconf 87' lang='lat' dir='ltr'><strong>enim</strong></span> <span class='ocrx_word' id='word_1_11' title='bbox 2393 420 2572 466; x_wconf 88' lang='lat' dir='ltr'><strong>more</strong></span> <span class='ocrx_word' id='word_1_12' title='bbox 2611 401 2930 481; x_wconf 76' lang='lat' dir='ltr'><strong>receptum</strong></span> 
     </span>
     <span class='ocr_line' id='line_1_3' title="bbox 440 485 2932 596; baseline -0.005 -19"><span class='ocrx_word' id='word_1_13' title='bbox 440 485 707 596; x_wconf 52' lang='grc' dir='ltr'><strong>Ῑξαεζὲῗυ</strong></span> <span class='ocrx_word' id='word_1_14' title='bbox 741 519 859 590; x_wconf 89' lang='lat' dir='ltr'><strong>est,</strong></span> <span class='ocrx_word' id='word_1_15' title='bbox 904 517 1000 590; x_wconf 88' lang='lat' dir='ltr'><strong>ut,</strong></span> <span class='ocrx_word' id='word_1_16' title='bbox 1046 511 1103 574; x_wconf 91' lang='lat' dir='ltr'><strong>si</strong></span> <span class='ocrx_word' id='word_1_17' title='bbox 1160 511 1302 594; x_wconf 89' lang='lat' dir='ltr'><strong>quis</strong></span> <span class='ocrx_word' id='word_1_18' title='bbox 1360 509 1443 575; x_wconf 89' lang='lat' dir='ltr'><strong>de</strong></span> <span class='ocrx_word' id='word_1_19' title='bbox 1498 511 1712 594; x_wconf 86' lang='lat' dir='ltr'><strong>rigore</strong></span> <span class='ocrx_word' id='word_1_20' title='bbox 1761 517 1831 574; x_wconf 91' lang='lat' dir='ltr'><strong>et</strong></span> <span class='ocrx_word' id='word_1_21' title='bbox 1887 510 2114 594; x_wconf 90' lang='lat' dir='ltr'><strong>capitis</strong></span> <span class='ocrx_word' id='word_1_22' title='bbox 2171 515 2368 592; x_wconf 87' lang='lat' dir='ltr'><strong>atque</strong></span> <span class='ocrx_word' id='word_1_23' title='bbox 2423 506 2668 571; x_wconf 87' lang='lat' dir='ltr'><strong>ossium</strong></span> <span class='ocrx_word' id='word_1_24' title='bbox 2727 502 2932 567; x_wconf 87' lang='lat' dir='ltr'><strong>dolore</strong></span> 
     </span>
     <span class='ocr_line' id='line_1_4' title="bbox 746 605 2930 698; baseline -0.004 -20"><span class='ocrx_word' id='word_1_25' title='bbox 746 615 935 698; x_wconf 88' lang='lat' dir='ltr'><strong>(quae</strong></span> <span class='ocrx_word' id='word_1_26' title='bbox 985 620 1061 677; x_wconf 90' lang='lat' dir='ltr'><strong>ut</strong></span> <span class='ocrx_word' id='word_1_27' title='bbox 1110 613 1461 696; x_wconf 88' lang='lat' dir='ltr'><strong>plurimum</strong></span> <span class='ocrx_word' id='word_1_28' title='bbox 1510 612 1735 676; x_wconf 79' lang='lat' dir='ltr'>Febris</span> <span class='ocrx_word' id='word_1_29' title='bbox 1777 633 1927 678; x_wconf 79' lang='lat' dir='ltr'><strong>mox</strong></span> <span class='ocrx_word' id='word_1_30' title='bbox 1978 613 2316 677; x_wconf 79' lang='lat' dir='ltr'><strong>invasurae</strong></span> <span class='ocrx_word' id='word_1_31' title='bbox 2365 608 2699 694; x_wconf 85' lang='lat' dir='ltr'><strong>praeludia</strong></span> <span class='ocrx_word' id='word_1_32' title='bbox 2739 605 2930 686; x_wconf 83' lang='lat' dir='ltr'><strong>sunt,)</strong></span> 
     </span>
     <span class='ocr_line' id='line_1_5' title="bbox 740 706 2933 801; baseline -0.005 -20"><span class='ocrx_word' id='word_1_33' title='bbox 740 722 1189 801; x_wconf 76' lang='lat' dir='ltr'><strong>conqueratm,</strong></span> <span class='ocrx_word' id='word_1_34' title='bbox 1248 715 1572 798; x_wconf 83' lang='lat' dir='ltr'><strong>extemplo</strong></span> <span class='ocrx_word' id='word_1_35' title='bbox 1625 716 1814 780; x_wconf 90' lang='lat' dir='ltr'><strong>illum</strong></span> <span class='ocrx_word' id='word_1_36' title='bbox 1879 716 2049 780; x_wconf 90' lang='lat' dir='ltr'><strong>lecto</strong></span> <span class='ocrx_word' id='word_1_37' title='bbox 2115 714 2506 800; x_wconf 88' lang='lat' dir='ltr'><strong>adjudicant,</strong></span> <span class='ocrx_word' id='word_1_38' title='bbox 2567 717 2634 776; x_wconf 88' lang='lat' dir='ltr'><strong>et</strong></span> <span class='ocrx_word' id='word_1_39' title='bbox 2693 706 2933 773; x_wconf 87' lang='lat' dir='ltr'><strong>sudori-</strong></span> 
     </span>
     <span class='ocr_line' id='line_1_6' title="bbox 738 813 2938 902; baseline -0.005 -20"><span class='ocrx_word' id='word_1_40' title='bbox 738 817 861 882; x_wconf 88' lang='lat' dir='ltr'><strong>bus</strong></span> <span class='ocrx_word' id='word_1_41' title='bbox 918 837 1175 902; x_wconf 88' lang='lat' dir='ltr'><strong>quoquo</strong></span> <span class='ocrx_word' id='word_1_42' title='bbox 1231 817 1423 883; x_wconf 91' lang='lat' dir='ltr'><strong>modo</strong></span> <span class='ocrx_word' id='word_1_43' title='bbox 1482 818 1936 902; x_wconf 74' lang='lat' dir='ltr'><strong>extorquendis</strong></span> <span class='ocrx_word' id='word_1_44' title='bbox 1993 818 2117 883; x_wconf 90' lang='lat' dir='ltr'><strong>toti</strong></span> <span class='ocrx_word' id='word_1_45' title='bbox 2175 815 2584 881; x_wconf 79' lang='lat' dir='ltr'><strong>incumbunt.</strong></span> <span class='ocrx_word' id='word_1_46' title='bbox 2691 813 2757 875; x_wconf 89' lang='lat' dir='ltr'>A</span> <span class='ocrx_word' id='word_1_47' title='bbox 2813 829 2938 893; x_wconf 90' lang='lat' dir='ltr'><strong>quo</strong></span> 
     </span>
     <span class='ocr_line' id='line_1_7' title="bbox 738 915 2938 1007; baseline -0.003 -21"><span class='ocrx_word' id='word_1_48' title='bbox 738 923 1107 1007; x_wconf 89' lang='lat' dir='ltr'><strong>importuno</strong></span> <span class='ocrx_word' id='word_1_49' title='bbox 1150 923 1483 989; x_wconf 84' lang='lat' dir='ltr'><strong>molimine</strong></span> <span class='ocrx_word' id='word_1_50' title='bbox 1532 929 1794 986; x_wconf 85' lang='lat' dir='ltr'><strong>tantum</strong></span> <span class='ocrx_word' id='word_1_51' title='bbox 1846 923 2027 986; x_wconf 86' lang='lat' dir='ltr'><strong>abest</strong></span> <span class='ocrx_word' id='word_1_52' title='bbox 2071 928 2154 985; x_wconf 90' lang='lat' dir='ltr'><strong>ut</strong></span> <span class='ocrx_word' id='word_1_53' title='bbox 2198 925 2648 1006; x_wconf 71' lang='lat' dir='ltr'><strong>praecaveatur</strong></span> <span class='ocrx_word' id='word_1_54' title='bbox 2697 915 2938 992; x_wconf 82' lang='lat' dir='ltr'><strong>Febris,</strong></span> 
     </span>
     <span class='ocr_line' id='line_1_8' title="bbox 746 1019 2939 1109; baseline -0.005 -19"><span class='ocrx_word' id='word_1_55' title='bbox 746 1025 933 1108; x_wconf 85' lang='lat' dir='ltr'><strong>(quae</strong></span> <span class='ocrx_word' id='word_1_56' title='bbox 990 1025 1158 1090; x_wconf 88' lang='lat' dir='ltr'><strong>forte</strong></span> <span class='ocrx_word' id='word_1_57' title='bbox 1214 1025 1315 1090; x_wconf 91' lang='lat' dir='ltr'><strong>vel</strong></span> <span class='ocrx_word' id='word_1_58' title='bbox 1373 1047 1490 1090; x_wconf 88' lang='lat' dir='ltr'><strong>sua</strong></span> <span class='ocrx_word' id='word_1_59' title='bbox 1540 1030 1788 1109; x_wconf 89' lang='lat' dir='ltr'><strong>sponte,</strong></span> <span class='ocrx_word' id='word_1_60' title='bbox 1840 1025 1942 1089; x_wconf 82' lang='lat' dir='ltr'><strong>vel</strong></span> <span class='ocrx_word' id='word_1_61' title='bbox 1999 1024 2249 1088; x_wconf 81' lang='lat' dir='ltr'><strong>eductis</strong></span> <span class='ocrx_word' id='word_1_62' title='bbox 2309 1023 2552 1105; x_wconf 81' lang='lat' dir='ltr'><strong>aliquot</strong></span> <span class='ocrx_word' id='word_1_63' title='bbox 2609 1019 2939 1102; x_wconf 74' lang='lat' dir='ltr'><strong>sanguinis</strong></span> 
     </span>
     <span class='ocr_line' id='line_1_9' title="bbox 740 1120 2938 1211; baseline -0.003 -19"><span class='ocrx_word' id='word_1_64' title='bbox 740 1128 967 1206; x_wconf 89' lang='lat' dir='ltr'><strong>unciis,</strong></span> <span class='ocrx_word' id='word_1_65' title='bbox 997 1133 1297 1211; x_wconf 87' lang='lat' dir='ltr'><strong>potuerat</strong></span> <span class='ocrx_word' id='word_1_66' title='bbox 1328 1129 1750 1210; x_wconf 83' lang='lat' dir='ltr'><strong>evanescere,)</strong></span> <span class='ocrx_word' id='word_1_67' title='bbox 1787 1133 1860 1190; x_wconf 90' lang='lat' dir='ltr'><strong>ut</strong></span> <span class='ocrx_word' id='word_1_68' title='bbox 1888 1148 1925 1190; x_wconf 91' lang='lat' dir='ltr'><strong>e</strong></span> <span class='ocrx_word' id='word_1_69' title='bbox 1955 1133 2183 1190; x_wconf 85' lang='lat' dir='ltr'><strong>contra</strong></span> <span class='ocrx_word' id='word_1_70' title='bbox 2221 1125 2427 1208; x_wconf 88' lang='lat' dir='ltr'><strong>magis</strong></span> <span class='ocrx_word' id='word_1_71' title='bbox 2457 1143 2727 1188; x_wconf 81' lang='lat' dir='ltr'><strong>accensa</strong></span> <span class='ocrx_word' id='word_1_72' title='bbox 2751 1120 2938 1186; x_wconf 80' lang='lat' dir='ltr'><strong>vehe-</strong></span> 
     </span>
     <span class='ocr_line' id='line_1_10' title="bbox 739 1225 2938 1312; baseline -0.003 -18"><span class='ocrx_word' id='word_1_73' title='bbox 739 1231 1026 1295; x_wconf 81' lang='lat' dir='ltr'><strong>mentius</strong></span> <span class='ocrx_word' id='word_1_74' title='bbox 1055 1230 1442 1308; x_wconf 76' lang='lat' dir='ltr'><strong>exardescat,</strong></span> <span class='ocrx_word' id='word_1_75' title='bbox 1474 1235 1541 1294; x_wconf 89' lang='lat' dir='ltr'><strong>et</strong></span> <span class='ocrx_word' id='word_1_76' title='bbox 1579 1229 1650 1294; x_wconf 91' lang='lat' dir='ltr'><strong>in</strong></span> <span class='ocrx_word' id='word_1_77' title='bbox 1684 1229 1980 1294; x_wconf 89' lang='lat' dir='ltr'><strong>morbum</strong></span> <span class='ocrx_word' id='word_1_78' title='bbox 2017 1229 2156 1312; x_wconf 85' lang='lat' dir='ltr'><strong>jam</strong></span> <span class='ocrx_word' id='word_1_79' title='bbox 2197 1227 2556 1292; x_wconf 88' lang='lat' dir='ltr'><strong>radicatum</strong></span> <span class='ocrx_word' id='word_1_80' title='bbox 2601 1225 2938 1290; x_wconf 87' lang='lat' dir='ltr'><strong>confirma-</strong></span> 
     </span>
     <span class='ocr_line' id='line_1_11' title="bbox 738 1325 2939 1415; baseline -0.004 -19"><span class='ocrx_word' id='word_1_81' title='bbox 738 1341 1011 1415; x_wconf 88' lang='lat' dir='ltr'><strong>tumque</strong></span> <span class='ocrx_word' id='word_1_82' title='bbox 1054 1331 1260 1396; x_wconf 87' lang='lat' dir='ltr'><strong>abeat.</strong></span> <span class='ocrx_word' id='word_1_83' title='bbox 1360 1330 1527 1415; x_wconf 85' lang='lat'>[40.]</span> <span class='ocrx_word' id='word_1_84' title='bbox 1582 1331 1754 1394; x_wconf 92' lang='lat' dir='ltr'><strong>Illud</strong></span> <span class='ocrx_word' id='word_1_85' title='bbox 1796 1331 2060 1414; x_wconf 83' lang='lat' dir='ltr'><strong>insuper</strong></span> <span class='ocrx_word' id='word_1_86' title='bbox 2109 1331 2209 1412; x_wconf 88' lang='lat' dir='ltr'><strong>(ut</strong></span> <span class='ocrx_word' id='word_1_87' title='bbox 2248 1329 2495 1393; x_wconf 81' lang='lat' dir='ltr'><strong>vetulas</strong></span> <span class='ocrx_word' id='word_1_88' title='bbox 2530 1327 2673 1410; x_wconf 86' lang='lat' dir='ltr'><strong>jam</strong></span> <span class='ocrx_word' id='word_1_89' title='bbox 2715 1325 2939 1388; x_wconf 86' lang='lat' dir='ltr'><strong>missas</strong></span> 
     </span>
     <span class='ocr_line' id='line_1_12' title="bbox 740 1428 2941 1519; baseline -0.003 -21"><span class='ocrx_word' id='word_1_90' title='bbox 740 1435 1097 1519; x_wconf 86' lang='lat' dir='ltr'><strong>faciamus,)</strong></span> <span class='ocrx_word' id='word_1_91' title='bbox 1128 1433 1535 1498; x_wconf 86' lang='lat' dir='ltr'><strong>notissimum</strong></span> <span class='ocrx_word' id='word_1_92' title='bbox 1576 1441 1694 1513; x_wconf 85' lang='lat' dir='ltr'><strong>est,</strong></span> <span class='ocrx_word' id='word_1_93' title='bbox 1725 1434 1917 1518; x_wconf 91' lang='lat' dir='ltr'><strong>quod,</strong></span> <span class='ocrx_word' id='word_1_94' title='bbox 1949 1433 2115 1497; x_wconf 87' lang='lat' dir='ltr'><strong>sicut</strong></span> <span class='ocrx_word' id='word_1_95' title='bbox 2151 1433 2414 1498; x_wconf 90' lang='lat' dir='ltr'><strong>sudores</strong></span> <span class='ocrx_word' id='word_1_96' title='bbox 2452 1430 2564 1494; x_wconf 86' lang='lat' dir='ltr'><strong>isti</strong></span> <span class='ocrx_word' id='word_1_97' title='bbox 2591 1429 2704 1513; x_wconf 92' lang='lat' dir='ltr'><strong>qui</strong></span> <span class='ocrx_word' id='word_1_98' title='bbox 2733 1428 2941 1493; x_wconf 87' lang='lat' dir='ltr'><strong>Febre</strong></span> 
     </span>
     <span class='ocr_line' id='line_1_13' title="bbox 739 1530 2942 1621; baseline -0.004 -21"><span class='ocrx_word' id='word_1_99' title='bbox 739 1537 1021 1621; x_wconf 87' lang='lat' dir='ltr'><strong>primum</strong></span> <span class='ocrx_word' id='word_1_100' title='bbox 1048 1538 1392 1620; x_wconf 82' lang='lat' dir='ltr'><strong>ingruente</strong></span> <span class='ocrx_word' id='word_1_101' title='bbox 1420 1535 1761 1620; x_wconf 86' lang='lat' dir='ltr'><strong>spontanei</strong></span> <span class='ocrx_word' id='word_1_102' title='bbox 1789 1542 2155 1619; x_wconf 87' lang='lat' dir='ltr'><strong>erumpunt,</strong></span> <span class='ocrx_word' id='word_1_103' title='bbox 2180 1532 2654 1620; x_wconf 81' lang='lat' dir='ltr'><strong>symptomatici</strong></span> <span class='ocrx_word' id='word_1_104' title='bbox 2674 1530 2942 1595; x_wconf 90' lang='lat' dir='ltr'><strong>omnino</strong></span> 
     </span>
     <span class='ocr_line' id='line_1_14' title="bbox 742 1631 2942 1722; baseline -0.002 -20"><span class='ocrx_word' id='word_1_105' title='bbox 742 1645 917 1716; x_wconf 87' lang='lat' dir='ltr'><strong>sunt,</strong></span> <span class='ocrx_word' id='word_1_106' title='bbox 938 1639 1311 1703; x_wconf 87' lang='lat' dir='ltr'><strong>nullatenus</strong></span> <span class='ocrx_word' id='word_1_107' title='bbox 1337 1658 1486 1703; x_wconf 85' lang='lat' dir='ltr'><strong>vero</strong></span> <span class='ocrx_word' id='word_1_108' title='bbox 1515 1637 1753 1712; x_wconf 83' lang='lat' dir='ltr'><strong>critici3</strong></span> <span class='ocrx_word' id='word_1_109' title='bbox 1801 1638 1896 1702; x_wconf 87' lang='lat' dir='ltr'><strong>ita</strong></span> <span class='ocrx_word' id='word_1_110' title='bbox 1923 1639 2140 1717; x_wconf 88' lang='lat' dir='ltr'><strong>etiam,</strong></span> <span class='ocrx_word' id='word_1_111' title='bbox 2163 1639 2274 1722; x_wconf 89' lang='lat' dir='ltr'><strong>qui</strong></span> <span class='ocrx_word' id='word_1_112' title='bbox 2301 1636 2522 1721; x_wconf 86' lang='lat' dir='ltr'><strong>primis</strong></span> <span class='ocrx_word' id='word_1_113' title='bbox 2551 1631 2778 1700; x_wconf 81' lang='lat' dir='ltr'><strong>Febris</strong></span> <span class='ocrx_word' id='word_1_114' title='bbox 2809 1632 2942 1697; x_wconf 75' lang='lat' dir='ltr'><strong>die-</strong></span> 
     </span>
     <span class='ocr_line' id='line_1_15' title="bbox 740 1734 2942 1824; baseline -0.003 -19"><span class='ocrx_word' id='word_1_115' title='bbox 740 1741 863 1805; x_wconf 88' lang='lat' dir='ltr'><strong>bus</strong></span> <span class='ocrx_word' id='word_1_116' title='bbox 908 1739 1487 1824; x_wconf 86' lang='lat' dir='ltr'><strong>diaphoreticorum</strong></span> <span class='ocrx_word' id='word_1_117' title='bbox 1530 1739 1592 1802; x_wconf 83' lang='lat' dir='ltr'><strong>vi</strong></span> <span class='ocrx_word' id='word_1_118' title='bbox 1635 1741 2102 1822; x_wconf 86' lang='lat' dir='ltr'><strong>exprimuntur,</strong></span> <span class='ocrx_word' id='word_1_119' title='bbox 2147 1740 2311 1804; x_wconf 89' lang='lat' dir='ltr'><strong>nihil</strong></span> <span class='ocrx_word' id='word_1_120' title='bbox 2353 1738 2558 1822; x_wconf 87' lang='lat' dir='ltr'><strong>magis</strong></span> <span class='ocrx_word' id='word_1_121' title='bbox 2601 1736 2690 1801; x_wconf 88' lang='lat' dir='ltr'><strong>ad</strong></span> <span class='ocrx_word' id='word_1_122' title='bbox 2729 1734 2942 1799; x_wconf 85' lang='lat' dir='ltr'><strong>morbi</strong></span> 
     </span>
     <span class='ocr_line' id='line_1_16' title="bbox 740 1840 2940 1926; baseline -0.003 -20"><span class='ocrx_word' id='word_1_123' title='bbox 740 1843 1141 1907; x_wconf 89' lang='lat' dir='ltr'><strong>curationem</strong></span> <span class='ocrx_word' id='word_1_124' title='bbox 1168 1842 1547 1926; x_wconf 89' lang='lat' dir='ltr'><strong>plerumque</strong></span> <span class='ocrx_word' id='word_1_125' title='bbox 1587 1842 1929 1907; x_wconf 85' lang='lat' dir='ltr'><strong>conferunt</strong></span> <span class='ocrx_word' id='word_1_126' title='bbox 1959 1865 2152 1926; x_wconf 90' lang='lat' dir='ltr'><strong>quam</strong></span> <span class='ocrx_word' id='word_1_127' title='bbox 2183 1843 2390 1908; x_wconf 86' lang='lat' dir='ltr'><strong>solent</strong></span> <span class='ocrx_word' id='word_1_128' title='bbox 2426 1841 2613 1905; x_wconf 85' lang='lat' dir='ltr'><strong>alteri</strong></span> <span class='ocrx_word' id='word_1_129' title='bbox 2639 1840 2740 1903; x_wconf 85' lang='lat' dir='ltr'><strong>illi</strong></span> <span class='ocrx_word' id='word_1_130' title='bbox 2769 1859 2940 1922; x_wconf 79' lang='lat' dir='ltr'><strong>sym-</strong></span> 
     </span>
     <span class='ocr_line' id='line_1_17' title="bbox 738 1942 2944 2028; baseline -0.003 -18"><span class='ocrx_word' id='word_1_131' title='bbox 738 1945 1077 2028; x_wconf 86' lang='lat' dir='ltr'><strong>ptomatici</strong></span> <span class='ocrx_word' id='word_1_132' title='bbox 1121 1945 1215 2008; x_wconf 90' lang='lat' dir='ltr'><strong>ita</strong></span> <span class='ocrx_word' id='word_1_133' title='bbox 1254 1950 1660 2028; x_wconf 87' lang='lat' dir='ltr'><strong>praemature</strong></span> <span class='ocrx_word' id='word_1_134' title='bbox 1705 1967 1820 2009; x_wconf 86' lang='lat' dir='ltr'><strong>sua</strong></span> <span class='ocrx_word' id='word_1_135' title='bbox 1861 1953 2091 2028; x_wconf 88' lang='lat' dir='ltr'><strong>sponte</strong></span> <span class='ocrx_word' id='word_1_136' title='bbox 2139 1950 2498 2022; x_wconf 90' lang='lat' dir='ltr'><strong>manantes,</strong></span> <span class='ocrx_word' id='word_1_137' title='bbox 2543 1942 2668 2006; x_wconf 87' lang='lat' dir='ltr'><strong>hoc</strong></span> <span class='ocrx_word' id='word_1_138' title='bbox 2712 1948 2818 2005; x_wconf 87' lang='lat' dir='ltr'><strong>est</strong></span> <span class='ocrx_word' id='word_1_139' title='bbox 2865 1949 2944 2004; x_wconf 88' lang='lat' dir='ltr'><strong>ut</strong></span> 
     </span>
     <span class='ocr_line' id='line_1_18' title="bbox 739 2043 2947 2132; baseline -0.002 -20"><span class='ocrx_word' id='word_1_140' title='bbox 739 2047 1111 2132; x_wconf 84' lang='lat' dir='ltr'><strong>plurimum,</strong></span> <span class='ocrx_word' id='word_1_141' title='bbox 1142 2067 1227 2112; x_wconf 90' lang='lat' dir='ltr'><strong>ne</strong></span> <span class='ocrx_word' id='word_1_142' title='bbox 1253 2047 1463 2111; x_wconf 88' lang='lat' dir='ltr'><strong>hilum</strong></span> <span class='ocrx_word' id='word_1_143' title='bbox 1492 2046 1770 2130; x_wconf 81' lang='lat' dir='ltr'><strong>quidem.</strong></span> <span class='ocrx_word' id='word_1_144' title='bbox 1840 2047 2095 2111; x_wconf 87' lang='lat' dir='ltr'><strong>Deinde</strong></span> <span class='ocrx_word' id='word_1_145' title='bbox 2120 2067 2292 2125; x_wconf 80' lang='lat' dir='ltr'><strong>vero,</strong></span> <span class='ocrx_word' id='word_1_146' title='bbox 2321 2047 2489 2110; x_wconf 88' lang='lat' dir='ltr'><strong>sicut</strong></span> <span class='ocrx_word' id='word_1_147' title='bbox 2521 2045 2788 2128; x_wconf 83' lang='lat' dir='ltr'><strong>ignorat</strong></span> <span class='ocrx_word' id='word_1_148' title='bbox 2817 2043 2947 2107; x_wconf 88' lang='lat' dir='ltr'><strong>Ars</strong></span> 
     </span>
     <span class='ocr_line' id='line_1_19' title="bbox 742 2146 2948 2233; baseline -0.003 -19"><span class='ocrx_word' id='word_1_149' title='bbox 742 2149 1295 2233; x_wconf 87' lang='lat' dir='ltr'><strong>opportunitatem</strong></span> <span class='ocrx_word' id='word_1_150' title='bbox 1332 2149 1511 2213; x_wconf 86' lang='lat' dir='ltr'><strong>illam</strong></span> <span class='ocrx_word' id='word_1_151' title='bbox 1544 2148 1852 2233; x_wconf 87' lang='lat' dir='ltr'><strong>temporis</strong></span> <span class='ocrx_word' id='word_1_152' title='bbox 1881 2171 2010 2233; x_wconf 89' lang='lat' dir='ltr'><strong>qua</strong></span> <span class='ocrx_word' id='word_1_153' title='bbox 2043 2149 2305 2213; x_wconf 88' lang='lat' dir='ltr'><strong>sudores</strong></span> <span class='ocrx_word' id='word_1_154' title='bbox 2343 2147 2638 2212; x_wconf 85' lang='lat' dir='ltr'><strong>eliciendi</strong></span> <span class='ocrx_word' id='word_1_155' title='bbox 2673 2146 2948 2222; x_wconf 78' lang='lat' dir='ltr'><strong>flierint,</strong></span> 
     </span>
     <span class='ocr_line' id='line_1_20' title="bbox 740 2249 2950 2336; baseline -0.002 -20"><span class='ocrx_word' id='word_1_156' title='bbox 740 2253 835 2316; x_wconf 89' lang='lat' dir='ltr'><strong>ita</strong></span> <span class='ocrx_word' id='word_1_157' title='bbox 861 2252 1104 2336; x_wconf 86' lang='lat' dir='ltr'><strong>pariter</strong></span> <span class='ocrx_word' id='word_1_158' title='bbox 1130 2251 1349 2315; x_wconf 90' lang='lat' dir='ltr'><strong>nescia</strong></span> <span class='ocrx_word' id='word_1_159' title='bbox 1368 2257 1467 2316; x_wconf 87' lang='lat' dir='ltr'><strong>est</strong></span> <span class='ocrx_word' id='word_1_160' title='bbox 1489 2272 1682 2334; x_wconf 92' lang='lat' dir='ltr'><strong>quam</strong></span> <span class='ocrx_word' id='word_1_161' title='bbox 1713 2252 1826 2315; x_wconf 91' lang='lat' dir='ltr'><strong>diu</strong></span> <span class='ocrx_word' id='word_1_162' title='bbox 1853 2251 1924 2315; x_wconf 91' lang='lat' dir='ltr'><strong>in</strong></span> <span class='ocrx_word' id='word_1_163' title='bbox 1953 2251 2181 2316; x_wconf 87' lang='lat' dir='ltr'><strong>iisdem</strong></span> <span class='ocrx_word' id='word_1_164' title='bbox 2203 2249 2618 2316; x_wconf 88' lang='lat' dir='ltr'><strong>sollicitandis</strong></span> <span class='ocrx_word' id='word_1_165' title='bbox 2648 2269 2950 2332; x_wconf 75' lang='lat' dir='ltr'><strong>perseve-</strong></span> 
     </span>
     <span class='ocr_line' id='line_1_21' title="bbox 740 2354 2952 2439; baseline -0.002 -21"><span class='ocrx_word' id='word_1_166' title='bbox 740 2355 1016 2419; x_wconf 88' lang='lat' dir='ltr'><strong>randum</strong></span> <span class='ocrx_word' id='word_1_167' title='bbox 1047 2355 1150 2419; x_wconf 89' lang='lat' dir='ltr'><strong>sit.</strong></span> <span class='ocrx_word' id='word_1_168' title='bbox 1243 2354 1436 2420; x_wconf 80' lang='lat' dir='ltr'><strong>Quod</strong></span> <span class='ocrx_word' id='word_1_169' title='bbox 1465 2355 1519 2419; x_wconf 92' lang='lat' dir='ltr'><strong>si</strong></span> <span class='ocrx_word' id='word_1_170' title='bbox 1548 2355 1937 2439; x_wconf 86' lang='lat' dir='ltr'><strong>diaphoresis</strong></span> <span class='ocrx_word' id='word_1_171' title='bbox 1975 2355 2151 2419; x_wconf 89' lang='lat' dir='ltr'><strong>ultra</strong></span> <span class='ocrx_word' id='word_1_172' title='bbox 2179 2354 2472 2419; x_wconf 88' lang='lat' dir='ltr'><strong>debitum</strong></span> <span class='ocrx_word' id='word_1_173' title='bbox 2499 2359 2783 2434; x_wconf 87' lang='lat' dir='ltr'><strong>tempus,</strong></span> <span class='ocrx_word' id='word_1_174' title='bbox 2819 2371 2952 2435; x_wconf 87' lang='lat' dir='ltr'><strong>quo</strong></span> 
     </span>
    </p>
   </div>
   <div class='ocr_carea' id='block_1_3' title="bbox 443 619 718 628">
    <p class='ocr_par' dir='ltr' id='par_1_3' title="bbox 443 619 718 628">
     <span class='ocr_line' id='line_1_22' title="bbox 443 619 718 628; baseline 0 0"><span class='ocrx_word' id='word_1_175' title='bbox 443 619 718 628; x_wconf 95' lang='lat' dir='ltr'><strong> </strong></span> 
     </span>
    </p>
   </div>
   <div class='ocr_carea' id='block_1_4' title="bbox 634 2454 2980 4493">
    <p class='ocr_par' dir='ltr' id='par_1_4' title="bbox 634 2454 2980 4493">
     <span class='ocr_line' id='line_1_23' title="bbox 742 2454 2954 2541; baseline -0.001 -21"><span class='ocrx_word' id='word_1_176' title='bbox 742 2455 982 2520; x_wconf 88' lang='lat' dir='ltr'><strong>scilicet</strong></span> <span class='ocrx_word' id='word_1_177' title='bbox 1028 2456 1299 2521; x_wconf 89' lang='lat' dir='ltr'><strong>materia</strong></span> <span class='ocrx_word' id='word_1_178' title='bbox 1346 2457 1644 2521; x_wconf 89' lang='lat' dir='ltr'><strong>morbum</strong></span> <span class='ocrx_word' id='word_1_179' title='bbox 1697 2457 2108 2523; x_wconf 87' lang='lat' dir='ltr'><strong>committens</strong></span> <span class='ocrx_word' id='word_1_180' title='bbox 2151 2457 2410 2541; x_wconf 91' lang='lat' dir='ltr'><strong>penitus</strong></span> <span class='ocrx_word' id='word_1_181' title='bbox 2451 2454 2648 2520; x_wconf 84' lang='lat' dir='ltr'><strong>fuerit</strong></span> <span class='ocrx_word' id='word_1_182' title='bbox 2695 2461 2954 2532; x_wconf 79' lang='lat' dir='ltr'><strong>exacta,</strong></span> 
     </span>
     <span class='ocr_line' id='line_1_24' title="bbox 740 2558 2955 2646; baseline -0.001 -23"><span class='ocrx_word' id='word_1_183' title='bbox 740 2558 1189 2642; x_wconf 83' lang='lat' dir='ltr'><strong>protrahatur3</strong></span> <span class='ocrx_word' id='word_1_184' title='bbox 1234 2560 1648 2625; x_wconf 88' lang='lat' dir='ltr'><strong>humidarum</strong></span> <span class='ocrx_word' id='word_1_185' title='bbox 1687 2563 1956 2627; x_wconf 87' lang='lat' dir='ltr'><strong>istarum</strong></span> <span class='ocrx_word' id='word_1_186' title='bbox 1995 2562 2480 2646; x_wconf 58' lang='lat' dir='ltr'><strong>Pmoulm,</strong></span> <span class='ocrx_word' id='word_1_187' title='bbox 2519 2558 2759 2643; x_wconf 87' lang='lat' dir='ltr'><strong>quibus</strong></span> <span class='ocrx_word' id='word_1_188' title='bbox 2801 2580 2955 2621; x_wconf 82' lang='lat' dir='ltr'><strong>san-</strong></span> 
     </span>
     <span class='ocr_line' id='line_1_25' title="bbox 741 2662 2960 2748; baseline -0 -23"><span class='ocrx_word' id='word_1_189' title='bbox 741 2662 885 2744; x_wconf 84' lang='lat' dir='ltr'><strong>guis</strong></span> <span class='ocrx_word' id='word_1_190' title='bbox 932 2662 1275 2727; x_wconf 88' lang='lat' dir='ltr'><strong>diluendus</strong></span> <span class='ocrx_word' id='word_1_191' title='bbox 1325 2665 2029 2748; x_wconf 88' lang='lat' dir='ltr'><strong>contemperandusque</strong></span> <span class='ocrx_word' id='word_1_192' title='bbox 2073 2667 2230 2743; x_wconf 87' lang='lat' dir='ltr'><strong>erat,</strong></span> <span class='ocrx_word' id='word_1_193' title='bbox 2283 2662 2670 2746; x_wconf 79' lang='lat' dir='ltr'><strong>absumptiO,</strong></span> <span class='ocrx_word' id='word_1_194' title='bbox 2715 2662 2960 2727; x_wconf 86' lang='lat' dir='ltr'><strong>Febris</strong></span> 
     </span>
     <span class='ocr_line' id='line_1_26' title="bbox 739 2762 2958 2830; baseline 0.001 -5"><span class='ocrx_word' id='word_1_195' title='bbox 739 2769 885 2826; x_wconf 88' lang='lat' dir='ltr'><strong>tum</strong></span> <span class='ocrx_word' id='word_1_196' title='bbox 923 2784 1141 2827; x_wconf 90' lang='lat' dir='ltr'><strong>morae</strong></span> <span class='ocrx_word' id='word_1_197' title='bbox 1185 2762 1572 2826; x_wconf 90' lang='lat' dir='ltr'><strong>diuturniori</strong></span> <span class='ocrx_word' id='word_1_198' title='bbox 1613 2772 1758 2827; x_wconf 89' lang='lat' dir='ltr'><strong>tum</strong></span> <span class='ocrx_word' id='word_1_199' title='bbox 1800 2766 2198 2830; x_wconf 87' lang='lat' dir='ltr'><strong>incremento</strong></span> <span class='ocrx_word' id='word_1_200' title='bbox 2239 2764 2654 2829; x_wconf 86' lang='lat' dir='ltr'><strong>ministrabit.</strong></span> <span class='ocrx_word' id='word_1_201' title='bbox 2773 2764 2958 2827; x_wconf 87' lang='lat' dir='ltr'><strong>Con·</strong></span> 
     </span>
     <span class='ocr_line' id='line_1_27' title="bbox 742 2865 2963 2949; baseline 0.002 -22"><span class='ocrx_word' id='word_1_202' title='bbox 742 2871 873 2929; x_wconf 88' lang='lat' dir='ltr'><strong>stat</strong></span> <span class='ocrx_word' id='word_1_203' title='bbox 904 2865 1125 2949; x_wconf 90' lang='lat' dir='ltr'><strong>itaque</strong></span> <span class='ocrx_word' id='word_1_204' title='bbox 1161 2885 1354 2948; x_wconf 88' lang='lat' dir='ltr'><strong>quam</strong></span> <span class='ocrx_word' id='word_1_205' title='bbox 1398 2865 1470 2928; x_wconf 91' lang='lat' dir='ltr'><strong>in</strong></span> <span class='ocrx_word' id='word_1_206' title='bbox 1508 2865 1757 2931; x_wconf 87' lang='lat' dir='ltr'><strong>lubrico</strong></span> <span class='ocrx_word' id='word_1_207' title='bbox 1793 2888 1895 2931; x_wconf 89' lang='lat' dir='ltr'><strong>res</strong></span> <span class='ocrx_word' id='word_1_208' title='bbox 1933 2868 2041 2932; x_wconf 92' lang='lat' dir='ltr'><strong>hic</strong></span> <span class='ocrx_word' id='word_1_209' title='bbox 2075 2873 2400 2947; x_wconf 82' lang='lat' dir='ltr'><strong>vertatur,</strong></span> <span class='ocrx_word' id='word_1_210' title='bbox 2385 2894 2400 2909; x_wconf 92' lang='lat'><strong>·</strong></span> <span class='ocrx_word' id='word_1_211' title='bbox 2445 2888 2594 2931; x_wconf 89' lang='lat' dir='ltr'><strong>cum</strong></span> <span class='ocrx_word' id='word_1_212' title='bbox 2633 2888 2672 2931; x_wconf 93' lang='lat' dir='ltr'><strong>e</strong></span> <span class='ocrx_word' id='word_1_213' title='bbox 2711 2874 2963 2931; x_wconf 87' lang='lat' dir='ltr'><strong>contra</strong></span> 
     </span>
     <span class='ocr_line' id='line_1_28' title="bbox 739 2967 2964 3059; baseline 0.001 -29"><span class='ocrx_word' id='word_1_214' title='bbox 739 2988 938 3051; x_wconf 88' lang='lat' dir='ltr'><strong>penes</strong></span> <span class='ocrx_word' id='word_1_215' title='bbox 985 2967 1317 3059; x_wconf 85' lang='lat' dir='ltr'><strong>Medicum</strong></span> <span class='ocrx_word' id='word_1_216' title='bbox 1364 2968 1467 3046; x_wconf 90' lang='lat' dir='ltr'><strong>sit,</strong></span> <span class='ocrx_word' id='word_1_217' title='bbox 1515 2968 1785 3031; x_wconf 87' lang='lat' dir='ltr'><strong>alteram</strong></span> <span class='ocrx_word' id='word_1_218' title='bbox 1836 2970 2014 3033; x_wconf 87' lang='lat' dir='ltr'><strong>illam</strong></span> <span class='ocrx_word' id='word_1_219' title='bbox 2071 2971 2450 3035; x_wconf 88' lang='lat' dir='ltr'><strong>methodum</strong></span> <span class='ocrx_word' id='word_1_220' title='bbox 2498 2990 2625 3055; x_wconf 91' lang='lat' dir='ltr'><strong>qua</strong></span> <span class='ocrx_word' id='word_1_221' title='bbox 2669 2970 2964 3034; x_wconf 86' lang='lat' dir='ltr'><strong>materia</strong></span> 
     </span>
     <span class='ocr_line' id='line_1_29' title="bbox 741 3069 2960 3157; baseline 0.001 -24"><span class='ocrx_word' id='word_1_222' title='bbox 741 3070 1012 3134; x_wconf 85' lang='lat' dir='ltr'><strong>Febrilis</strong></span> <span class='ocrx_word' id='word_1_223' title='bbox 1042 3091 1156 3154; x_wconf 89' lang='lat' dir='ltr'><strong>per</strong></span> <span class='ocrx_word' id='word_1_224' title='bbox 1182 3069 1687 3153; x_wconf 83' lang='lat' dir='ltr'><strong>phlebotomiam</strong></span> <span class='ocrx_word' id='word_1_225' title='bbox 1723 3078 1789 3136; x_wconf 92' lang='lat' dir='ltr'><strong>et</strong></span> <span class='ocrx_word' id='word_1_226' title='bbox 1832 3072 2158 3137; x_wconf 87' lang='lat' dir='ltr'><strong>catharsin</strong></span> <span class='ocrx_word' id='word_1_227' title='bbox 2193 3074 2586 3152; x_wconf 85' lang='lat' dir='ltr'><strong>eliminatur,</strong></span> <span class='ocrx_word' id='word_1_228' title='bbox 2616 3094 2738 3157; x_wconf 87' lang='lat' dir='ltr'><strong>pro</strong></span> <span class='ocrx_word' id='word_1_229' title='bbox 2773 3074 2960 3138; x_wconf 80' lang='lat' dir='ltr'><strong>arbi-</strong></span> 
     </span>
     <span class='ocr_line' id='line_1_30' title="bbox 740 3170 2967 3257; baseline 0.002 -22"><span class='ocrx_word' id='word_1_230' title='bbox 740 3172 867 3235; x_wconf 88' lang='lat' dir='ltr'><strong>trio</strong></span> <span class='ocrx_word' id='word_1_231' title='bbox 902 3191 1019 3234; x_wconf 90' lang='lat' dir='ltr'><strong>suo</strong></span> <span class='ocrx_word' id='word_1_232' title='bbox 1062 3170 1396 3235; x_wconf 88' lang='lat' dir='ltr'><strong>moderari.</strong></span> <span class='ocrx_word' id='word_1_233' title='bbox 1485 3171 1694 3251; x_wconf 90' lang='lat' dir='ltr'><strong>Adde,</strong></span> <span class='ocrx_word' id='word_1_234' title='bbox 1727 3174 1900 3257; x_wconf 91' lang='lat' dir='ltr'><strong>quod</strong></span> <span class='ocrx_word' id='word_1_235' title='bbox 1940 3174 2064 3239; x_wconf 90' lang='lat' dir='ltr'><strong>hoc</strong></span> <span class='ocrx_word' id='word_1_236' title='bbox 2107 3175 2304 3239; x_wconf 89' lang='lat' dir='ltr'><strong>etiam</strong></span> <span class='ocrx_word' id='word_1_237' title='bbox 2341 3177 2602 3239; x_wconf 89' lang='lat' dir='ltr'><strong>nomine</strong></span> <span class='ocrx_word' id='word_1_238' title='bbox 2640 3174 2807 3240; x_wconf 87' lang='lat' dir='ltr'><strong>haec</strong></span> <span class='ocrx_word' id='word_1_239' title='bbox 2852 3175 2967 3239; x_wconf 79' lang='lat' dir='ltr'><strong>ini</strong></span> 
     </span>
     <span class='ocr_line' id='line_1_31' title="bbox 742 3272 2964 3363; baseline 0.004 -28"><span class='ocrx_word' id='word_1_240' title='bbox 742 3272 925 3335; x_wconf 87' lang='lat' dir='ltr'><strong>alteri</strong></span> <span class='ocrx_word' id='word_1_241' title='bbox 970 3274 1424 3355; x_wconf 88' lang='lat' dir='ltr'><strong>anteponenda</strong></span> <span class='ocrx_word' id='word_1_242' title='bbox 1466 3282 1583 3353; x_wconf 89' lang='lat' dir='ltr'><strong>est,</strong></span> <span class='ocrx_word' id='word_1_243' title='bbox 1627 3276 1801 3359; x_wconf 90' lang='lat' dir='ltr'><strong>quod</strong></span> <span class='ocrx_word' id='word_1_244' title='bbox 1843 3276 2101 3357; x_wconf 83' lang='lat' dir='ltr'><strong>scilicet,</strong></span> <span class='ocrx_word' id='word_1_245' title='bbox 2143 3278 2200 3341; x_wconf 89' lang='lat' dir='ltr'><strong>si</strong></span> <span class='ocrx_word' id='word_1_246' title='bbox 2240 3278 2408 3343; x_wconf 87' lang='lat' dir='ltr'><strong>forte</strong></span> <span class='ocrx_word' id='word_1_247' title='bbox 2451 3278 2753 3342; x_wconf 87' lang='lat' dir='ltr'><strong>Medicus</strong></span> <span class='ocrx_word' id='word_1_248' title='bbox 2797 3301 2964 3363; x_wconf 83' lang='lat' dir='ltr'><strong>pro—</strong></span> 
     </span>
     <span class='ocr_line' id='line_1_32' title="bbox 742 3374 2964 3463; baseline 0.004 -27"><span class='ocrx_word' id='word_1_249' title='bbox 742 3375 1023 3457; x_wconf 89' lang='lat' dir='ltr'><strong>positum</strong></span> <span class='ocrx_word' id='word_1_250' title='bbox 1062 3374 1186 3438; x_wconf 86' lang='lat' dir='ltr'><strong>sibi</strong></span> <span class='ocrx_word' id='word_1_251' title='bbox 1228 3397 1493 3459; x_wconf 90' lang='lat' dir='ltr'><strong>scopum</strong></span> <span class='ocrx_word' id='word_1_252' title='bbox 1534 3398 1671 3442; x_wconf 90' lang='lat' dir='ltr'><strong>non</strong></span> <span class='ocrx_word' id='word_1_253' title='bbox 1707 3378 1991 3461; x_wconf 86' lang='lat' dir='ltr'><strong>attigerit</strong></span> <span class='ocrx_word' id='word_1_254' title='bbox 2031 3379 2106 3442; x_wconf 91' lang='lat' dir='ltr'><strong>in</strong></span> <span class='ocrx_word' id='word_1_255' title='bbox 2139 3380 2428 3444; x_wconf 85' lang='lat' dir='ltr'><strong>sanando</strong></span> <span class='ocrx_word' id='word_1_256' title='bbox 2466 3400 2676 3463; x_wconf 86' lang='lat' dir='ltr'><strong>aegr0,</strong></span> <span class='ocrx_word' id='word_1_257' title='bbox 2707 3381 2964 3445; x_wconf 85' lang='lat' dir='ltr'><strong>saltem</strong></span> 
     </span>
     <span class='ocr_line' id='line_1_33' title="bbox 744 3474 2967 3566; baseline 0.005 -27"><span class='ocrx_word' id='word_1_258' title='bbox 744 3474 1021 3539; x_wconf 89' lang='lat' dir='ltr'><strong>eundem</strong></span> <span class='ocrx_word' id='word_1_259' title='bbox 1062 3475 1134 3538; x_wconf 92' lang='lat' dir='ltr'><strong>in</strong></span> <span class='ocrx_word' id='word_1_260' title='bbox 1168 3477 1424 3541; x_wconf 90' lang='lat' dir='ltr'><strong>nullum</strong></span> <span class='ocrx_word' id='word_1_261' title='bbox 1458 3478 1802 3543; x_wconf 89' lang='lat' dir='ltr'><strong>discrimen</strong></span> <span class='ocrx_word' id='word_1_262' title='bbox 1845 3480 2125 3561; x_wconf 89' lang='lat' dir='ltr'><strong>adducit,</strong></span> <span class='ocrx_word' id='word_1_263' title='bbox 2159 3482 2332 3566; x_wconf 89' lang='lat' dir='ltr'><strong>quod</strong></span> <span class='ocrx_word' id='word_1_264' title='bbox 2371 3483 2443 3546; x_wconf 91' lang='lat' dir='ltr'><strong>in</strong></span> <span class='ocrx_word' id='word_1_265' title='bbox 2479 3483 2967 3566; x_wconf 81' lang='lat' dir='ltr'><strong>diaphoretioo-</strong></span> 
     </span>
     <span class='ocr_line' id='line_1_34' title="bbox 744 3580 2968 3662; baseline 0.003 -19"><span class='ocrx_word' id='word_1_266' title='bbox 744 3600 889 3643; x_wconf 83' lang='lat' dir='ltr'><strong>rum</strong></span> <span class='ocrx_word' id='word_1_267' title='bbox 916 3599 1043 3643; x_wconf 91' lang='lat' dir='ltr'><strong>usu</strong></span> <span class='ocrx_word' id='word_1_268' title='bbox 1071 3580 1411 3662; x_wconf 86' lang='lat' dir='ltr'><strong>contingit,</strong></span> <span class='ocrx_word' id='word_1_269' title='bbox 1442 3581 1569 3643; x_wconf 87' lang='lat' dir='ltr'><strong>nisi</strong></span> <span class='ocrx_word' id='word_1_270' title='bbox 1609 3582 2040 3647; x_wconf 83' lang='lat' dir='ltr'><strong>convalescat:</strong></span> <span class='ocrx_word' id='word_1_271' title='bbox 2089 3586 2334 3648; x_wconf 88' lang='lat' dir='ltr'><strong>etenim</strong></span> <span class='ocrx_word' id='word_1_272' title='bbox 2361 3586 2464 3649; x_wconf 82' lang='lat' dir='ltr'><strong>vel</strong></span> <span class='ocrx_word' id='word_1_273' title='bbox 2501 3586 2674 3649; x_wconf 84' lang='lat' dir='ltr'><strong>calor</strong></span> <span class='ocrx_word' id='word_1_274' title='bbox 2699 3584 2968 3649; x_wconf 85' lang='lat' dir='ltr'><strong>lectulo</strong></span> 
     </span>
     <span class='ocr_line' id='line_1_35' title="bbox 738 3680 2967 3770; baseline 0.004 -27"><span class='ocrx_word' id='word_1_275' title='bbox 738 3680 979 3763; x_wconf 87' lang='lat' dir='ltr'><strong>jugiter</strong></span> <span class='ocrx_word' id='word_1_276' title='bbox 1005 3680 1257 3759; x_wconf 89' lang='lat' dir='ltr'><strong>inclusi,</strong></span> <span class='ocrx_word' id='word_1_277' title='bbox 1288 3682 1393 3745; x_wconf 89' lang='lat' dir='ltr'><strong>cui</strong></span> <span class='ocrx_word' id='word_1_278' title='bbox 1419 3690 1675 3766; x_wconf 82' lang='lat' dir='ltr'><strong>praeter</strong></span> <span class='ocrx_word' id='word_1_279' title='bbox 1712 3685 1974 3748; x_wconf 91' lang='lat' dir='ltr'><strong>solitum</strong></span> <span class='ocrx_word' id='word_1_280' title='bbox 2011 3707 2258 3752; x_wconf 88' lang='lat' dir='ltr'><strong>morem</strong></span> <span class='ocrx_word' id='word_1_281' title='bbox 2302 3686 2677 3770; x_wconf 89' lang='lat' dir='ltr'><strong>aliquandiu</strong></span> <span class='ocrx_word' id='word_1_282' title='bbox 2715 3710 2789 3753; x_wconf 89' lang='lat' dir='ltr'><strong>se</strong></span> <span class='ocrx_word' id='word_1_283' title='bbox 2834 3688 2967 3752; x_wconf 54' lang='lat' dir='ltr'><strong>&#39;ad-</strong></span> 
     </span>
     <span class='ocr_line' id='line_1_36' title="bbox 746 3784 2970 3873; baseline 0.003 -26"><span class='ocrx_word' id='word_1_284' title='bbox 746 3784 923 3863; x_wconf 80' lang='lat' dir='ltr'><strong>dixit,</strong></span> <span class='ocrx_word' id='word_1_285' title='bbox 954 3786 1051 3867; x_wconf 83' lang='lat' dir='ltr'><strong>(ut</strong></span> <span class='ocrx_word' id='word_1_286' title='bbox 1080 3785 1371 3852; x_wconf 80' lang='lat' dir='ltr'><strong>cardiaca</strong></span> <span class='ocrx_word' id='word_1_287' title='bbox 1397 3806 1560 3868; x_wconf 89' lang='lat' dir='ltr'><strong>quae</strong></span> <span class='ocrx_word' id='word_1_288' title='bbox 1590 3786 1660 3849; x_wconf 90' lang='lat' dir='ltr'><strong>in</strong></span> <span class='ocrx_word' id='word_1_289' title='bbox 1688 3786 1812 3851; x_wconf 90' lang='lat' dir='ltr'><strong>hac</strong></span> <span class='ocrx_word' id='word_1_290' title='bbox 1838 3786 2142 3851; x_wconf 91' lang='lat' dir='ltr'><strong>medendi</strong></span> <span class='ocrx_word' id='word_1_291' title='bbox 2167 3790 2416 3853; x_wconf 90' lang='lat' dir='ltr'><strong>ratione</strong></span> <span class='ocrx_word' id='word_1_292' title='bbox 2443 3790 2659 3853; x_wconf 90' lang='lat' dir='ltr'><strong>locum</strong></span> <span class='ocrx_word' id='word_1_293' title='bbox 2687 3810 2970 3873; x_wconf 82' lang='lat' dir='ltr'><strong>semper</strong></span> 
     </span>
     <span class='ocr_line' id='line_1_37' title="bbox 744 3888 2971 3971; baseline 0 -16"><span class='ocrx_word' id='word_1_294' title='bbox 744 3888 1040 3955; x_wconf 87' lang='lat' dir='ltr'><strong>obtinent</strong></span> <span class='ocrx_word' id='word_1_295' title='bbox 1070 3889 1489 3969; x_wconf 59' lang='lat' dir='ltr'><strong>omittamus)</strong></span> <span class='ocrx_word' id='word_1_296' title='bbox 1524 3888 1818 3953; x_wconf 86' lang='lat' dir='ltr'><strong>Naturae</strong></span> <span class='ocrx_word' id='word_1_297' title='bbox 1845 3893 2283 3956; x_wconf 89' lang='lat' dir='ltr'><strong>oeconomiam</strong></span> <span class='ocrx_word' id='word_1_298' title='bbox 2312 3892 2670 3971; x_wconf 84' lang='lat' dir='ltr'><strong>confundit,</strong></span> <span class='ocrx_word' id='word_1_299' title='bbox 2693 3900 2762 3956; x_wconf 89' lang='lat' dir='ltr'><strong>et</strong></span> <span class='ocrx_word' id='word_1_300' title='bbox 2795 3913 2971 3958; x_wconf 86' lang='lat' dir='ltr'><strong>con-</strong></span> 
     </span>
     <span class='ocr_line' id='line_1_38' title="bbox 742 3991 2978 4078; baseline 0.002 -24"><span class='ocrx_word' id='word_1_301' title='bbox 742 3992 1015 4055; x_wconf 78' lang='lat' dir='ltr'><strong>vulsivos</strong></span> <span class='ocrx_word' id='word_1_302' title='bbox 1044 3998 1307 4059; x_wconf 86' lang='lat' dir='ltr'><strong>artuum</strong></span> <span class='ocrx_word' id='word_1_303' title='bbox 1344 3997 1559 4055; x_wconf 91' lang='lat' dir='ltr'><strong>motus</strong></span> <span class='ocrx_word' id='word_1_304' title='bbox 1600 3991 1846 4074; x_wconf 83' lang='lat' dir='ltr'><strong>aliaque</strong></span> <span class='ocrx_word' id='word_1_305' title='bbox 1871 4000 2316 4077; x_wconf 76' lang='lat' dir='ltr'><strong>,symptomata</strong></span> <span class='ocrx_word' id='word_1_306' title='bbox 2348 4015 2608 4078; x_wconf 90' lang='lat' dir='ltr'><strong>prorsus</strong></span> <span class='ocrx_word' id='word_1_307' title='bbox 2643 3997 2978 4061; x_wconf 79' lang='lat' dir='ltr'><strong>anomala</strong></span> 
     </span>
     <span class='ocr_line' id='line_1_39' title="bbox 744 4093 2980 4181; baseline 0.003 -23"><span class='ocrx_word' id='word_1_308' title='bbox 744 4094 969 4160; x_wconf 86' lang='lat' dir='ltr'><strong>adfert.</strong></span> <span class='ocrx_word' id='word_1_309' title='bbox 1018 4094 1203 4160; x_wconf 78' lang='lat' dir='ltr'><strong>Quae</strong></span> <span class='ocrx_word' id='word_1_310' title='bbox 1233 4114 1387 4159; x_wconf 87' lang='lat' dir='ltr'><strong>sane</strong></span> <span class='ocrx_word' id='word_1_311' title='bbox 1414 4093 1559 4157; x_wconf 91' lang='lat' dir='ltr'><strong>ideo</strong></span> <span class='ocrx_word' id='word_1_312' title='bbox 1590 4093 1896 4157; x_wconf 83' lang='lat' dir='ltr'><strong>delineari</strong></span> <span class='ocrx_word' id='word_1_313' title='bbox 1923 4118 2060 4160; x_wconf 90' lang='lat' dir='ltr'><strong>non</strong></span> <span class='ocrx_word' id='word_1_314' title='bbox 2086 4104 2377 4181; x_wconf 86' lang='lat' dir='ltr'><strong>possunt,</strong></span> <span class='ocrx_word' id='word_1_315' title='bbox 2400 4097 2552 4180; x_wconf 90' lang='lat' dir='ltr'><strong>quia</strong></span> <span class='ocrx_word' id='word_1_316' title='bbox 2579 4097 2699 4161; x_wconf 75' lang='lat' dir='ltr'><strong>sub</strong></span> <span class='ocrx_word' id='word_1_317' title='bbox 2730 4100 2980 4164; x_wconf 85' lang='lat' dir='ltr'><strong>morbi</strong></span> 
     </span>
     <span class='ocr_line' id='line_1_40' title="bbox 744 4196 2980 4283; baseline 0.002 -22"><span class='ocrx_word' id='word_1_318' title='bbox 744 4196 1076 4261; x_wconf 85' lang='lat' dir='ltr'><strong>historiam</strong></span> <span class='ocrx_word' id='word_1_319' title='bbox 1128 4217 1261 4259; x_wconf 91' lang='lat' dir='ltr'><strong>non</strong></span> <span class='ocrx_word' id='word_1_320' title='bbox 1316 4196 1575 4275; x_wconf 88' lang='lat' dir='ltr'><strong>cadunt,</strong></span> <span class='ocrx_word' id='word_1_321' title='bbox 1631 4197 1824 4279; x_wconf 92' lang='lat' dir='ltr'><strong>(quod</strong></span> <span class='ocrx_word' id='word_1_322' title='bbox 1871 4198 1942 4261; x_wconf 91' lang='lat' dir='ltr'><strong>in</strong></span> <span class='ocrx_word' id='word_1_323' title='bbox 1989 4200 2435 4283; x_wconf 85' lang='lat' dir='ltr'><strong>symptomatis</strong></span> <span class='ocrx_word' id='word_1_324' title='bbox 2485 4199 2810 4283; x_wconf 89' lang='lat' dir='ltr'><strong>plerisque</strong></span> <span class='ocrx_word' id='word_1_325' title='bbox 2877 4202 2980 4266; x_wconf 81' lang='lat' dir='ltr'><strong>ad</strong></span> 
     </span>
     <span class='ocr_line' id='line_1_41' title="bbox 744 4298 2980 4386; baseline 0.004 -26"><span class='ocrx_word' id='word_1_326' title='bbox 744 4298 1091 4379; x_wconf 88' lang='lat' dir='ltr'><strong>quemlibet</strong></span> <span class='ocrx_word' id='word_1_327' title='bbox 1135 4298 1433 4362; x_wconf 89' lang='lat' dir='ltr'><strong>morbum</strong></span> <span class='ocrx_word' id='word_1_328' title='bbox 1478 4298 1916 4381; x_wconf 89' lang='lat' dir='ltr'><strong>spectantibus</strong></span> <span class='ocrx_word' id='word_1_329' title='bbox 1959 4322 2084 4365; x_wconf 88' lang='lat' dir='ltr'><strong>usu</strong></span> <span class='ocrx_word' id='word_1_330' title='bbox 2125 4304 2344 4384; x_wconf 84' lang='lat' dir='ltr'><strong>venit,)</strong></span> <span class='ocrx_word' id='word_1_331' title='bbox 2395 4302 2508 4366; x_wconf 90' lang='lat' dir='ltr'><strong>sed</strong></span> <span class='ocrx_word' id='word_1_332' title='bbox 2552 4324 2591 4366; x_wconf 91' lang='lat' dir='ltr'><strong>a</strong></span> <span class='ocrx_word' id='word_1_333' title='bbox 2633 4306 2980 4386; x_wconf 76' lang='lat' dir='ltr'><strong>superad-</strong></span> 
     </span>
     <span class='ocr_line' id='line_1_42' title="bbox 634 4396 2980 4493; baseline 0.005 -33"><span class='ocrx_word' id='word_1_334' title='bbox 634 4416 647 4429; x_wconf 92' lang='lat'><strong>·</strong></span> <span class='ocrx_word' id='word_1_335' title='bbox 746 4396 880 4461; x_wconf 84' lang='lat' dir='ltr'><strong>dito</strong></span> <span class='ocrx_word' id='word_1_336' title='bbox 929 4400 1215 4464; x_wconf 89' lang='lat' dir='ltr'><strong>tumultu</strong></span> <span class='ocrx_word' id='word_1_337' title='bbox 1274 4408 1339 4465; x_wconf 90' lang='lat' dir='ltr'><strong>et</strong></span> <span class='ocrx_word' id='word_1_338' title='bbox 1400 4400 1772 4466; x_wconf 77' lang='lat' dir='ltr'><strong>confusione</strong></span> <span class='ocrx_word' id='word_1_339' title='bbox 1831 4402 2147 4482; x_wconf 87' lang='lat' dir='ltr'><strong>oriuntur,</strong></span> <span class='ocrx_word' id='word_1_340' title='bbox 2199 4404 2430 4489; x_wconf 89' lang='lat' dir='ltr'><strong>quibus</strong></span> <span class='ocrx_word' id='word_1_341' title='bbox 2489 4426 2676 4489; x_wconf 87' lang='lat' dir='ltr'><strong>saepe</strong></span> <span class='ocrx_word' id='word_1_342' title='bbox 2730 4409 2980 4493; x_wconf 83' lang='lat' dir='ltr'><strong>oppri-</strong></span> 
     </span>
    </p>
   </div>
  </div>
 </body>
</html>
