3138 5006
1024 292 1565 360 'I'RACTATUS
1614 296 1673 361 Ι.
1829 295 1836 300 ’
2311 299 2444 369 4⁴3⁷

242 477 420 522 acres
462 476 539 522 ac
588 461 1005 522 attenuantes
1050 457 1341 542 quilibet,
1380 459 1483 523 uti
1526 457 1612 524 ad
1653 460 1973 526 calculum
2017 462 2156 546 jam
2197 455 2444 528 factum
2491 484 2576 534 Da
2602 487 2740 538 ΡΟ»,

240 558 711 644 proritandum,
770 560 865 625 ita
921 560 1006 625 ad
1062 560 1340 626 eundem
1401 561 1846 644 generandum
1906 564 2121 643 etiam,
2171 564 2441 631 faciunt.
2528 566 2686 602 ΛΟΜ·

244 661 491 746 Liquor
546 682 838 746 sequens,
890 669 1117 746 utpote
1177 662 1289 746 qui
1346 669 1546 747 gustu
1595 685 1670 730 ae
1720 666 1932 731 colore
1980 664 2273 752 jucundo
2323 677 2444 750 est,

244 765 407 829 mihi
435 765 713 830 maxime
742 765 981 830 arridet
1002 790 1108 830 2—-

250 952 453 1016 [Form.
476 956 627 1021 950⁴
681 950 744 1031 R
786 952 1058 1020 [Radicis]
1086 954 1463 1027 Sarsaparillae
1486 955 1672 1010 uncias
1694 972 1808 1022 sex,

775 1040 937 1110 Ligni
964 1040 1243 1105 Sassafras,
1374 1074 1379 1078 ·

778 1125 1051 1198 [Radicis]
1078 1127 1302 1192 Chinae,

774 1213 1011 1267 Rasurae
1036 1214 1219 1267 Cornu
1242 1213 1416 1278 Cervi,
1438 1231 1543 1268 ana
1565 1215 1750 1269 uncias
1774 1213 1926 1282 duas,

776 1299 1049 1370 [Radicis]
1077 1300 1455 1371 Glycyrrhizae
1476 1301 1693 1354 unciam
1719 1319 1912 1367 unam;

529 1389 714 1456 Coque
748 1388 806 1440 in
838 1402 1009 1456 aquae
1044 1384 1293 1439 fontanae
1332 1388 1537 1456 congiis
1569 1387 1776 1442 duobus
1811 1405 1907 1459 per
1937 1388 2096 1445 horae
2137 1389 2449 1455 dimidium3

530 1471 721 1527 deinde
756 1480 897 1526 stent
933 1471 1110 1526 clause
1147 1489 1303 1542 super
1337 1473 1540 1526 cineres
1579 1472 1778 1528 calidos
1811 1491 1906 1545 per
1945 1476 2102 1530 horas
2136 1476 2448 1542 duodecim;

530 1568 714 1630 postea
739 1559 999 1614 ebulliant
1028 1559 1099 1612 ad
1130 1560 1315 1613 tertiae
1346 1560 1511 1629 partis
1543 1561 2029 1632 consumptionem:
2068 1580 2194 1618 cum
2217 1565 2450 1634 primum

528 1648 596 1699 ab
632 1647 757 1716 igne
792 1653 1118 1710 amoveatur,
1154 1643 1372 1698 infunde
1417 1644 1694 1699 Seminum
1735 1647 1886 1701 Anisi
1927 1652 2286 1714 semunciam;
2329 1659 2450 1720 post

532 1733 664 1786 duas
685 1732 839 1786 horas
862 1733 1076 1797 coletur,
1100 1739 1155 1786 et
1185 1739 1368 1802 postea
1390 1730 1674 1801 deputetur
1696 1749 1790 1803 per
1812 1733 2180 1802 residentiam‚'
2201 1745 2256 1790 et
2278 1737 2450 1806 liquor

531 1819 703 1873 clarus
724 1828 1008 1890 reponatur
1029 1819 1085 1872 in
1109 1819 1316 1889 lagenis
1339 1818 1515 1872 vitreis
1535 1819 1696 1888 probe
1719 1819 1912 1874 clausis
1931 1820 2003 1874 ad
2025 1837 2196 1876 usum.

350 1993 513 2078 [49.]
571 1993 701 2058 Hic
756 1993 969 2076 liquor
1016 1998 1163 2058 tum
1219 1991 1503 2076 primum
1562 1992 2078 2058 commodissime
2127 1994 2200 2058 in
2256 2016 2450 2059 usum
2475 2016 2670 2080 quando

250 2097 562 2175 trahetur,
602 2096 717 2160 ubi
758 2097 899 2180 quis
942 2118 983 2160 a
1017 2117 1399 2181 paroxysmo
1438 2096 1801 2176 convaluit,
1847 2103 2044 2190 atque
2081 2097 2152 2162 iu
2191 2117 2268 2163 eo
2307 2119 2450 2183 per·
2473 2082 2690 2194 ξζῑέζῖ

250 2199 691 2278 sever-andum,
731 2205 871 2264 tam
906 2200 980 2264 in
1016 2199 1171 2283 ipsis
1209 2198 1606 2283 paroxysmis
1643 2220 1838 2283 quam
1875 2200 1948 2264 in
1987 2221 2212 2266 eorum
2247 2202 2449 2266 inter-
2475 2211 2674 2259 dissime
2689 2211 2742 2258 in

250 2303 449 2382 vallis,
478 2323 596 2386 per
636 2303 960 2386 reliquum
1002 2301 1172 2367 vitae
1207 2321 1505 2365 cursum:
1548 2321 1764 2385 neque
1801 2303 1976 2366 enim
2019 2304 2175 2368 satis
2203 2305 2449 2370 factum
2473 2289 2624 2389 ἓξὲξ
2645 2283 2743 2324 ‘¹⁸'

252 2413 350 2469 est
380 2407 703 2470 saeviente
731 2405 943 2470 adhuc
982 2404 1211 2469 morbo
1250 2403 1430 2468 novis
1460 2403 1653 2468 rebus
1693 2405 1972 2486 studere,
2004 2427 2154 2472 cum
2182 2408 2254 2472 in
2284 2410 2451 2493 ejus-

251 2506 431 2573 modi
468 2507 701 2597 ἀταξίᾳ
736 2516 803 2574 et
852 2516 1039 2573 motu
1075 2508 1445 2573 inordinato
1484 2507 1744 2573 Natura
1779 2510 1886 2573 vix
1928 2510 2095 2575 ferre
2139 2519 2334 2596 queat
2377 2518 2454 2576 ut

252 2611 531 2695 liquores
568 2612 959 2691 fermentati,
1000 2612 1111 2695 qui
1149 2610 1503 2694 vegetiores
1544 2616 1700 2675 sunt
1739 2632 1814 2676 ac
1857 2613 2064 2696 magis
2104 2615 2451 2697 spirituosi,

252 2735 412 2799 cum,
435 2714 559 2778 alio
584 2715 782 2779 inerti
810 2736 884 2779 ac
912 2714 1243 2797 spiritibus
1272 2714 1586 2778 destituto
1614 2721 2116 2781 commutentur.
2203 2716 2455 2783 Eodem

250 2817 451 2881 etiam
478 2822 766 2901 tempore
795 2823 861 2882 et
890 2817 1307 2882 electuarium
1334 2816 1769 2901 praedictum'
1795 2816 2248 2900 usurpabitur3
2283 2818 2454 2902 quod

249 2920 493 3004 pariter
556 2920 875 3004 deinceps,
933 2925 1073 2985 tam
1128 2920 1201 2983 in
1255 2940 1786 3004 paroxysmorum
1850 2919 2200 2983 insultibus
2259 2942 2454 3004 quam

251 3029 436 3087 extra
462 3044 589 3103 eos,
622 3023 909 3107 quotidie
936 3029 1037 3087 est
1065 3021 1523 3087 devorandum.
1617 3021 1834 3106 Hujus
1863 3022 2036 3085 calor
2061 3028 2252 3105 potus
2283 3022 2488 3089 diae-.

249 3126 434 3190 tetici
477 3127 905 3211 aquositatem
948 3126 1399 3210 quadantenus
1440 3123 1759 3209 pensabit,
1801 3124 2103 3207 sanguini
2146 3131 2212 3189 et
2255 3126 2452 3191 visce-

244 3229 431 3293 ribus
461 3228 755 3294 debitum
793 3228 1019 3294 caloris
1058 3228 1333 3312 gradum
1368 3226 1738 3306 concilians,
1769 3226 1908 3291 sine
1939 3227 2068 3291 ista
2099 3228 2453 3311 agitatione

250 3354 418 3418 quae
447 3334 709 3398 excitari
736 3331 900 3397 solet
930 3330 1011 3396 ab
1044 3338 1227 3395 aestu
1252 3330 1580 3415 liquorum
1606 3330 2161 3395 fermentatorum.

352 3435 517 3519 [50.]
575 3435 647 3498 si
685 3434 829 3519 quis
873 3433 1153 3517 objiciat,
1184 3454 1330 3497 eam
1356 3434 1557 3496 vitam
1591 3432 1699 3496 vix
1733 3432 1996 3497 vitalem
2035 3454 2172 3497 esse
2213 3433 2286 3497 in
2327 3455 2456 3518 qua

252 3537 625 3603 omnimoda
670 3543 816 3601 tum
866 3557 907 3600 a
946 3536 1098 3600 vino
1145 3542 1292 3600 'tum
1339 3534 1421 3599 ab
1472 3534 1614 3599 aliis
1655 3534 2010 3618 liquoribus
2050 3535 2454 3601 fermentatis

250 3641 651 3706 abstinentia
698 3639 1108 3718 observatur-3
1164 3637 1540 3723 respondeo,
1592 3638 2120 3721 perpendendum
2169 3660 2308 3704 esse
2365 3662 2454 3704 an

252 3766 391 3808 non
439 3744 631 3827 longe
672 3742 969 3806 miserius
1014 3742 1098 3805 sit
1142 3762 1217 3805 ac
1265 3740 1484 3805 minus
1533 3739 1868 3805 tolerabile
1911 3741 2066 3805 diris
2106 3742 2450 3809 inveteras-

254 3847 461 3912 centis
498 3845 829 3929 Podagrae
868 3844 1255 3909 cruciatibus
1298 3844 1475 3927 (nam
1511 3844 1585 3907 in
1619 3845 1864 3937 mitiori
1893 3845 2118 3910 morbo
2155 3866 2292 3909 non
2329 3846 2454 3910 hoc

254 3949 556 4034 postulo)
616 3946 897 4032 quotidie
946 3947 1401 4027 excarnificari,
1454 3968 1651 4032 quam
1706 3946 1860 4011 huic
1917 3946 2036 4011 soli
2093 3946 2327 4029 liquori
2383 3968 2453 4011 se

254 4052 675 4134 adstringere,
707 4050 890 4134 cujus
916 4070 1045 4115 usu
1072 4050 1449 4115 continuato
1476 4050 1549 4114 in
1579 4049 1844 4114 caeteris
1879 4048 2224 4113 esculentis
2251 4050 2452 4114 ferme

254 4154 555 4220 omnibus
594 4154 811 4217 animo
850 4152 1117 4237 obsequi
1152 4153 1337 4219 licet:
1392 4160 1471 4217 ut
1501 4154 1643 4237 jam
1675 4173 1812 4216 non
1847 4158 2139 4235 repetam
2176 4150 2350 4234 quod
2383 4159 2452 4216 et

251 4259 360 4324 hic
384 4264 578 4342 potus
613 4256 733 4342 (nti
762 4264 1017 4322 caetera
1041 4257 1303 4340 omnia,)
1332 4256 1654 4321 dulcescet
1683 4252 2169 4320 consuetudine.
2259 4254 2452 4320 Certe

252 4364 365 4448 qui
420 4362 599 4427 hunc
652 4361 959 4426 morbum
1016 4366 1317 4446 expertus
1372 4366 1490 4439 est,
1544 4358 1757 4443 (modo
1815 4357 2029 4436 hom0,
2080 4376 2218 4421 non
2271 4357 2452 4443 bipes

512 4498 535 4529 ‘¹
572 4490 649 4538 Cf.
671 4490 808 4538 form.
836 4491 944 4538 122.
1791 4492 1814 4517 ⁸
1847 4484 1922 4535 Cf.
1947 4484 2089 4534 form.
2111 4486 2189 4536 92.
