3138 5006
399 432 611 482 Fssnss

391 497 625 546 Iun-sau.
678 513 690 528 ·

369 561 647 609 Ausonum

671 253 758 318 68
1295 252 1689 319 ΤΗΟΜΑΕ
1736 251 2253 320 SYDENHAM

773 412 896 496 [2.]
949 411 1170 479 Primo
1211 412 1372 492 loco,
1405 423 1546 497 quo·
1561 420 1865 481 naturam
1898 415 2158 478 illarum
2188 419 2381 497 atque
2412 412 2679 497 genium
2722 433 2885 478 con-

666 519 922 597 Jectura
973 515 1204 579 saltem
1255 536 1688 598 assequamur,
1742 516 2208 580 advertendum
2254 523 2353 582 est
2412 515 2586 598 quod
2640 515 2715 579 in
2762 536 2883 598 pa-

405 624 608 673 ’61-’64.
675 617 986 700 roxysmis
1027 616 1331 680 Febrium
1375 618 1967 709 Intermittentium
2007 618 2167 682 haec
2203 617 2331 682 tria
2366 623 2659 702 tempora
2698 637 2883 700 spec-

365 707 431 754 In
455 707 621 754 Febri-

361 787 451 818 um
479 771 644 819 Inter-

361 835 564 882 mitten-

361 898 490 947 tium
511 915 597 962 pa-

359 965 606 1025 roxysmis

672 717 876 781 tanda
903 725 1096 806 sunt:
1147 722 1206 782 1.
1251 726 1508 802 tempus
1554 719 2141 811 exhorrescentiae5
2188 723 2250 784 2.
2295 726 2553 802 tempus
2593 718 2884 782 ebulliti-

673 818 855 896 onis3
918 822 981 884 3.
1028 826 1282 903 tempus
1344 821 1869 905 despumationis.
1966 822 2056 885 Et
2116 821 2377 904 quidem
2435 820 2519 887 ad
2577 820 2883 886 exhorre-

671 921 982 985 scentiam
1007 922 1178 1005 quod
1201 923 1457 1001 attinet,
1483 925 1581 1006 (ut
1612 924 1692 987 de
1720 924 1821 992 his
1849 923 2042 988 rebus
2064 923 2439 1012 summatim
2458 923 2733 1014 loquar,)
2755 943 2881 1006 ego

362 1027 457 1073 tria
479 1034 601 1074 tem·
669 1022 849 1086 illam
879 1024 1110 1089 exinde
1145 1025 1487 1088 oriundam
1532 1025 1827 1104 arbitror,
1860 1025 2034 1109 quod
2074 1024 2347 1089 materia
2386 1024 2677 1101 Febrilis,
2710 1045 2878 1108 quae

361 1105 478 1152 pora
494 1107 631 1154 spec-

360 1155 508 1202 tanda
515 1165 644 1214 sunt,

363 1219 613 1267 exhorres-

363 1283 562 1340 centiae,

361 1346 605 1394 ebullitio-

359 1409 454 1466 nis,
469 1410 644 1474 despu-

363 1475 602 1524 mationis.

369 1547 518 1597 Ratio
535 1551 624 1598 ha-

364 1627 476 1660 rum
489 1616 644 1662 omni-

368 1691 454 1724 um
473 1679 630 1726 reddi-

363 1747 456 1788 tur.

671 1125 963 1189 nondum
995 1121 1392 1209 turgescens'
1412 1148 1451 1190 a
1487 1148 1701 1191 massa
1748 1127 2104 1211 sanguinea
2150 1134 2485 1209 utcunque
2526 1125 2881 1190 assimilata

669 1225 900 1304 fuerat,
941 1227 1079 1310 jam
1137 1227 1404 1292 tandem
1461 1250 1597 1292 non
1644 1229 1853 1293 solum
1896 1229 2167 1308 inutilis,
2216 1249 2439 1292 verum
2490 1235 2556 1292 et
2612 1227 2881 1292 inimica

670 1327 963 1392 Naturae
991 1329 1180 1408 facta,
1209 1330 1388 1393 illam
1416 1331 1701 1412 exagitat
1730 1330 2200 1414 quodammodo
2228 1337 2423 1413 atque
2460 1329 2750 1408 lacessit;
2796 1350 2879 1393 ex

674 1452 801 1514 quo
847 1432 922 1494 fit
973 1439 1047 1496 ut
1099 1433 1380 1496 naturali
1427 1434 1707 1518 quodam
1759 1455 1953 1499 sensu
1996 1434 2267 1512 irritata,
2304 1441 2372 1499 et
2418 1434 2601 1517 quasi
2650 1433 2879 1515 fugam

673 1533 917 1614 molita,
954 1534 1234 1616 rigorem
1285 1535 1357 1598 in
1400 1555 1661 1619 corpore
1712 1536 1948 1602 excitet
1992 1543 2187 1619 atque
2232 1535 2582 1615 horrorem,
2627 1556 2877 1600 aversa-

674 1635 870 1698 tionis
929 1657 1082 1700 suae
1139 1643 1374 1700 testem
1433 1645 1500 1702 et
1557 1638 1877 1702 indicem:
1942 1638 2167 1703 eodem
2222 1639 2415 1722 plane
2472 1637 2684 1718 modo,
2746 1657 2879 1722 quo

674 1736 967 1820 potiones
994 1745 1347 1822 purgantes
1391 1761 1431 1802 a
1474 1739 1833 1803 delicatulis
1863 1746 2247 1823 assumptae,
2278 1747 2393 1804 aut
2430 1741 2628 1804 etiam
2663 1741 2881 1805 toxica

673 1839 932 1902 incaute
978 1840 1314 1922 deglutita,
1355 1841 1649 1905 horrores
1702 1843 1921 1905 statim
1965 1842 2203 1906 inferre
2240 1842 2470 1920 solent,
2514 1842 2763 1925 aliaque
2806 1842 2877 1934 id

673 1963 878 2023 genus
919 1949 1368 2026 symptomata.
1471 1945 1592 2028 [3.]
1647 1944 1905 2008 Natura
1949 1945 2167 2028 itaque
2203 1945 2328 2009 hoc
2369 1951 2559 2028 pacto
2600 1944 2877 2024 irritata,

677 2043 776 2124 (ut
806 2043 888 2106 ad
917 2049 1172 2128 tempus
1201 2044 1596 2110 ebullitionis
1617 2047 1757 2129 jam
1784 2047 2230 2130 transeamus)
2265 2068 2392 2130 quo
2420 2046 2669 2110 facilius
2696 2046 2879 2112 hunc

672 2144 924 2208 hostem
955 2167 995 2210 a
1023 2147 1154 2210 suis
1185 2147 1532 2212 cervicibus
1565 2148 1859 2232 depellat,
1889 2149 2449 2212 fermentationem
2480 2147 2875 2230 aggreditur,

673 2247 1004 2311 solennem
1023 2269 1256 2333 nempe
1277 2249 1665 2330 machinam,
1675 2272 1803 2334 qua
1818 2250 2216 2315 inFebribus
2240 2257 2307 2314 et
2326 2249 2709 2334 quibusdam
2731 2249 2876 2316 aliis

673 2414 726 2446 se
756 2399 788 2446 J
791 2400 921 2457 unio,
950 2401 1029 2450 vel
1062 2401 1094 2448 J
1097 2402 1186 2450 ulii
1213 2401 1393 2463 initio‚)
1418 2403 1731 2462 occurrerint,

671 2465 999 2513 venae-sectio
1013 2467 1228 2515 maximo
1235 2467 1450 2531 periculo
1467 2482 1564 2516 non
1576 2477 1732 2518 vacat.

676 2528 736 2576 Id
761 2530 890 2591 quod
922 2530 973 2577 in
1009 2540 1244 2579 autumno
1275 2532 1392 2579 anni
1420 2533 1479 2580 de
1505 2547 1602 2595 quo
1626 2533 1731 2595 jam

672 2592 826 2641 locuti
870 2608 1043 2641 sumus
1087 2596 1394 2643 verissimum
1439 2612 1544 2644 esse
1584 2612 1731 2659 expe-

672 2658 844 2705 rientia
865 2664 1040 2705 testata
1061 2667 1162 2706 est:
1197 2668 1314 2707 tune
1336 2661 1467 2707 enim
1484 2662 1730 2723 temporis,

673 2722 954 2783 praesertim
1001 2724 1050 2770 in
1097 2724 1255 2785 primo
1297 2732 1548 2782 autumno,
1590 2724 1726 2787 phle-

671 2786 890 2834 botomia
944 2787 1214 2837 maximam
1267 2798 1453 2851 partem
1506 2788 1732 2836 lethifera

673 2850 779 2898 visa
801 2858 901 2907 est3
928 2852 1022 2899 nisi
1043 2852 1164 2900 forte
1187 2853 1332 2913 aegri,
1354 2852 1407 2899 in
1428 2852 1536 2916 ipso
1559 2854 1732 2901 aetatis

673 2914 838 2977 vigore
883 2916 1150 2973 constituti,
1194 2916 1446 2977 sanguinis
1483 2916 1730 2977 jacturam

673 2980 1032 3039 quodammodo
1059 2980 1183 3027 ferre
1214 2988 1459 3043 poterant3
1497 2996 1593 3043 quo
1620 2981 1729 3043 qui·

673 3044 785 3091 dem
807 3044 858 3090 in
880 3060 1008 3103 casu,
1033 3044 1227 3091 tametsi
1249 3052 1452 3093 mortem
1475 3059 1575 3091 non
1596 3045 1727 3091 intu-

595 3129 607 3142 ·
672 3106 797 3165 lerit,
820 3108 1045 3155 morbum
1073 3115 1235 3155 tamen
1269 3108 1488 3170 longum,
1513 3123 1568 3156 ac
1602 3107 1728 3170 peri-

617 3194 630 3206 ·
673 3171 774 3217 culi
792 3171 1148 3233 plenissimum,
1161 3179 1308 3234 atque
1325 3172 1730 3235 symptomatibus

674 3235 967 3282 saevissimis
989 3236 1222 3297 stipatum
1246 3243 1364 3283 sunt
1385 3236 1581 3297 experti.
1621 3236 1730 3297 Ego

675 3306 802 3345 certe
825 3299 886 3345 ab
909 3298 1017 3345 aliis
1034 3300 1428 3347 catenationibus
1447 3300 1585 3374 paria
1601 3300 1727 3361 peri-

676 3362 788 3409 cula
813 3378 916 3409 sese
939 3362 1172 3410 obtulisse
1195 3377 1292 3410 non
1313 3364 1514 3409 memmi
1533 3382 1544 3418 ;
1588 3372 1732 3425 atque

677 3425 929 3487 speciatim
949 3427 1010 3473 ab
1032 3426 1132 3473 illis
1153 3442 1276 3488 quae
1306 3442 1390 3489 per
1419 3427 1625 3475 emetica
1646 3426 1729 3474 fie-

675 3490 808 3547 bant,
828 3490 994 3551 quales
1015 3490 1286 3554 plerunque
1305 3498 1414 3539 tum
1431 3492 1482 3538 in
1503 3490 1605 3549 illa,
1625 3497 1732 3539 tum

676 3553 821 3599 etiam
846 3556 896 3601 in
920 3554 1160 3603 similibus
1181 3556 1289 3603 aliis
1311 3554 1735 3603 constitutionibus

677 3616 922 3678 malignis,
947 3619 1132 3667 exitum
1162 3621 1278 3667 satis
1307 3619 1524 3668 faelicem
1547 3620 1731 3667 habue-

678 3686 805 3729 runt.
873 3682 1056 3729 Verum
1082 3690 1138 3730 ut
1160 3690 1216 3731 ut
1247 3685 1365 3731 haec
1399 3684 1511 3740 sint,
1529 3684 1728 3745 jamdu-

679 3744 800 3791 dum
835 3745 994 3802 didici,
1029 3754 1246 3809 oportere
1279 3756 1336 3794 ut
1373 3747 1599 3795 Medicus
1640 3748 1732 3795 hae

678 3807 728 3854 in
751 3822 802 3855 re
829 3810 1070 3857 versatilis
1093 3811 1277 3872 ingenii
1299 3811 1379 3868 sit,
1401 3817 1550 3874 atque
1578 3825 1664 3874 pro
1684 3826 1735 3858 re

678 3880 792 3919 nata
813 3874 1070 3921 consilium
1090 3875 1263 3937 capiat,
1281 3876 1374 3922 hoc
1397 3882 1485 3933 est,
1505 3890 1592 3937 pro
1609 3882 1733 3922 tem-

677 3950 852 3997 porum
874 3944 1017 4001 atque
1038 3953 1292 4000 aegrorum
1305 3946 1534 4001 tempene
1566 3938 1739 4001 praxin

679 4016 818 4049 suam
853 4002 1054 4049 subinde
1085 4003 1334 4061 mutando,
1358 4003 1437 4051 vel
1469 4004 1631 4065 potius
1668 4002 1739 4049 le-

679 4065 803 4113 viter
844 4066 1094 4123 fiectendo,
1135 4066 1252 4114 huic
1305 4082 1475 4114 scenae
1519 4072 1593 4114 tot
1637 4066 1735 4113 dis-

679 4130 962 4176 criminibus
989 4130 1256 4191 variegatae
1289 4130 1554 4187 commode‚
1580 4146 1734 4192 quan·

679 4199 783 4239 tum
816 4193 918 4241 fieri
948 4200 1121 4255 potest,
1159 4195 1399 4243 inserviat.
1489 4192 1624 4241 Illud
1656 4194 1733 4241 in-

679 4256 818 4303 terim
844 4257 925 4319 (ut
947 4258 1424 4322 tandem-aliquando
1448 4264 1735 4319 argumento

743 4358 764 4390 ¹¹
799 4366 846 4409 in
867 4366 981 4421 pler.
1008 4361 1170 4425 Febr.]
1195 4366 1268 4413 vel
1287 4366 1334 4411 in
1357 4366 1536 4411 casibus
1559 4364 1725 4425 malig-

675 4429 745 4473 nis
767 4426 837 4475 ed.
865 4429 958 4476 '66-

1814 2403 2055 2467 praesenti
2100 2403 2373 2452 coronidem
2406 2400 2699 2464 imponam,)
2738 2400 2875 2450 affir-

1813 2484 1946 2518 mare
1975 2483 2192 2533 possum,
2216 2466 2490 2530 generalem
2512 2465 2653 2515 illam
2680 2466 2873 2515 metho-

1813 2534 1931 2581 dum
1969 2534 2075 2595 jam
2112 2534 2339 2581 traditam
2374 2530 2639 2593 (quantum
2672 2531 2875 2592 quidem

1812 2612 1902 2659 ego
1924 2598 2160 2644 hactenus
2182 2595 2513 2643 observatione
2545 2600 2733 2642 attenta
2752 2610 2873 2643 eon-

1812 2663 1949 2724 sequi
1971 2661 2151 2725 potui,)
2175 2660 2401 2707 Febrium
2418 2659 2641 2705 omnium
2660 2660 2871 2719 curatio-

1808 2740 1922 2772 nem
1950 2740 2039 2772 suo
2074 2725 2261 2773 ambitu
2296 2723 2549 2771 commode
2584 2722 2701 2769 satis
2734 2738 2871 2770 eom-

1808 2789 1985 2851 plecti3
2016 2789 2131 2837 licet
2162 2802 2260 2836 non
2293 2787 2527 2849 ignorem,
2552 2786 2758 2833 subinde
2784 2801 2873 2833 va-

1809 2853 1905 2900 rias
1939 2853 2053 2901 anni
2098 2858 2423 2914 tempestates,
2460 2858 2609 2911 atque
2651 2850 2873 2913 ipsorum

1810 2932 2045 2964 annorum
2068 2915 2324 2964 varietates
2356 2914 2623 2977 prohibere,
2652 2928 2749 2975 quo
2774 2914 2871 2962 mi...

1810 2996 1903 3028 nus
1926 2986 2083 3028 certos
2114 2979 2303 3042 aliquos
2323 2978 2505 3025 limites
2538 2978 2685 3039 figere
2713 2978 2869 3039 possi—

1810 3059 1938 3101 mus,
1963 3060 2085 3105 quos
2116 3044 2245 3091 ultra
2277 3043 2493 3103 citraque
2520 3042 2763 3103 progredi,
2787 3047 2875 3089 aut

1811 3108 2070 3155 consistere
2087 3121 2185 3155 non
2201 3107 2346 3155 liceat
2352 3103 2384 3152 '.
2410 3105 2712 3153 Praestiterit
2726 3112 2871 3165 certe,

1811 3172 2004 3233 quando
2028 3171 2207 3219 Febres
2230 3170 2440 3233 grassari
2472 3170 2729 3231 incipiunt,
2754 3168 2873 3217 dili-

1810 3245 1980 3297 genter
2006 3235 2204 3283 illorum
2230 3236 2468 3297 impetum
2500 3239 2647 3295 atque
2682 3246 2875 3281 morem

1811 3302 2077 3357 observare,
2119 3300 2298 3361 quibus
2337 3298 2483 3346 etiam
2522 3296 2873 3359 praesidiorum

1810 3364 2069 3426 generibus
2092 3363 2225 3425 aegri
2240 3364 2487 3425 juventur,
2504 3360 2582 3408 vel
2600 3360 2873 3419 laedantur,

1813 3434 1869 3477 ut
1912 3428 2293 3490 quamprimum,
2332 3426 2411 3473 his
2451 3423 2733 3486 repudiatis,
2770 3424 2873 3473 illis

1812 3498 2025 3541 utamur.
2094 3491 2243 3541 Quod
2276 3490 2319 3537 si
2350 3489 2473 3537 illud
2510 3490 2611 3545 fiat,
2646 3488 2873 3536 existimo

1812 3556 1973 3617 reipsa
2005 3555 2281 3616 aliquando,
2311 3554 2441 3601 facto
2473 3552 2703 3615 periculo,
2732 3566 2871 3599 com·-

1814 3626 2009 3681 pertum
2030 3620 2107 3676 iri,
2132 3618 2357 3666 medendi
2376 3618 2613 3664 rationem
2634 3616 2871 3667 hactenus

1812 3684 2084 3746 expositam
2134 3698 2283 3743 quam
2338 3681 2599 3729 minimum
2646 3696 2676 3726 a
2726 3694 2873 3742 scopo

1814 3747 2045 3795 aberrare.
2113 3746 2197 3793 Ad
2240 3760 2319 3792 me
2354 3751 2483 3792 certe
2517 3743 2647 3805 quod
2680 3743 2871 3801 attinet,

1816 3811 2060 3859 rarissime
2082 3810 2143 3857 ab
2163 3810 2249 3857 illa
2270 3808 2391 3856 mihi
2410 3808 2701 3856 deviandum
2724 3808 2873 3865 sensi,

1815 3876 1867 3923 in
1890 3876 2132 3939 plerisque
2158 3870 2448 3921 Febribusk:
2487 3871 2663 3933 quibus
2685 3872 2875 3933 egregie

1818 3939 2132 3987 accommoda
2167 3946 2255 3995 est,
2292 3937 2421 3998 quod
2456 3933 2875 3983 fermentationem

1820 4004 2033 4051 debitam
2066 4002 2317 4057 sustineat,
2354 4000 2615 4063 (optimum
2656 3997 2877 4046 Naturae

1818 4066 2099 4157 organum‚?
2124 4067 2265 4128 cujus
2287 4080 2376 4127 ope
2400 4078 2593 4111 omnem
2620 4062 2873 4111 materiam

1818 4130 2069 4179 inimicam
2130 4130 2181 4177 in
2216 4130 2452 4192 sanguine
2480 4128 2750 4176 latitantem
2784 4142 2871 4174 ex-

1817 4195 1955 4258 pellit
1976 4202 2123 4257 atque
2144 4194 2419 4243 amolitur.’'

1876 4362 1889 4395 ¹
1923 4364 2176 4428 inimicam]
2202 4370 2462 4414 venenatam
2486 4361 2557 4410 ed.
2584 4358 2675 4407 ⁹66.
