3138 5006
700 272 791 335 eo
1312 238 1702 338 'rnoMAE
1751 266 2268 337 sYDENHAM

441 452 639 500 mmo
702 432 897 498 cardo
930 432 1027 497 rei
1068 432 1359 513 vertitur,
1404 440 1480 499 ut
1522 433 1756 497 idoneo
1791 432 2006 517 aliquo
2057 432 2524 497 medicamento
2567 430 2907 516 sanguinis

404 518 679 629 ἕξξέἑζὶ
706 535 1067 601 ebullitioni
1116 536 1409 601 fraenum
1467 537 1856 620 imponatur,
1917 535 2090 620 quod
2147 536 2334 601 sistat
2381 538 2666 620 figatque
2731 535 2908 600 illius

398 647 643 719 ῥδ-Ιρᾷᾲ.
706 640 1017 723 impetum
1063 641 1130 703 in
1184 640 1558 724 praecipitia
1601 660 1890 724 quaeque
1937 646 2254 703 ruentem.
2343 640 2592 705 Verum
2643 638 2906 723 quidem

706 750 826 820 est,
858 742 913 804 si
952 749 1313 827 symptoma
1350 743 1612 806 seorsim
1652 750 1996 825 spectetur,
2027 762 2106 806 ea
2141 762 2303 825 quae
2345 762 2540 825 supra
2567 762 2908 804 enumera-

708 843 915 908 vimus
942 845 1039 927 (ac
1060 846 1638 909 venae-sectionem
1667 844 2114 928 potissimum,)
2143 844 2550 907 accommoda
2571 843 2728 906 satis
2743 862 2909 919 esse,

708 966 831 1010 nec
858 968 979 1031 ego
1022 946 1158 1031 ipse
1198 948 1559 1013 dubitarem
1591 948 1816 1012 iisdem
1846 947 1983 1024 uti3
2029 947 2143 1010 sed
2187 966 2420 1030 nempe
2459 946 2912 1031 symptomatis

708 1048 904 1133 hujus
942 1070 1201 1115 causam
1246 1051 1494 1133 (saltem
1536 1051 1591 1113 si
1630 1050 2127 1135 phlebotomiam
2172 1049 2536 1132 exceperis‚)
2571 1070 2706 1113 non
2747 1048 2912 1111 satis

704 1152 1063 1235 attingunt,
1110 1173 1300 1236 quam
1346 1155 1632 1237 profecto
1675 1172 1815 1217 non
1859 1153 2085 1236 majori
2127 1152 2380 1216 ratione
2419 1172 2537 1235 per
2578 1150 2912 1234 praedicta

696 1256 933 1319 tollere
941 1268 992 1335 q,
1034 1278 1225 1339 quam
1271 1257 1323 1320 si
1370 1256 1584 1341 gladio
1631 1256 1848 1339 ignem
1897 1255 2280 1338 extinguere
2329 1262 2672 1337 satageres.
2762 1256 2912 1337 Ego

706 1360 925 1442 itaque
948 1359 1017 1422 in
1039 1358 1161 1423 hoc
1182 1380 1353 1439 casu,
1372 1361 1614 1424 frustra
1633 1360 1774 1423 aliis
1791 1360 2081 1437 tentatis,
2099 1359 2232 1423 tale
2253 1357 2579 1441 quidpiam
2597 1356 2914 1423 adhibere

704 1463 897 1541 soleo,
929 1463 1117 1545 quale
1146 1484 1323 1526 nunc
1353 1462 1730 1527 subnectam
1755 1488 1861 1526 2-

710 1586 907 1659 [Form.
939 1589 1047 1657 11.]
1124 1586 1184 1665 R
1244 1590 1427 1659 Aquae
1454 1590 1786 1653 Portulacae‚
1813 1570 1820 1577 ’

1236 1676 1467 1748 [Aquae]
1500 1676 1782 1746 Papaveris
1811 1674 2055 1739 Erratiei,
2077 1692 2182 1728 ana
2205 1674 2612 1744 sesquiunciam,

1236 1762 1424 1833 Syrupi
1451 1763 1517 1816 de
1544 1763 1820 1817 Meconio‘
1845 1761 2125 1815 drachmas
2147 1779 2260 1825 sex,

1235 1850 1425 1921 Syrupi
1454 1850 1760 1921 paralyseos
1772 1856 1790 1879 ⁸
1811 1849 2136 1905 semunciam
2153 1869 2166 1911 ;

992 1938 1198 2001 Misce3
1234 1938 1329 1991 flat
1350 1937 1585 1991 haustus.

398 2061 653 2190 ffinqfflg
720 2081 883 2164 [49.]
938 2080 1161 2145 Nolim
1202 2087 1417 2144 autem
1456 2080 1616 2144 haec
1645 2080 1738 2143 ita
1767 2078 2065 2161 intelligi,
2107 2080 2292 2163 quasi
2325 2080 2912 2165 Haemorrhagiam

398 2194 679 2253 permitten—
708 2182 1059 2265 quamlibet
1086 2182 1182 2245 ita
1210 2183 1426 2246 statim
1472 2182 1682 2245 curari
1709 2182 1920 2261 velim,
1952 2182 2108 2264 quin
2137 2183 2352 2266 potius
2395 2183 2508 2246 illa
2537 2204 2724 2267 saepe
2765 2206 2916 2268 per-

401 2256 499 2381 ga}
514 2265 681 2370 ’ἓξὲξ
706 2284 1025 2348 mittenda
1068 2291 1185 2359 est,
1218 2292 1412 2368 atque
1442 2304 1635 2367 aegro
1671 2284 2020 2368 plurimum
2065 2286 2364 2368 prodesse
2403 2293 2636 2369 potest,
2667 2287 2914 2369 partim

396 2384 680 2511 Βὲξξὲιῑὲῗ
704 2386 967 2451 nimiam
1020 2387 1461 2452 ebullitionem
1512 2386 1940 2471 reprimendo,
1990 2388 2224 2471 partim
2277 2388 2469 2451 etiam
2518 2389 2740 2453 critice
2795 2390 2916 2453 ali-

398 2514 613 2566 solvitur.
706 2490 965 2574 quando
1016 2490 1311 2558 morbum
1371 2490 1693 2555 solvendo.
1781 2490 2001 2574 Atque
2015 2563 2030 2579 ο
2059 2512 2276 2555 revera
2331 2513 2561 2575 parum
2617 2492 2916 2576 proderit

704 2593 858 2658 huic
886 2595 1299 2676 symptomati
1326 2594 1620 2658 fraenum
1649 2594 2046 2676 praedictum
2079 2600 2319 2678 aptare,
2341 2596 2709 2679 priusquam
2743 2597 2916 2661 illud

705 2697 1166 2780 aliquantisper
1192 2697 1559 2773 excurrerit,
1593 2697 1693 2760 vel
1721 2697 1915 2760 etiam
1947 2697 2318 2781 priusquam
2346 2717 2514 2762 vena
2541 2698 2612 2761 in
2639 2697 2916 2765 brachio

404 2807 520 2858 Post
539 2810 653 2860 hae·
704 2808 880 2864 secta
906 2800 1121 2864 fuerit.
1214 2800 1387 2864 Illud
1431 2800 1779 2882 diligenter
1821 2800 2288 2864 advertendum
2333 2807 2451 2879 est,
2482 2801 2654 2865 hanc
2695 2801 2916 2885 ipsam

397 2871 647 3000 ffigghffi,
704 2910 896 2986 atque
930 2903 1087 2968 alias
1127 2923 1349 2967 omnes
1387 2902 1760 2966 immodicas
1808 2902 2330 2985 haemorrhagiae
2371 2903 2692 2987 peculiare
2739 2905 2916 2969 illud

399 3003 641 3117 111οᾶἰῖξέ
704 3006 1015 3085 obtinere,
1061 3006 1252 3090 quod,
1298 3007 1768 3090 quamprimum
1819 3005 1968 3070 illae
2021 3005 2594 3089 quomodocunque
2645 3007 2918 3072 sedatae

398 3076 681 3194 ξξῗὲἲιᾷᾱῃι,
704 3109 966 3188 fuerint,
999 3111 1123 3173 nisi
1162 3111 1411 3174 leniens
1442 3110 1656 3191 aliqua
1691 3109 1988 3193 purgatio
2028 3109 2407 3188 celebretur,
2441 3115 2652 3174 metus
2681 3117 2782 3174 est
2823 3130 2918 3176 ne

396 3204 471 3306 2⁸:
486 3212 656 3309 2²33:
703 3211 1043 3275 recidivam
1074 3231 1265 3293 aeger
1286 3212 1606 3295 patientum
1653 3210 2046 3295 proindeque
2068 3211 2479 3294 purgandum
2509 3212 2654 3290 θῶ,
2681 3233 2918 3294 quam·

400 3339 513 3370 vam
538 3325 663 3388 pati-
704 3315 798 3376 vis
844 3314 921 3395 (si
968 3313 1187 3376 Febris
1228 3320 1521 3397 tempora
1562 3315 1978 3398 spectentur,)
2027 3315 2232 3378 serius
2279 3315 2609 3397 aliquanto
2651 3314 2720 3378 id
2765 3315 2918 3378 fien‘

400 3395 533 3436 ΜΨ*
706 3415 926 3493 soleat,
958 3422 1151 3499 atque
1182 3416 1433 3496 debeat,
1463 3417 1589 3480 nisi
1621 3425 1984 3502 symptoma
2009 3418 2133 3482 hoc
2164 3417 2467 3482 acciderit
2475 3419 2515 3481 ἢ

400 3537 629 3586 smum.-
806 3518 969 3602 [50.]
1028 3519 1173 3583 Hoc
1245 3526 1607 3604 symptoma
1669 3521 2047 3602 plerumque
2117 3519 2380 3584 senibus
2455 3518 2686 3584 accidit
2757 3527 2918 3603 post

399 3614 510 3648 ω’·
706 3621 989 3704 copiosas
1039 3622 1505 3701 evacuationes,
1556 3622 1659 3686 vel
1715 3643 1832 3704 per
1889 3641 2207 3686 secessum
2259 3643 2340 3686 ex
2398 3621 2756 3701 diarrhoea,
2803 3623 2918 3687 vel

398 3691 678 3804 Jgffifflsm'
704 3723 979 3788 maxime
1034 3744 1149 3808 per
1198 3724 1597 3804 vomitiones,
1651 3731 1847 3809 atque
1905 3745 2366 3809 saepenumero
2425 3729 2698 3789 mortem
2749 3747 2916 3809 prae

400 3835 627 3932 2232:ss
702 3825 947 3890 foribus
968 3827 1187 3891 adesse
1211 3827 1581 3891 denunciat.
1671 3827 1968 3911 Ingenue
1991 3828 2198 3892 fateor
2219 3847 2324 3890 me
2345 3827 2640 3891 mihimet
2667 3827 2796 3910 ipsi
2825 3827 2916 3894 de

401 3956 507 4010 post
520 3950 681 4012 copio-
706 3929 1045 4011 Singultus
1066 3949 1260 3993 causa
1280 3928 1664 4013 disquirenti
1681 3930 2046 3994 satisfacere
2067 3951 2198 3994 non
2218 3949 2404 4012 posse
2415 3954 2435 4007 3
2480 3927 2918 3994 nihilominus

398 4029 675 4136 ffiogssfu‘
702 4030 1026 4110 observavi
1062 4051 1251 4115 saepe
1278 4031 1463 4095 illum
1507 4053 1584 4096 ex
1623 4031 1853 4111 turbis,
1887 4053 1962 4096 ac
2004 4031 2296 4096 tumultu
2343 4031 2424 4095 ab
2473 4030 2914 4114 asperioribus

400 4158 540 4204 saepe
550 4158 677 4192 mor·
704 4135 1185 4199 medicamentis
1228 4135 1299 4197 in
1346 4135 1700 4198 ventriculo
1745 4134 2026 4220 locisque
2069 4134 2294 4198 vicinis
2342 4134 2642 4212 excitato,
2685 4141 2914 4198 ortum

398 4205 635 4330 ξῗεξξξω
704 4237 955 4318 ducere,
986 4239 1220 4321 quibus
1250 4237 1549 4301 sedandis
1579 4244 1772 4320 atque
1801 4239 1871 4302 in
1901 4237 2238 4323 pristinam
2269 4257 2489 4321 pacem
2521 4235 2914 4302 reducendis

399 4348 518 4381 ‘mm'
767 4372 787 4401 ‘¹
822 4364 1002 4428 tollere]
1027 4369 1133 4412 licet
1156 4367 1312 4412 tollere
1334 4363 1440 4410 edd.
1464 4371 1641 4413 recent.
1911 4361 1928 4388 ²
1963 4363 2210 4426 acciderit]
2249 4364 2317 4411 sic
2353 4363 2460 4411 edd.
2488 4365 2584 4421 '66,
2619 4363 2718 4419 ⁹68,
2753 4367 2916 4412 acc-ed.

768 4441 785 4464 τ
820 4433 922 4490 Syr.
948 4433 1003 4476 de
1027 4431 1143 4476 Meo.
1204 4446 1229 4474 v
1250 4427 1353 4476 edd.
1378 4429 1474 4484 ⁹66,
1498 4429 1594 4476 ⁰68.
1843 4427 1964 4491 (vox
1987 4427 2170 4490 nihili,)
2205 4429 2314 4478 edd.
2348 4429 2446 4487 ‘76,
2483 4431 2578 4486 ⁹85,
2609 4445 2777 4477 accen.
2799 4428 2911 4476 edd.

766 4497 782 4521 ¹¹
816 4497 919 4554 Syr.
934 4495 1093 4543 Paral.
1110 4503 1143 4555 3
1186 4511 1209 4540 ε
1228 4493 1331 4541 edd.
1348 4493 1443 4550 '66,
1458 4493 1554 4550 ⁹68,
1571 4493 1665 4542 76.
1841 4501 2017 4542 recent.
