<?xml version="1.0" encoding="UTF-8"?>
<!DOCTYPE html PUBLIC "-//W3C//DTD XHTML 1.0 Transitional//EN"
    "http://www.w3.org/TR/xhtml1/DTD/xhtml1-transitional.dtd">
<html xmlns="http://www.w3.org/1999/xhtml" xml:lang="en" lang="en">
 <head>
  <title>
</title>
<meta http-equiv="Content-Type" content="text/html;charset=utf-8" />
  <meta name='ocr-system' content='tesseract 3.04.00' />
  <meta name='ocr-capabilities' content='ocr_page ocr_carea ocr_par ocr_line ocrx_word'/>
</head>
<body>
  <div class='ocr_page' id='page_1' title='image "./operaomnia00khgoog_0101.png"; bbox 0 0 3138 5006; ppageno 0'>
   <div class='ocr_carea' id='block_1_1' title="bbox 657 285 2217 352">
    <p class='ocr_par' dir='ltr' id='par_1_1' title="bbox 657 285 2217 352">
     <span class='ocr_line' id='line_1_1' title="bbox 657 285 2217 352; baseline 0.003 -4"><span class='ocrx_word' id='word_1_1' title='bbox 657 287 746 348; x_wconf 82' lang='lat'><strong>64</strong></span> <span class='ocrx_word' id='word_1_2' title='bbox 959 308 969 316; x_wconf 92' lang='lat'><strong>·</strong></span> <span class='ocrx_word' id='word_1_3' title='bbox 1262 285 1651 352; x_wconf 80' lang='grc' dir='ltr'><strong>ΤΗΟΜΑΕ</strong></span> <span class='ocrx_word' id='word_1_4' title='bbox 1699 287 2217 352; x_wconf 86' lang='lat' dir='ltr'><strong>SYDENHAM</strong></span> 
     </span>
    </p>
   </div>
   <div class='ocr_carea' id='block_1_2' title="bbox 349 449 2869 1058">
    <p class='ocr_par' dir='ltr' id='par_1_2' title="bbox 349 449 2862 641">
     <span class='ocr_line' id='line_1_2' title="bbox 385 449 2862 534; baseline 0.002 -23"><span class='ocrx_word' id='word_1_5' title='bbox 385 463 583 511; x_wconf 63' lang='lat' dir='ltr'><strong>Fumo</strong></span> <span class='ocrx_word' id='word_1_6' title='bbox 655 471 885 532; x_wconf 87' lang='lat' dir='ltr'><strong>parum</strong></span> <span class='ocrx_word' id='word_1_7' title='bbox 905 449 1297 528; x_wconf 89' lang='lat' dir='ltr'><strong>conducunt,</strong></span> <span class='ocrx_word' id='word_1_8' title='bbox 1321 471 1555 514; x_wconf 81' lang='lat' dir='ltr'><strong>noxam</strong></span> <span class='ocrx_word' id='word_1_9' title='bbox 1580 471 1765 534; x_wconf 81' lang='lat' dir='ltr'><strong>saepe</strong></span> <span class='ocrx_word' id='word_1_10' title='bbox 1790 450 1963 514; x_wconf 91' lang='lat' dir='ltr'><strong>haud</strong></span> <span class='ocrx_word' id='word_1_11' title='bbox 1984 449 2526 516; x_wconf 78' lang='lat' dir='ltr'><strong>contemnendam</strong></span> <span class='ocrx_word' id='word_1_12' title='bbox 2544 451 2862 516; x_wconf 84' lang='lat' dir='ltr'><strong>inferunt.</strong></span> 
     </span>
     <span class='ocr_line' id='line_1_3' title="bbox 349 529 2635 641; baseline 0 -25"><span class='ocrx_word' id='word_1_13' title='bbox 349 529 629 641; x_wconf 43' lang='grc' dir='ltr'><strong>Αἳζζᾚξῇ</strong></span> <span class='ocrx_word' id='word_1_14' title='bbox 654 552 797 634; x_wconf 86' lang='lat' dir='ltr'><strong>Ego</strong></span> <span class='ocrx_word' id='word_1_15' title='bbox 825 574 976 616; x_wconf 89' lang='lat' dir='ltr'><strong>cum</strong></span> <span class='ocrx_word' id='word_1_16' title='bbox 996 552 1166 618; x_wconf 89' lang='lat' dir='ltr'><strong>felici</strong></span> <span class='ocrx_word' id='word_1_17' title='bbox 1193 573 1490 618; x_wconf 88' lang='lat' dir='ltr'><strong>successu</strong></span> <span class='ocrx_word' id='word_1_18' title='bbox 1516 553 1637 618; x_wconf 83' lang='lat' dir='ltr'><strong>hac</strong></span> <span class='ocrx_word' id='word_1_19' title='bbox 1666 553 1972 618; x_wconf 82' lang='lat' dir='ltr'><strong>methodo</strong></span> <span class='ocrx_word' id='word_1_20' title='bbox 2000 561 2168 618; x_wconf 88' lang='lat' dir='ltr'><strong>utor.</strong></span> <span class='ocrx_word' id='word_1_21' title='bbox 2628 629 2635 634; x_wconf 23' lang='lat'><strong><em>³</em></strong></span> 
     </span>
    </p>

    <p class='ocr_par' dir='ltr' id='par_1_3' title="bbox 349 653 2869 1058">
     <span class='ocr_line' id='line_1_4' title="bbox 385 653 2866 740; baseline 0.001 -24"><span class='ocrx_word' id='word_1_22' title='bbox 385 659 594 705; x_wconf 75' lang='lat' dir='ltr'><strong>‘el-⁹64.</strong></span> <span class='ocrx_word' id='word_1_23' title='bbox 755 654 919 738; x_wconf 85' lang='lat'><strong>[56.]</strong></span> <span class='ocrx_word' id='word_1_24' title='bbox 969 653 1256 734; x_wconf 44' lang='lat' dir='ltr'><strong>,Quando</strong></span> <span class='ocrx_word' id='word_1_25' title='bbox 1293 654 1498 737; x_wconf 87' lang='lat' dir='ltr'><strong>liquet</strong></span> <span class='ocrx_word' id='word_1_26' title='bbox 1527 675 1607 718; x_wconf 83' lang='lat' dir='ltr'><strong>ex</strong></span> <span class='ocrx_word' id='word_1_27' title='bbox 1650 655 2030 738; x_wconf 82' lang='lat' dir='ltr'><strong>clysteribus</strong></span> <span class='ocrx_word' id='word_1_28' title='bbox 2060 677 2176 738; x_wconf 90' lang='lat' dir='ltr'><strong>per</strong></span> <span class='ocrx_word' id='word_1_29' title='bbox 2204 677 2275 719; x_wconf 90' lang='lat' dir='ltr'><strong>os</strong></span> <span class='ocrx_word' id='word_1_30' title='bbox 2318 656 2577 740; x_wconf 84' lang='lat' dir='ltr'><strong>rejectis</strong></span> <span class='ocrx_word' id='word_1_31' title='bbox 2605 664 2673 720; x_wconf 88' lang='lat' dir='ltr'><strong>et</strong></span> <span class='ocrx_word' id='word_1_32' title='bbox 2719 657 2866 721; x_wconf 84' lang='lat' dir='ltr'><strong>aliis</strong></span> 
     </span>
     <span class='ocr_line' id='line_1_5' title="bbox 349 735 2864 848; baseline 0 -26"><span class='ocrx_word' id='word_1_33' title='bbox 349 735 549 848; x_wconf 51' lang='lat' dir='ltr'><strong>ssssffiff’</strong></span> <span class='ocrx_word' id='word_1_34' title='bbox 657 756 858 840; x_wconf 85' lang='lat' dir='ltr'><strong>signis</strong></span> <span class='ocrx_word' id='word_1_35' title='bbox 887 778 1110 820; x_wconf 85' lang='lat' dir='ltr'><strong>verum</strong></span> <span class='ocrx_word' id='word_1_36' title='bbox 1141 777 1278 822; x_wconf 87' lang='lat' dir='ltr'><strong>esse</strong></span> <span class='ocrx_word' id='word_1_37' title='bbox 1313 757 1546 836; x_wconf 80' lang='lat' dir='ltr'><strong>Deum,</strong></span> <span class='ocrx_word' id='word_1_38' title='bbox 1578 765 1739 822; x_wconf 87' lang='lat' dir='ltr'><strong>tunc</strong></span> <span class='ocrx_word' id='word_1_39' title='bbox 1767 759 1839 822; x_wconf 88' lang='lat' dir='ltr'><strong>in</strong></span> <span class='ocrx_word' id='word_1_40' title='bbox 1868 759 2027 822; x_wconf 91' lang='lat' dir='ltr'><strong>haec</strong></span> <span class='ocrx_word' id='word_1_41' title='bbox 2054 759 2183 822; x_wconf 86' lang='lat' dir='ltr'><strong>tria</strong></span> <span class='ocrx_word' id='word_1_42' title='bbox 2210 759 2457 822; x_wconf 88' lang='lat' dir='ltr'><strong>enitor:</strong></span> <span class='ocrx_word' id='word_1_43' title='bbox 2508 761 2568 823; x_wconf 91' lang='lat'><strong>1.</strong></span> <span class='ocrx_word' id='word_1_44' title='bbox 2601 766 2677 823; x_wconf 91' lang='lat' dir='ltr'><strong>ut</strong></span> <span class='ocrx_word' id='word_1_45' title='bbox 2707 780 2864 824; x_wconf 87' lang='lat' dir='ltr'><strong>con-</strong></span> 
     </span>
     <span class='ocr_line' id='line_1_6' title="bbox 351 858 2868 976; baseline -0 -49"><span class='ocrx_word' id='word_1_46' title='bbox 351 880 494 976; x_wconf 56' lang='lat' dir='ltr'><strong>}oepe</strong></span> <span class='ocrx_word' id='word_1_47' title='bbox 517 865 591 913; x_wconf 85' lang='lat' dir='ltr'><strong>in-</strong></span> <span class='ocrx_word' id='word_1_48' title='bbox 655 858 893 925; x_wconf 85' lang='lat' dir='ltr'><strong>trarius</strong></span> <span class='ocrx_word' id='word_1_49' title='bbox 921 859 1044 924; x_wconf 89' lang='lat' dir='ltr'><strong>iste</strong></span> <span class='ocrx_word' id='word_1_50' title='bbox 1073 859 1413 924; x_wconf 83' lang='lat' dir='ltr'><strong>ventriculi</strong></span> <span class='ocrx_word' id='word_1_51' title='bbox 1441 867 1678 940; x_wconf 88' lang='lat' dir='ltr'><strong>motus,</strong></span> <span class='ocrx_word' id='word_1_52' title='bbox 1711 861 1823 945; x_wconf 91' lang='lat' dir='ltr'><strong>qui</strong></span> <span class='ocrx_word' id='word_1_53' title='bbox 1853 861 2128 925; x_wconf 87' lang='lat' dir='ltr'><strong>similem</strong></span> <span class='ocrx_word' id='word_1_54' title='bbox 2149 867 2399 926; x_wconf 88' lang='lat' dir='ltr'><strong>motum</strong></span> <span class='ocrx_word' id='word_1_55' title='bbox 2431 862 2503 925; x_wconf 90' lang='lat' dir='ltr'><strong>in</strong></span> <span class='ocrx_word' id='word_1_56' title='bbox 2530 863 2868 926; x_wconf 83' lang='lat' dir='ltr'><strong>intestinis</strong></span> 
     </span>
     <span class='ocr_line' id='line_1_7' title="bbox 354 936 2869 1058; baseline 0.001 -31"><span class='ocrx_word' id='word_1_57' title='bbox 354 936 621 1058; x_wconf 50' lang='lat' dir='ltr'><strong>§fgffldm</strong></span> <span class='ocrx_word' id='word_1_58' title='bbox 656 963 871 1042; x_wconf 88' lang='lat' dir='ltr'><strong>efficit,</strong></span> <span class='ocrx_word' id='word_1_59' title='bbox 923 962 1350 1046; x_wconf 84' lang='lat' dir='ltr'><strong>impediatur;</strong></span> <span class='ocrx_word' id='word_1_60' title='bbox 1411 967 1473 1028; x_wconf 82' lang='lat'><strong>2.</strong></span> <span class='ocrx_word' id='word_1_61' title='bbox 1518 969 1596 1027; x_wconf 91' lang='lat' dir='ltr'><strong>ut</strong></span> <span class='ocrx_word' id='word_1_62' title='bbox 1649 963 1964 1028; x_wconf 86' lang='lat' dir='ltr'><strong>intestina</strong></span> <span class='ocrx_word' id='word_1_63' title='bbox 2014 965 2146 1028; x_wconf 85' lang='lat' dir='ltr'><strong>acri</strong></span> <span class='ocrx_word' id='word_1_64' title='bbox 2197 965 2469 1029; x_wconf 85' lang='lat' dir='ltr'><strong>humore</strong></span> <span class='ocrx_word' id='word_1_65' title='bbox 2522 965 2869 1030; x_wconf 88' lang='lat' dir='ltr'><strong>debilitata</strong></span> 
     </span>
    </p>
   </div>
   <div class='ocr_carea' id='block_1_3' title="bbox 353 1066 2867 2898">
    <p class='ocr_par' dir='ltr' id='par_1_4' title="bbox 356 1066 2866 1144">
     <span class='ocr_line' id='line_1_8' title="bbox 356 1066 2866 1144; baseline -0.001 -9"><span class='ocrx_word' id='word_1_66' title='bbox 356 1089 452 1135; x_wconf 60' lang='grc' dir='ltr'><strong>(11ιι</strong></span> <span class='ocrx_word' id='word_1_67' title='bbox 477 1075 614 1122; x_wconf 66' lang='lat' dir='ltr'><strong>neus</strong></span> <span class='ocrx_word' id='word_1_68' title='bbox 659 1066 1189 1144; x_wconf 81' lang='lat' dir='ltr'><strong>corroborentur3</strong></span> <span class='ocrx_word' id='word_1_69' title='bbox 1235 1068 1298 1129; x_wconf 88' lang='lat'><strong>3.</strong></span> <span class='ocrx_word' id='word_1_70' title='bbox 1331 1072 1408 1130; x_wconf 89' lang='lat' dir='ltr'><strong>ut</strong></span> <span class='ocrx_word' id='word_1_71' title='bbox 1425 1066 1823 1130; x_wconf 79' lang='lat' dir='ltr'><strong>ventriculus</strong></span> <span class='ocrx_word' id='word_1_72' title='bbox 1853 1087 1929 1130; x_wconf 89' lang='lat' dir='ltr'><strong>ac</strong></span> <span class='ocrx_word' id='word_1_73' title='bbox 1956 1066 2271 1131; x_wconf 88' lang='lat' dir='ltr'><strong>intestina</strong></span> <span class='ocrx_word' id='word_1_74' title='bbox 2298 1068 2379 1132; x_wconf 92' lang='lat' dir='ltr'><strong>ab</strong></span> <span class='ocrx_word' id='word_1_75' title='bbox 2403 1067 2544 1132; x_wconf 90' lang='lat' dir='ltr'><strong>istis</strong></span> <span class='ocrx_word' id='word_1_76' title='bbox 2574 1069 2866 1132; x_wconf 89' lang='lat' dir='ltr'><strong>humori-</strong></span> 
     </span>
    </p>

    <p class='ocr_par' dir='ltr' id='par_1_5' title="bbox 353 1140 2867 2693">
     <span class='ocr_line' id='line_1_9' title="bbox 353 1140 2863 1250; baseline 0.001 -17"><span class='ocrx_word' id='word_1_77' title='bbox 353 1140 598 1250; x_wconf 56' lang='lat' dir='ltr'><strong>gptrandu·</strong></span> <span class='ocrx_word' id='word_1_78' title='bbox 659 1169 782 1234; x_wconf 89' lang='lat' dir='ltr'><strong>bus</strong></span> <span class='ocrx_word' id='word_1_79' title='bbox 810 1169 1186 1233; x_wconf 86' lang='lat' dir='ltr'><strong>liberentur.</strong></span> <span class='ocrx_word' id='word_1_80' title='bbox 1279 1168 1533 1234; x_wconf 78' lang='lat' dir='ltr'><strong>Quibus</strong></span> <span class='ocrx_word' id='word_1_81' title='bbox 1561 1168 2065 1233; x_wconf 88' lang='lat' dir='ltr'><strong>indicationibus</strong></span> <span class='ocrx_word' id='word_1_82' title='bbox 2086 1177 2163 1233; x_wconf 93' lang='lat' dir='ltr'><strong>ut</strong></span> <span class='ocrx_word' id='word_1_83' title='bbox 2193 1170 2602 1249; x_wconf 75' lang='lat' dir='ltr'><strong>satisfaciam,</strong></span> <span class='ocrx_word' id='word_1_84' title='bbox 2622 1171 2863 1236; x_wconf 87' lang='lat' dir='ltr'><strong>curati-</strong></span> 
     </span>
     <span class='ocr_line' id='line_1_10' title="bbox 659 1271 2863 1356; baseline 0 -20"><span class='ocrx_word' id='word_1_85' title='bbox 659 1293 854 1336; x_wconf 88' lang='lat' dir='ltr'><strong>onem</strong></span> <span class='ocrx_word' id='word_1_86' title='bbox 898 1271 1022 1336; x_wconf 89' lang='lat' dir='ltr'><strong>hoc</strong></span> <span class='ocrx_word' id='word_1_87' title='bbox 1065 1271 1198 1336; x_wconf 89' lang='lat' dir='ltr'><strong>ritu</strong></span> <span class='ocrx_word' id='word_1_88' title='bbox 1235 1271 1530 1336; x_wconf 91' lang='lat' dir='ltr'><strong>instituo.</strong></span> <span class='ocrx_word' id='word_1_89' title='bbox 1630 1272 1697 1355; x_wconf 90' lang='lat'><strong>[5</strong></span> <span class='ocrx_word' id='word_1_90' title='bbox 1706 1275 1745 1337; x_wconf 80' lang='lat'>⁷</span> <span class='ocrx_word' id='word_1_91' title='bbox 1750 1273 1795 1356; x_wconf 94' lang='lat'><strong>.]</strong></span> <span class='ocrx_word' id='word_1_92' title='bbox 1850 1271 2091 1352; x_wconf 89' lang='lat' dir='ltr'><strong>Primo,</strong></span> <span class='ocrx_word' id='word_1_93' title='bbox 2139 1273 2288 1336; x_wconf 89' lang='lat' dir='ltr'><strong>salis</strong></span> <span class='ocrx_word' id='word_1_94' title='bbox 2328 1272 2641 1337; x_wconf 81' lang='lat' dir='ltr'><strong>absinthii</strong></span> <span class='ocrx_word' id='word_1_95' title='bbox 2685 1295 2863 1339; x_wconf 88' lang='lat' dir='ltr'><strong>scru-</strong></span> 
     </span>
     <span class='ocr_line' id='line_1_11' title="bbox 657 1373 2859 1460; baseline 0.001 -20"><span class='ocrx_word' id='word_1_96' title='bbox 657 1375 886 1460; x_wconf 89' lang='lat' dir='ltr'><strong>pulum</strong></span> <span class='ocrx_word' id='word_1_97' title='bbox 923 1397 1128 1438; x_wconf 88' lang='lat' dir='ltr'><strong>unum</strong></span> <span class='ocrx_word' id='word_1_98' title='bbox 1175 1397 1253 1439; x_wconf 81' lang='lat' dir='ltr'><strong>ex</strong></span> <span class='ocrx_word' id='word_1_99' title='bbox 1295 1373 1612 1440; x_wconf 84' lang='lat' dir='ltr'><strong>cochleari</strong></span> <span class='ocrx_word' id='word_1_100' title='bbox 1644 1395 1779 1438; x_wconf 89' lang='lat' dir='ltr'><strong>uno</strong></span> <span class='ocrx_word' id='word_1_101' title='bbox 1819 1375 1992 1439; x_wconf 87' lang='lat' dir='ltr'><strong>succi</strong></span> <span class='ocrx_word' id='word_1_102' title='bbox 2026 1375 2343 1441; x_wconf 91' lang='lat' dir='ltr'><strong>limonum</strong></span> <span class='ocrx_word' id='word_1_103' title='bbox 2384 1397 2575 1442; x_wconf 89' lang='lat' dir='ltr'><strong>mane</strong></span> <span class='ocrx_word' id='word_1_104' title='bbox 2615 1385 2682 1442; x_wconf 90' lang='lat' dir='ltr'><strong>et</strong></span> <span class='ocrx_word' id='word_1_105' title='bbox 2712 1399 2859 1442; x_wconf 89' lang='lat' dir='ltr'><strong>sero</strong></span> 
     </span>
     <span class='ocr_line' id='line_1_12' title="bbox 658 1477 2859 1562; baseline 0.001 -20"><span class='ocrx_word' id='word_1_106' title='bbox 658 1477 1048 1542; x_wconf 85' lang='lat' dir='ltr'><strong>sumendum</strong></span> <span class='ocrx_word' id='word_1_107' title='bbox 1097 1477 1495 1560; x_wconf 82' lang='lat' dir='ltr'><strong>praescrib03</strong></span> <span class='ocrx_word' id='word_1_108' title='bbox 1556 1477 1958 1542; x_wconf 84' lang='lat' dir='ltr'><strong>intermediis</strong></span> <span class='ocrx_word' id='word_1_109' title='bbox 2003 1499 2153 1542; x_wconf 86' lang='lat' dir='ltr'><strong>vero</strong></span> <span class='ocrx_word' id='word_1_110' title='bbox 2198 1480 2597 1562; x_wconf 82' lang='lat' dir='ltr'><strong>temporibus</strong></span> <span class='ocrx_word' id='word_1_111' title='bbox 2648 1501 2859 1562; x_wconf 76' lang='lat' dir='ltr'><strong>aquae</strong></span> 
     </span>
     <span class='ocr_line' id='line_1_13' title="bbox 659 1579 2863 1664; baseline 0.001 -20"><span class='ocrx_word' id='word_1_112' title='bbox 659 1579 964 1644; x_wconf 86' lang='lat' dir='ltr'><strong>menthae</strong></span> <span class='ocrx_word' id='word_1_113' title='bbox 993 1579 1349 1644; x_wconf 87' lang='lat' dir='ltr'><strong>stillatitiae</strong></span> <span class='ocrx_word' id='word_1_114' title='bbox 1387 1579 1527 1643; x_wconf 88' lang='lat' dir='ltr'><strong>sine</strong></span> <span class='ocrx_word' id='word_1_115' title='bbox 1567 1579 1868 1643; x_wconf 87' lang='lat' dir='ltr'><strong>saccharo</strong></span> <span class='ocrx_word' id='word_1_116' title='bbox 1909 1579 2111 1644; x_wconf 89' lang='lat' dir='ltr'><strong>aliove</strong></span> <span class='ocrx_word' id='word_1_117' title='bbox 2149 1581 2371 1664; x_wconf 80' lang='lat' dir='ltr'><strong>quovis</strong></span> <span class='ocrx_word' id='word_1_118' title='bbox 2413 1581 2863 1647; x_wconf 88' lang='lat' dir='ltr'><strong>additamento</strong></span> 
     </span>
     <span class='ocr_line' id='line_1_14' title="bbox 657 1681 2859 1768; baseline 0 -22"><span class='ocrx_word' id='word_1_119' title='bbox 657 1681 1013 1747; x_wconf 86' lang='lat' dir='ltr'><strong>cochlearia</strong></span> <span class='ocrx_word' id='word_1_120' title='bbox 1056 1681 1299 1765; x_wconf 83' lang='lat' dir='ltr'><strong>aliquot</strong></span> <span class='ocrx_word' id='word_1_121' title='bbox 1332 1681 1434 1746; x_wconf 89' lang='lat' dir='ltr'><strong>bis</strong></span> <span class='ocrx_word' id='word_1_122' title='bbox 1465 1703 1717 1766; x_wconf 85' lang='lat' dir='ltr'><strong>quaque</strong></span> <span class='ocrx_word' id='word_1_123' title='bbox 1754 1681 1915 1746; x_wconf 88' lang='lat' dir='ltr'><strong>hora</strong></span> <span class='ocrx_word' id='word_1_124' title='bbox 1949 1683 2256 1766; x_wconf 63' lang='lat' dir='ltr'><strong>propium</strong></span> <span class='ocrx_word' id='word_1_125' title='bbox 2302 1684 2487 1768; x_wconf 87' lang='lat' dir='ltr'><strong>cujus</strong></span> <span class='ocrx_word' id='word_1_126' title='bbox 2515 1684 2618 1748; x_wconf 88' lang='lat' dir='ltr'><strong>vel</strong></span> <span class='ocrx_word' id='word_1_127' title='bbox 2656 1684 2859 1748; x_wconf 86' lang='lat' dir='ltr'><strong>solius</strong></span> 
     </span>
     <span class='ocr_line' id='line_1_15' title="bbox 657 1785 2860 1868; baseline 0.001 -19"><span class='ocrx_word' id='word_1_128' title='bbox 657 1785 932 1868; x_wconf 87' lang='lat' dir='ltr'><strong>repetito</strong></span> <span class='ocrx_word' id='word_1_129' title='bbox 973 1807 1100 1850; x_wconf 88' lang='lat' dir='ltr'><strong>usu</strong></span> <span class='ocrx_word' id='word_1_130' title='bbox 1146 1791 1212 1849; x_wconf 90' lang='lat' dir='ltr'><strong>et</strong></span> <span class='ocrx_word' id='word_1_131' title='bbox 1241 1786 1518 1850; x_wconf 84' lang='lat' dir='ltr'><strong>vomitus</strong></span> <span class='ocrx_word' id='word_1_132' title='bbox 1559 1791 1627 1849; x_wconf 89' lang='lat' dir='ltr'><strong>et</strong></span> <span class='ocrx_word' id='word_1_133' title='bbox 1666 1785 1848 1849; x_wconf 86' lang='lat' dir='ltr'><strong>dolor</strong></span> <span class='ocrx_word' id='word_1_134' title='bbox 1887 1807 1961 1850; x_wconf 87' lang='lat' dir='ltr'><strong>ex</strong></span> <span class='ocrx_word' id='word_1_135' title='bbox 2008 1806 2083 1848; x_wconf 93' lang='lat' dir='ltr'><strong>eo</strong></span> <span class='ocrx_word' id='word_1_136' title='bbox 2129 1792 2323 1849; x_wconf 89' lang='lat' dir='ltr'><strong>natus</strong></span> <span class='ocrx_word' id='word_1_137' title='bbox 2364 1786 2581 1851; x_wconf 88' lang='lat' dir='ltr'><strong>subito</strong></span> <span class='ocrx_word' id='word_1_138' title='bbox 2628 1809 2860 1851; x_wconf 81' lang='lat' dir='ltr'><strong>evane-</strong></span> 
     </span>
     <span class='ocr_line' id='line_1_16' title="bbox 659 1886 2864 1966; baseline 0.001 -14"><span class='ocrx_word' id='word_1_139' title='bbox 659 1899 862 1952; x_wconf 84' lang='lat' dir='ltr'><strong>scent.</strong></span> <span class='ocrx_word' id='word_1_140' title='bbox 951 1888 1130 1952; x_wconf 91' lang='lat' dir='ltr'><strong>Dum</strong></span> <span class='ocrx_word' id='word_1_141' title='bbox 1178 1886 1340 1952; x_wconf 87' lang='lat' dir='ltr'><strong>haec</strong></span> <span class='ocrx_word' id='word_1_142' title='bbox 1383 1888 1573 1966; x_wconf 90' lang='lat' dir='ltr'><strong>fiunt,</strong></span> <span class='ocrx_word' id='word_1_143' title='bbox 1606 1888 1893 1951; x_wconf 88' lang='lat' dir='ltr'><strong>catulum</strong></span> <span class='ocrx_word' id='word_1_144' title='bbox 1934 1887 2253 1952; x_wconf 85' lang='lat' dir='ltr'><strong>viventem</strong></span> <span class='ocrx_word' id='word_1_145' title='bbox 2299 1888 2477 1952; x_wconf 92' lang='lat' dir='ltr'><strong>nudo</strong></span> <span class='ocrx_word' id='word_1_146' title='bbox 2508 1891 2720 1955; x_wconf 85' lang='lat' dir='ltr'><strong>ventri</strong></span> <span class='ocrx_word' id='word_1_147' title='bbox 2761 1891 2864 1954; x_wconf 87' lang='lat' dir='ltr'><strong>in-</strong></span> 
     </span>
     <span class='ocr_line' id='line_1_17' title="bbox 663 1989 2867 2074; baseline 0.001 -20"><span class='ocrx_word' id='word_1_148' title='bbox 663 1989 1034 2054; x_wconf 82' lang='lat' dir='ltr'><strong>desinenter</strong></span> <span class='ocrx_word' id='word_1_149' title='bbox 1090 1989 1468 2054; x_wconf 88' lang='lat' dir='ltr'><strong>accumbere</strong></span> <span class='ocrx_word' id='word_1_150' title='bbox 1519 1989 1743 2074; x_wconf 83' lang='lat' dir='ltr'><strong>jubeo.</strong></span> <span class='ocrx_word' id='word_1_151' title='bbox 1850 1989 2205 2073; x_wconf 84' lang='lat' dir='ltr'><strong>Postquam</strong></span> <span class='ocrx_word' id='word_1_152' title='bbox 2266 2013 2414 2055; x_wconf 81' lang='lat' dir='ltr'><strong>vero</strong></span> <span class='ocrx_word' id='word_1_153' title='bbox 2474 1991 2656 2057; x_wconf 90' lang='lat' dir='ltr'><strong>dolor</strong></span> <span class='ocrx_word' id='word_1_154' title='bbox 2712 2013 2867 2056; x_wconf 91' lang='lat' dir='ltr'><strong>cum</strong></span> 
     </span>
     <span class='ocr_line' id='line_1_18' title="bbox 661 2092 2865 2176; baseline 0.002 -21"><span class='ocrx_word' id='word_1_155' title='bbox 661 2093 908 2156; x_wconf 87' lang='lat' dir='ltr'><strong>vomitu</strong></span> <span class='ocrx_word' id='word_1_156' title='bbox 948 2113 1064 2176; x_wconf 88' lang='lat' dir='ltr'><strong>per</strong></span> <span class='ocrx_word' id='word_1_157' title='bbox 1108 2092 1390 2175; x_wconf 89' lang='lat' dir='ltr'><strong>spatium</strong></span> <span class='ocrx_word' id='word_1_158' title='bbox 1433 2092 1617 2157; x_wconf 88' lang='lat' dir='ltr'><strong>bidui</strong></span> <span class='ocrx_word' id='word_1_159' title='bbox 1658 2093 1975 2156; x_wconf 68' lang='lat' dir='ltr'><strong>triduive·</strong></span> <span class='ocrx_word' id='word_1_160' title='bbox 2010 2093 2275 2157; x_wconf 89' lang='lat' dir='ltr'><strong>omnino</strong></span> <span class='ocrx_word' id='word_1_161' title='bbox 2320 2095 2677 2174; x_wconf 85' lang='lat' dir='ltr'><strong>cessaverit,</strong></span> <span class='ocrx_word' id='word_1_162' title='bbox 2720 2101 2865 2160; x_wconf 88' lang='lat' dir='ltr'><strong>tum</strong></span> 
     </span>
     <span class='ocr_line' id='line_1_19' title="bbox 660 2195 2867 2281; baseline 0.002 -24"><span class='ocrx_word' id='word_1_163' title='bbox 660 2195 1008 2278; x_wconf 85' lang='lat' dir='ltr'><strong>pilularum</strong></span> <span class='ocrx_word' id='word_1_164' title='bbox 1066 2195 1434 2260; x_wconf 89' lang='lat' dir='ltr'><strong>eochiarum</strong></span> <span class='ocrx_word' id='word_1_165' title='bbox 1491 2196 1809 2279; x_wconf 86' lang='lat' dir='ltr'><strong>majorum</strong></span> <span class='ocrx_word' id='word_1_166' title='bbox 1870 2195 2241 2260; x_wconf 85' lang='lat' dir='ltr'><strong>drachmam</strong></span> <span class='ocrx_word' id='word_1_167' title='bbox 2306 2217 2506 2260; x_wconf 89' lang='lat' dir='ltr'><strong>unam</strong></span> <span class='ocrx_word' id='word_1_168' title='bbox 2564 2199 2637 2261; x_wconf 89' lang='lat' dir='ltr'><strong>in</strong></span> <span class='ocrx_word' id='word_1_169' title='bbox 2695 2219 2867 2281; x_wconf 88' lang='lat' dir='ltr'><strong>aqua</strong></span> 
     </span>
     <span class='ocr_line' id='line_1_20' title="bbox 663 2297 2865 2385; baseline 0.002 -25"><span class='ocrx_word' id='word_1_170' title='bbox 663 2297 972 2362; x_wconf 88' lang='lat' dir='ltr'><strong>menthae</strong></span> <span class='ocrx_word' id='word_1_171' title='bbox 1015 2297 1394 2362; x_wconf 83' lang='lat' dir='ltr'><strong>dissolutam</strong></span> <span class='ocrx_word' id='word_1_172' title='bbox 1438 2298 1737 2376; x_wconf 79' lang='lat' dir='ltr'><strong>exhibe03</strong></span> <span class='ocrx_word' id='word_1_173' title='bbox 1782 2321 1975 2381; x_wconf 88' lang='lat' dir='ltr'><strong>quam</strong></span> <span class='ocrx_word' id='word_1_174' title='bbox 2007 2299 2205 2362; x_wconf 89' lang='lat' dir='ltr'><strong>etiam</strong></span> <span class='ocrx_word' id='word_1_175' title='bbox 2250 2320 2483 2382; x_wconf 87' lang='lat' dir='ltr'><strong>aquam</strong></span> <span class='ocrx_word' id='word_1_176' title='bbox 2533 2301 2685 2385; x_wconf 91' lang='lat' dir='ltr'><strong>(quo</strong></span> <span class='ocrx_word' id='word_1_177' title='bbox 2730 2321 2865 2365; x_wconf 85' lang='lat' dir='ltr'><strong>cer-</strong></span> 
     </span>
     <span class='ocr_line' id='line_1_21' title="bbox 661 2400 2866 2488; baseline 0.002 -23"><span class='ocrx_word' id='word_1_178' title='bbox 661 2401 795 2465; x_wconf 91' lang='lat' dir='ltr'><strong>tius</strong></span> <span class='ocrx_word' id='word_1_179' title='bbox 832 2400 1109 2465; x_wconf 82' lang='lat' dir='ltr'><strong>vomitus</strong></span> <span class='ocrx_word' id='word_1_180' title='bbox 1143 2421 1476 2466; x_wconf 85' lang='lat' dir='ltr'><strong>recursum</strong></span> <span class='ocrx_word' id='word_1_181' title='bbox 1515 2402 1959 2485; x_wconf 83' lang='lat' dir='ltr'><strong>pra-evertam,)</strong></span> <span class='ocrx_word' id='word_1_182' title='bbox 1993 2408 2135 2467; x_wconf 87' lang='lat' dir='ltr'><strong>toto</strong></span> <span class='ocrx_word' id='word_1_183' title='bbox 2175 2401 2539 2467; x_wconf 87' lang='lat' dir='ltr'><strong>catharseos</strong></span> <span class='ocrx_word' id='word_1_184' title='bbox 2574 2411 2866 2488; x_wconf 88' lang='lat' dir='ltr'><strong>tempore</strong></span> 
     </span>
     <span class='ocr_line' id='line_1_22' title="bbox 663 2506 2865 2592; baseline 0.001 -21"><span class='ocrx_word' id='word_1_185' title='bbox 663 2508 916 2592; x_wconf 87' lang='lat' dir='ltr'><strong>saepius</strong></span> <span class='ocrx_word' id='word_1_186' title='bbox 975 2506 1356 2571; x_wconf 88' lang='lat' dir='ltr'><strong>sumendam</strong></span> <span class='ocrx_word' id='word_1_187' title='bbox 1427 2507 1723 2591; x_wconf 83' lang='lat' dir='ltr'><strong>injungo.</strong></span> <span class='ocrx_word' id='word_1_188' title='bbox 1825 2506 2059 2590; x_wconf 90' lang='lat' dir='ltr'><strong>Neque</strong></span> <span class='ocrx_word' id='word_1_189' title='bbox 2118 2507 2372 2570; x_wconf 87' lang='lat' dir='ltr'><strong>catulus</strong></span> <span class='ocrx_word' id='word_1_190' title='bbox 2435 2509 2865 2573; x_wconf 84' lang='lat' dir='ltr'><strong>removendus</strong></span> 
     </span>
     <span class='ocr_line' id='line_1_23' title="bbox 663 2608 2291 2693; baseline -0.001 -20"><span class='ocrx_word' id='word_1_191' title='bbox 663 2616 1012 2693; x_wconf 88' lang='lat' dir='ltr'><strong>antequam</strong></span> <span class='ocrx_word' id='word_1_192' title='bbox 1040 2630 1230 2672; x_wconf 89' lang='lat' dir='ltr'><strong>usum</strong></span> <span class='ocrx_word' id='word_1_193' title='bbox 1261 2609 1607 2692; x_wconf 87' lang='lat' dir='ltr'><strong>pilularum</strong></span> <span class='ocrx_word' id='word_1_194' title='bbox 1637 2628 1827 2691; x_wconf 86' lang='lat' dir='ltr'><strong>aeger</strong></span> <span class='ocrx_word' id='word_1_195' title='bbox 1857 2608 2291 2692; x_wconf 82' lang='lat' dir='ltr'><strong>aggrediatur.</strong></span> 
     </span>
    </p>

    <p class='ocr_par' dir='ltr' id='par_1_6' title="bbox 355 2710 2855 2795">
     <span class='ocr_line' id='line_1_24' title="bbox 355 2710 2855 2795; baseline 0 -17"><span class='ocrx_word' id='word_1_196' title='bbox 355 2730 617 2779; x_wconf 80' lang='lat' dir='ltr'><strong>ventricu-</strong></span> <span class='ocrx_word' id='word_1_197' title='bbox 761 2711 928 2795; x_wconf 87' lang='lat'><strong>[58.]</strong></span> <span class='ocrx_word' id='word_1_198' title='bbox 984 2710 1331 2775; x_wconf 84' lang='lat' dir='ltr'><strong>Observavi</strong></span> <span class='ocrx_word' id='word_1_199' title='bbox 1385 2710 1627 2775; x_wconf 72' lang='lat' dir='ltr'><strong>flustra</strong></span> <span class='ocrx_word' id='word_1_200' title='bbox 1682 2711 1914 2794; x_wconf 87' lang='lat' dir='ltr'><strong>pilulas</strong></span> <span class='ocrx_word' id='word_1_201' title='bbox 1963 2711 2139 2790; x_wconf 85' lang='lat' dir='ltr'><strong>istas,</strong></span> <span class='ocrx_word' id='word_1_202' title='bbox 2187 2712 2290 2775; x_wconf 82' lang='lat' dir='ltr'><strong>vel</strong></span> <span class='ocrx_word' id='word_1_203' title='bbox 2348 2711 2616 2795; x_wconf 85' lang='lat' dir='ltr'><strong>quodvis</strong></span> <span class='ocrx_word' id='word_1_204' title='bbox 2674 2711 2855 2778; x_wconf 85' lang='lat' dir='ltr'><strong>aliud</strong></span> 
     </span>
    </p>

    <p class='ocr_par' dir='ltr' id='par_1_7' title="bbox 357 2796 2863 2898">
     <span class='ocr_line' id='line_1_25' title="bbox 357 2796 2863 2898; baseline 0 -22"><span class='ocrx_word' id='word_1_205' title='bbox 357 2796 436 2843; x_wconf 82' lang='lat'>¹¹¹⁸</span> <span class='ocrx_word' id='word_1_206' title='bbox 459 2797 594 2858; x_wconf 76' lang='lat' dir='ltr'><strong>prius</strong></span> <span class='ocrx_word' id='word_1_207' title='bbox 663 2813 1108 2893; x_wconf 82' lang='lat' dir='ltr'><strong>catharticum,</strong></span> <span class='ocrx_word' id='word_1_208' title='bbox 1139 2819 1468 2896; x_wconf 86' lang='lat' dir='ltr'><strong>utcunque</strong></span> <span class='ocrx_word' id='word_1_209' title='bbox 1496 2813 1683 2891; x_wconf 88' lang='lat' dir='ltr'><strong>forte,</strong></span> <span class='ocrx_word' id='word_1_210' title='bbox 1712 2812 2058 2898; x_wconf 85' lang='lat' dir='ltr'><strong>propinari,</strong></span> <span class='ocrx_word' id='word_1_211' title='bbox 2090 2813 2296 2877; x_wconf 90' lang='lat' dir='ltr'><strong>donec</strong></span> <span class='ocrx_word' id='word_1_212' title='bbox 2324 2814 2685 2879; x_wconf 81' lang='lat' dir='ltr'><strong>ventriculo</strong></span> <span class='ocrx_word' id='word_1_213' title='bbox 2726 2834 2863 2879; x_wconf 91' lang='lat' dir='ltr'><strong>cor-</strong></span> 
     </span>
    </p>
   </div>
   <div class='ocr_carea' id='block_1_4' title="bbox 355 2860 2867 3003">
    <p class='ocr_par' dir='ltr' id='par_1_8' title="bbox 355 2860 2867 3003">
     <span class='ocr_line' id='line_1_26' title="bbox 355 2860 2867 3003; baseline -0 -22"><span class='ocrx_word' id='word_1_214' title='bbox 355 2860 591 2982; x_wconf 47' lang='lat'><strong>3:233?-</strong></span> <span class='ocrx_word' id='word_1_215' title='bbox 660 2917 980 2995; x_wconf 83' lang='lat' dir='ltr'><strong>roborate,</strong></span> <span class='ocrx_word' id='word_1_216' title='bbox 1013 2925 1208 3003; x_wconf 89' lang='lat' dir='ltr'><strong>atque</strong></span> <span class='ocrx_word' id='word_1_217' title='bbox 1240 2916 1398 2980; x_wconf 91' lang='lat' dir='ltr'><strong>adeo</strong></span> <span class='ocrx_word' id='word_1_218' title='bbox 1435 2916 1518 2980; x_wconf 88' lang='lat' dir='ltr'><strong>ad</strong></span> <span class='ocrx_word' id='word_1_219' title='bbox 1547 2921 1801 2979; x_wconf 90' lang='lat' dir='ltr'><strong>motum</strong></span> <span class='ocrx_word' id='word_1_220' title='bbox 1830 2916 2195 2979; x_wconf 82' lang='lat' dir='ltr'><strong>naturalem</strong></span> <span class='ocrx_word' id='word_1_221' title='bbox 2233 2915 2521 2995; x_wconf 75' lang='lat' dir='ltr'><strong>reducto,</strong></span> <span class='ocrx_word' id='word_1_222' title='bbox 2552 2916 2867 2981; x_wconf 89' lang='lat' dir='ltr'><strong>intestina</strong></span> 
     </span>
    </p>
   </div>
   <div class='ocr_carea' id='block_1_5' title="bbox 265 2990 2867 4335">
    <p class='ocr_par' dir='ltr' id='par_1_9' title="bbox 265 2990 2867 4335">
     <span class='ocr_line' id='line_1_27' title="bbox 353 2990 2865 3117; baseline -0.001 -34"><span class='ocrx_word' id='word_1_223' title='bbox 353 2990 605 3117; x_wconf 52' lang='lat' dir='ltr'>{fflffin&#39;</span> <span class='ocrx_word' id='word_1_224' title='bbox 661 3020 860 3083; x_wconf 88' lang='lat' dir='ltr'><strong>etiam</strong></span> <span class='ocrx_word' id='word_1_225' title='bbox 889 3020 972 3083; x_wconf 87' lang='lat' dir='ltr'><strong>ad</strong></span> <span class='ocrx_word' id='word_1_226' title='bbox 999 3020 1329 3104; x_wconf 89' lang='lat' dir='ltr'><strong>proprium</strong></span> <span class='ocrx_word' id='word_1_227' title='bbox 1357 3026 1611 3084; x_wconf 90' lang='lat' dir='ltr'><strong>motum</strong></span> <span class='ocrx_word' id='word_1_228' title='bbox 1649 3039 1849 3101; x_wconf 87' lang='lat' dir='ltr'><strong>aeque</strong></span> <span class='ocrx_word' id='word_1_229' title='bbox 1878 3018 2147 3083; x_wconf 85' lang='lat' dir='ltr'><strong>reducta</strong></span> <span class='ocrx_word' id='word_1_230' title='bbox 2174 3019 2455 3095; x_wconf 85' lang='lat' dir='ltr'><strong>fuerint;</strong></span> <span class='ocrx_word' id='word_1_231' title='bbox 2502 3018 2657 3083; x_wconf 86' lang='lat' dir='ltr'><strong>alias</strong></span> <span class='ocrx_word' id='word_1_232' title='bbox 2688 3020 2865 3083; x_wconf 88' lang='lat' dir='ltr'><strong>enim</strong></span> 
     </span>
     <span class='ocr_line' id='line_1_28' title="bbox 357 3118 2864 3230; baseline -0.001 -43"><span class='ocrx_word' id='word_1_233' title='bbox 357 3118 639 3230; x_wconf 46' lang='lat' dir='ltr'><strong>gdssfflii&#39;a·</strong></span> <span class='ocrx_word' id='word_1_234' title='bbox 662 3123 1014 3187; x_wconf 80' lang='lat' dir='ltr'><strong>cathartica</strong></span> <span class='ocrx_word' id='word_1_235' title='bbox 1057 3122 1275 3185; x_wconf 88' lang='lat' dir='ltr'><strong>omnia</strong></span> <span class='ocrx_word' id='word_1_236' title='bbox 1321 3122 1500 3185; x_wconf 83' lang='lat' dir='ltr'><strong>intus</strong></span> <span class='ocrx_word' id='word_1_237' title='bbox 1545 3130 1876 3204; x_wconf 87' lang='lat' dir='ltr'><strong>assumpta</strong></span> <span class='ocrx_word' id='word_1_238' title='bbox 1926 3122 2199 3185; x_wconf 86' lang='lat' dir='ltr'><strong>emetica</strong></span> <span class='ocrx_word' id='word_1_239' title='bbox 2250 3121 2547 3199; x_wconf 81' lang='lat' dir='ltr'><strong>evadent,</strong></span> <span class='ocrx_word' id='word_1_240' title='bbox 2601 3128 2669 3185; x_wconf 89' lang='lat' dir='ltr'><strong>et</strong></span> <span class='ocrx_word' id='word_1_241' title='bbox 2717 3122 2864 3205; x_wconf 82' lang='lat' dir='ltr'><strong>plus</strong></span> 
     </span>
     <span class='ocr_line' id='line_1_29' title="bbox 355 3216 2865 3306; baseline -0.003 -11"><span class='ocrx_word' id='word_1_242' title='bbox 355 3216 618 3294; x_wconf 66' lang='lat' dir='ltr'><strong>emetieum</strong></span> <span class='ocrx_word' id='word_1_243' title='bbox 663 3224 886 3288; x_wconf 88' lang='lat' dir='ltr'><strong>damni</strong></span> <span class='ocrx_word' id='word_1_244' title='bbox 937 3244 1131 3306; x_wconf 90' lang='lat' dir='ltr'><strong>quam</strong></span> <span class='ocrx_word' id='word_1_245' title='bbox 1193 3222 1513 3287; x_wconf 88' lang='lat' dir='ltr'><strong>commodi</strong></span> <span class='ocrx_word' id='word_1_246' title='bbox 1569 3224 1871 3287; x_wconf 83' lang='lat' dir='ltr'><strong>inferent.</strong></span> <span class='ocrx_word' id='word_1_247' title='bbox 1963 3223 2129 3287; x_wconf 88' lang='lat' dir='ltr'><strong>Inde</strong></span> <span class='ocrx_word' id='word_1_248' title='bbox 2174 3231 2272 3288; x_wconf 89' lang='lat' dir='ltr'><strong>est</strong></span> <span class='ocrx_word' id='word_1_249' title='bbox 2333 3223 2506 3306; x_wconf 89' lang='lat' dir='ltr'><strong>quod</strong></span> <span class='ocrx_word' id='word_1_250' title='bbox 2564 3223 2865 3289; x_wconf 87' lang='lat' dir='ltr'><strong>remediis</strong></span> 
     </span>
     <span class='ocr_line' id='line_1_30' title="bbox 354 3310 2865 3412; baseline 0 -23"><span class='ocrx_word' id='word_1_251' title='bbox 354 3310 542 3359; x_wconf 43' lang='lat' dir='ltr'><strong>“⁸⁶⁶ss</strong></span> <span class='ocrx_word' id='word_1_252' title='bbox 661 3326 1090 3410; x_wconf 85' lang='lat' dir='ltr'><strong>purgantibus</strong></span> <span class='ocrx_word' id='word_1_253' title='bbox 1133 3326 1302 3389; x_wconf 78' lang='lat' dir='ltr'><strong>viam</strong></span> <span class='ocrx_word' id='word_1_254' title='bbox 1345 3326 1555 3389; x_wconf 80' lang='lat' dir='ltr'><strong>facere</strong></span> <span class='ocrx_word' id='word_1_255' title='bbox 1598 3348 1733 3391; x_wconf 90' lang='lat' dir='ltr'><strong>non</strong></span> <span class='ocrx_word' id='word_1_256' title='bbox 1779 3326 2135 3409; x_wconf 87' lang='lat' dir='ltr'><strong>aggredior,</strong></span> <span class='ocrx_word' id='word_1_257' title='bbox 2169 3326 2375 3391; x_wconf 87' lang='lat' dir='ltr'><strong>donec</strong></span> <span class='ocrx_word' id='word_1_258' title='bbox 2417 3348 2532 3411; x_wconf 90' lang='lat' dir='ltr'><strong>per</strong></span> <span class='ocrx_word' id='word_1_259' title='bbox 2577 3327 2865 3412; x_wconf 86' lang='lat' dir='ltr'><strong>spatium</strong></span> 
     </span>
     <span class='ocr_line' id='line_1_31' title="bbox 662 3427 2867 3513; baseline 0.001 -20"><span class='ocrx_word' id='word_1_260' title='bbox 662 3428 986 3511; x_wconf 89' lang='lat' dir='ltr'><strong>quoddam</strong></span> <span class='ocrx_word' id='word_1_261' title='bbox 1023 3427 1510 3494; x_wconf 87' lang='lat' dir='ltr'><strong>medicamentis</strong></span> <span class='ocrx_word' id='word_1_262' title='bbox 1539 3428 1681 3493; x_wconf 88' lang='lat' dir='ltr'><strong>istis</strong></span> <span class='ocrx_word' id='word_1_263' title='bbox 1712 3430 2142 3493; x_wconf 88' lang='lat' dir='ltr'><strong>ventriculum</strong></span> <span class='ocrx_word' id='word_1_264' title='bbox 2186 3430 2681 3513; x_wconf 87' lang='lat' dir='ltr'><strong>respicientibus</strong></span> <span class='ocrx_word' id='word_1_265' title='bbox 2708 3452 2867 3495; x_wconf 77' lang='lat' dir='ltr'><strong>usus</strong></span> 
     </span>
     <span class='ocr_line' id='line_1_32' title="bbox 663 3530 921 3595; baseline -0.004 0"><span class='ocrx_word' id='word_1_266' title='bbox 663 3530 921 3595; x_wconf 86' lang='lat' dir='ltr'><strong>fuerim.</strong></span> 
     </span>
     <span class='ocr_line' id='line_1_33' title="bbox 359 3633 2865 3727; baseline -0 -29"><span class='ocrx_word' id='word_1_267' title='bbox 359 3650 536 3727; x_wconf 55' lang='lat' dir='ltr'><strong>Dignata</strong></span> <span class='ocrx_word' id='word_1_268' title='bbox 557 3655 606 3697; x_wconf 80' lang='lat' dir='ltr'><strong>et</strong></span> <span class='ocrx_word' id='word_1_269' title='bbox 759 3633 926 3717; x_wconf 65' lang='lat'>[59]</span> <span class='ocrx_word' id='word_1_270' title='bbox 981 3633 1250 3697; x_wconf 88' lang='lat' dir='ltr'><strong>Victum</strong></span> <span class='ocrx_word' id='word_1_271' title='bbox 1279 3633 1462 3697; x_wconf 80' lang='lat' dir='ltr'><strong>valde</strong></span> <span class='ocrx_word' id='word_1_272' title='bbox 1503 3640 1773 3697; x_wconf 91' lang='lat' dir='ltr'><strong>tenuem</strong></span> <span class='ocrx_word' id='word_1_273' title='bbox 1802 3654 1995 3717; x_wconf 87' lang='lat' dir='ltr'><strong>aegro</strong></span> <span class='ocrx_word' id='word_1_274' title='bbox 2034 3634 2418 3717; x_wconf 86' lang='lat' dir='ltr'><strong>praescribo,</strong></span> <span class='ocrx_word' id='word_1_275' title='bbox 2450 3634 2546 3698; x_wconf 81' lang='lat' dir='ltr'><strong>ita</strong></span> <span class='ocrx_word' id='word_1_276' title='bbox 2584 3642 2663 3697; x_wconf 87' lang='lat' dir='ltr'><strong>ut</strong></span> <span class='ocrx_word' id='word_1_277' title='bbox 2702 3655 2865 3698; x_wconf 88' lang='lat' dir='ltr'><strong>non-</strong></span> 
     </span>
     <span class='ocr_line' id='line_1_34' title="bbox 356 3730 2863 3827; baseline 0 -28"><span class='ocrx_word' id='word_1_278' title='bbox 356 3730 639 3827; x_wconf 51' lang='grc' dir='ltr'><strong>ἱξῗζζῗδο</strong></span> <span class='ocrx_word' id='word_1_279' title='bbox 663 3736 790 3799; x_wconf 88' lang='lat' dir='ltr'><strong>nisi</strong></span> <span class='ocrx_word' id='word_1_280' title='bbox 819 3736 1175 3801; x_wconf 88' lang='lat' dir='ltr'><strong>cochlearia</strong></span> <span class='ocrx_word' id='word_1_281' title='bbox 1213 3737 1456 3819; x_wconf 88' lang='lat' dir='ltr'><strong>aliquot</strong></span> <span class='ocrx_word' id='word_1_282' title='bbox 1492 3736 1731 3819; x_wconf 89' lang='lat' dir='ltr'><strong>jusculi</strong></span> <span class='ocrx_word' id='word_1_283' title='bbox 1762 3757 1838 3800; x_wconf 82' lang='lat' dir='ltr'><strong>ex</strong></span> <span class='ocrx_word' id='word_1_284' title='bbox 1874 3736 2051 3819; x_wconf 90' lang='lat' dir='ltr'><strong>pullo</strong></span> <span class='ocrx_word' id='word_1_285' title='bbox 2092 3736 2445 3819; x_wconf 88' lang='lat' dir='ltr'><strong>gallinaceo</strong></span> <span class='ocrx_word' id='word_1_286' title='bbox 2474 3737 2684 3819; x_wconf 91' lang='lat' dir='ltr'><strong>parati</strong></span> <span class='ocrx_word' id='word_1_287' title='bbox 2729 3756 2863 3799; x_wconf 88' lang='lat' dir='ltr'><strong>sor-</strong></span> 
     </span>
     <span class='ocr_line' id='line_1_35' title="bbox 355 3836 2867 3922; baseline 0 -22"><span class='ocrx_word' id='word_1_288' title='bbox 355 3842 645 3900; x_wconf 53' lang='lat' dir='ltr'><strong>laboranti„</strong></span> <span class='ocrx_word' id='word_1_289' title='bbox 663 3836 880 3903; x_wconf 89' lang='lat' dir='ltr'><strong>benda</strong></span> <span class='ocrx_word' id='word_1_290' title='bbox 920 3838 1020 3903; x_wconf 90' lang='lat' dir='ltr'><strong>bis</strong></span> <span class='ocrx_word' id='word_1_291' title='bbox 1065 3839 1167 3902; x_wconf 85' lang='lat' dir='ltr'><strong>vel</strong></span> <span class='ocrx_word' id='word_1_292' title='bbox 1207 3846 1308 3903; x_wconf 90' lang='lat' dir='ltr'><strong>ter</strong></span> <span class='ocrx_word' id='word_1_293' title='bbox 1365 3839 1437 3901; x_wconf 89' lang='lat' dir='ltr'><strong>in</strong></span> <span class='ocrx_word' id='word_1_294' title='bbox 1481 3838 1586 3901; x_wconf 92' lang='lat' dir='ltr'><strong>die</strong></span> <span class='ocrx_word' id='word_1_295' title='bbox 1632 3838 2023 3921; x_wconf 85' lang='lat' dir='ltr'><strong>permittam.</strong></span> <span class='ocrx_word' id='word_1_296' title='bbox 2116 3839 2393 3903; x_wconf 86' lang='lat' dir='ltr'><strong>Interim</strong></span> <span class='ocrx_word' id='word_1_297' title='bbox 2438 3859 2587 3903; x_wconf 84' lang='lat' dir='ltr'><strong>vero</strong></span> <span class='ocrx_word' id='word_1_298' title='bbox 2630 3846 2707 3903; x_wconf 92' lang='lat' dir='ltr'><strong>ut</strong></span> <span class='ocrx_word' id='word_1_299' title='bbox 2749 3860 2867 3922; x_wconf 87' lang='lat' dir='ltr'><strong>per</strong></span> 
     </span>
     <span class='ocr_line' id='line_1_36' title="bbox 662 3940 2866 4025; baseline 0 -20"><span class='ocrx_word' id='word_1_300' title='bbox 662 3948 882 4005; x_wconf 87' lang='lat' dir='ltr'><strong>totam&#39;</strong></span> <span class='ocrx_word' id='word_1_301' title='bbox 892 3942 1400 4024; x_wconf 87' lang='lat' dir='ltr'><strong>aegrotationem</strong></span> <span class='ocrx_word' id='word_1_302' title='bbox 1419 3940 1491 4004; x_wconf 91' lang='lat' dir='ltr'><strong>in</strong></span> <span class='ocrx_word' id='word_1_303' title='bbox 1512 3940 1681 4005; x_wconf 84' lang='lat' dir='ltr'><strong>lecto</strong></span> <span class='ocrx_word' id='word_1_304' title='bbox 1704 3940 2048 4005; x_wconf 87' lang='lat' dir='ltr'><strong>decumbat</strong></span> <span class='ocrx_word' id='word_1_305' title='bbox 2071 3940 2291 4025; x_wconf 86' lang='lat' dir='ltr'><strong>jubeo,</strong></span> <span class='ocrx_word' id='word_1_306' title='bbox 2316 3941 2521 4007; x_wconf 90' lang='lat' dir='ltr'><strong>donec</strong></span> <span class='ocrx_word' id='word_1_307' title='bbox 2542 3941 2866 4025; x_wconf 87' lang='lat' dir='ltr'><strong>perfectae</strong></span> 
     </span>
     <span class='ocr_line' id='line_1_37' title="bbox 265 4044 2865 4131; baseline 0 -26"><span class='ocrx_word' id='word_1_308' title='bbox 265 4098 272 4105; x_wconf 84' lang='lat'><strong>.</strong></span> <span class='ocrx_word' id='word_1_309' title='bbox 358 4060 406 4131; x_wconf 57' lang='lat' dir='ltr'><strong>gt</strong></span> <span class='ocrx_word' id='word_1_310' title='bbox 425 4055 486 4103; x_wconf 67' lang='lat' dir='ltr'><strong>ab</strong></span> <span class='ocrx_word' id='word_1_311' title='bbox 507 4072 563 4105; x_wconf 86' lang='lat' dir='ltr'><strong>eo</strong></span> <span class='ocrx_word' id='word_1_312' title='bbox 661 4044 1014 4109; x_wconf 83' lang='lat' dir='ltr'><strong>sanationis</strong></span> <span class='ocrx_word' id='word_1_313' title='bbox 1058 4044 1244 4128; x_wconf 83' lang='lat' dir='ltr'><strong>signa</strong></span> <span class='ocrx_word' id='word_1_314' title='bbox 1287 4051 1674 4129; x_wconf 85' lang='lat' dir='ltr'><strong>appareant;</strong></span> <span class='ocrx_word' id='word_1_315' title='bbox 1736 4065 1810 4107; x_wconf 91' lang='lat' dir='ltr'><strong>ac</strong></span> <span class='ocrx_word' id='word_1_316' title='bbox 1854 4044 2051 4108; x_wconf 87' lang='lat' dir='ltr'><strong>etiam</strong></span> <span class='ocrx_word' id='word_1_317' title='bbox 2096 4052 2244 4128; x_wconf 91' lang='lat' dir='ltr'><strong>post</strong></span> <span class='ocrx_word' id='word_1_318' title='bbox 2296 4044 2701 4107; x_wconf 86' lang='lat' dir='ltr'><strong>sanationem</strong></span> <span class='ocrx_word' id='word_1_319' title='bbox 2747 4062 2865 4126; x_wconf 87' lang='lat' dir='ltr'><strong>per</strong></span> 
     </span>
     <span class='ocr_line' id='line_1_38' title="bbox 350 4134 2863 4234; baseline -0.001 -23"><span class='ocrx_word' id='word_1_320' title='bbox 350 4134 602 4234; x_wconf 51' lang='grc' dir='ltr'><strong>ᾖᾟωζζζζ</strong></span> <span class='ocrx_word' id='word_1_321' title='bbox 659 4148 930 4232; x_wconf 86' lang='lat' dir='ltr'><strong>longum</strong></span> <span class='ocrx_word' id='word_1_322' title='bbox 969 4153 1226 4231; x_wconf 90' lang='lat' dir='ltr'><strong>tempus</strong></span> <span class='ocrx_word' id='word_1_323' title='bbox 1253 4148 1326 4211; x_wconf 90' lang='lat' dir='ltr'><strong>in</strong></span> <span class='ocrx_word' id='word_1_324' title='bbox 1366 4147 1731 4233; x_wconf 83' lang='lat' dir='ltr'><strong>praedictae</strong></span> <span class='ocrx_word' id='word_1_325' title='bbox 1760 4168 1963 4229; x_wconf 87' lang='lat' dir='ltr'><strong>aquae</strong></span> <span class='ocrx_word' id='word_1_326' title='bbox 1990 4168 2117 4210; x_wconf 86' lang='lat' dir='ltr'><strong>usu</strong></span> <span class='ocrx_word' id='word_1_327' title='bbox 2154 4146 2516 4232; x_wconf 85' lang='lat' dir='ltr'><strong>persistere,</strong></span> <span class='ocrx_word' id='word_1_328' title='bbox 2548 4153 2615 4209; x_wconf 87' lang='lat' dir='ltr'><strong>et</strong></span> <span class='ocrx_word' id='word_1_329' title='bbox 2654 4144 2863 4209; x_wconf 85' lang='lat' dir='ltr'><strong>laneis</strong></span> 
     </span>
     <span class='ocr_line' id='line_1_39' title="bbox 359 4247 2865 4335; baseline 0.008 -43"><span class='ocrx_word' id='word_1_330' title='bbox 359 4247 436 4296; x_wconf 76' lang='lat' dir='ltr'><strong>fis.</strong></span> <span class='ocrx_word' id='word_1_331' title='bbox 662 4250 1002 4335; x_wconf 82' lang='lat' dir='ltr'><strong>duplicatis</strong></span> <span class='ocrx_word' id='word_1_332' title='bbox 1023 4259 1314 4317; x_wconf 86' lang='lat' dir='ltr'><strong>ventrem</strong></span> <span class='ocrx_word' id='word_1_333' title='bbox 1338 4274 1377 4315; x_wconf 85' lang='lat' dir='ltr'><strong>a</strong></span> <span class='ocrx_word' id='word_1_334' title='bbox 1393 4252 1630 4334; x_wconf 89' lang='lat' dir='ltr'><strong>frigore</strong></span> <span class='ocrx_word' id='word_1_335' title='bbox 1658 4251 1826 4315; x_wconf 93' lang='lat' dir='ltr'><strong>bene</strong></span> <span class='ocrx_word' id='word_1_336' title='bbox 1845 4249 2187 4314; x_wconf 87' lang='lat' dir='ltr'><strong>defendere</strong></span> <span class='ocrx_word' id='word_1_337' title='bbox 2208 4250 2473 4333; x_wconf 89' lang='lat' dir='ltr'><strong>impero,</strong></span> <span class='ocrx_word' id='word_1_338' title='bbox 2496 4270 2623 4333; x_wconf 91' lang='lat' dir='ltr'><strong>quo</strong></span> <span class='ocrx_word' id='word_1_339' title='bbox 2646 4250 2865 4313; x_wconf 86' lang='lat' dir='ltr'><strong>minus</strong></span> 
     </span>
    </p>
   </div>
   <div class='ocr_carea' id='block_1_6' title="bbox 659 4351 2833 4546">
    <p class='ocr_par' dir='ltr' id='par_1_10' title="bbox 659 4351 2833 4546">
     <span class='ocr_line' id='line_1_40' title="bbox 659 4351 2833 4437; baseline -0.001 -20"><span class='ocrx_word' id='word_1_340' title='bbox 659 4354 936 4419; x_wconf 87' lang='lat' dir='ltr'><strong>recidiva</strong></span> <span class='ocrx_word' id='word_1_341' title='bbox 964 4355 1097 4435; x_wconf 89' lang='lat' dir='ltr'><strong>fiat,</strong></span> <span class='ocrx_word' id='word_1_342' title='bbox 1117 4356 1222 4419; x_wconf 89' lang='lat' dir='ltr'><strong>cui</strong></span> <span class='ocrx_word' id='word_1_343' title='bbox 1249 4354 1356 4419; x_wconf 88' lang='lat' dir='ltr'><strong>hic</strong></span> <span class='ocrx_word' id='word_1_344' title='bbox 1387 4354 1655 4419; x_wconf 86' lang='lat' dir='ltr'><strong>affectus</strong></span> <span class='ocrx_word' id='word_1_345' title='bbox 1682 4374 1835 4437; x_wconf 89' lang='lat' dir='ltr'><strong>prae</strong></span> <span class='ocrx_word' id='word_1_346' title='bbox 1864 4352 2166 4419; x_wconf 87' lang='lat' dir='ltr'><strong>omnibus</strong></span> <span class='ocrx_word' id='word_1_347' title='bbox 2194 4353 2336 4417; x_wconf 87' lang='lat' dir='ltr'><strong>aliis</strong></span> <span class='ocrx_word' id='word_1_348' title='bbox 2365 4359 2465 4417; x_wconf 89' lang='lat' dir='ltr'><strong>est</strong></span> <span class='ocrx_word' id='word_1_349' title='bbox 2492 4351 2833 4417; x_wconf 86' lang='lat' dir='ltr'><strong>obnoxius.</strong></span> 
     </span>
     <span class='ocr_line' id='line_1_41' title="bbox 1065 4482 2451 4546; baseline -0.001 -14"><span class='ocrx_word' id='word_1_350' title='bbox 1065 4496 1086 4520; x_wconf 78' lang='lat'>⁸</span> <span class='ocrx_word' id='word_1_351' title='bbox 1121 4486 1212 4533; x_wconf 76' lang='lat' dir='ltr'><strong>bid.</strong></span> <span class='ocrx_word' id='word_1_352' title='bbox 1237 4484 1376 4546; x_wconf 55' lang='lat' dir='ltr'><strong>trica]</strong></span> <span class='ocrx_word' id='word_1_353' title='bbox 1399 4487 1494 4532; x_wconf 67' lang='lat' dir='ltr'><strong>dies·</strong></span> <span class='ocrx_word' id='word_1_354' title='bbox 1515 4489 1651 4533; x_wconf 77' lang='lat' dir='ltr'><strong>unius</strong></span> <span class='ocrx_word' id='word_1_355' title='bbox 1672 4486 1741 4533; x_wconf 82' lang='lat' dir='ltr'><strong>vel</strong></span> <span class='ocrx_word' id='word_1_356' title='bbox 1762 4486 1955 4532; x_wconf 71' lang='lat' dir='ltr'><strong>alterius</strong></span> <span class='ocrx_word' id='word_1_357' title='bbox 1977 4482 2082 4531; x_wconf 80' lang='lat' dir='ltr'><strong>edd.</strong></span> <span class='ocrx_word' id='word_1_358' title='bbox 2106 4482 2208 4541; x_wconf 74' lang='lat'><strong>⁹66,</strong></span> <span class='ocrx_word' id='word_1_359' title='bbox 2235 4482 2331 4542; x_wconf 80' lang='lat'><strong>’68,</strong></span> <span class='ocrx_word' id='word_1_360' title='bbox 2356 4482 2451 4533; x_wconf 77' lang='lat'><strong>⁹76.</strong></span> 
     </span>
    </p>
   </div>
   <div class='ocr_carea' id='block_1_7' title="bbox 359 723 642 734">
    <p class='ocr_par' dir='ltr' id='par_1_11' title="bbox 359 723 642 734">
     <span class='ocr_line' id='line_1_42' title="bbox 359 723 642 734; baseline 0 4272"><span class='ocrx_word' id='word_1_361' title='bbox 359 723 642 734; x_wconf 95' lang='lat' dir='ltr'><strong> </strong></span> 
     </span>
    </p>
   </div>
  </div>
 </body>
</html>
