3138 5006
1188 290 1450 349 INDEX
1494 289 1797 351 RERUM.

353 440 502 488 Aetas
521 440 736 489 hominis
757 443 904 490 unius
936 442 1274 505 experimentis
1297 459 1442 507 supra

283 504 477 551 morbos
497 506 811 553 instituendis
826 521 916 569 par
931 522 1028 554 non
1054 514 1140 564 est,
1167 510 1243 557 24.

348 567 694 616 Arracrrom:
735 568 866 631 (Ds)
907 570 1243 629 Hrsrmucs,
1278 572 1442 619 334—

285 632 396 679 404.
425 630 498 693 [v.
519 633 812 695 Hysterica]

349 694 709 753 Arraei-rous,
748 696 878 757 (Da)
915 710 973 744 m
1019 696 1288 745 Fontanus
1329 700 1436 761 Hy-

282 763 467 814 ster-ica,
511 760 763 807 Mamaos
795 762 1225 821 Hypochondriaea,
1263 776 1438 821 mc‘rA,

284 824 555 871 640—545.
583 822 655 885 [v.
680 826 1102 887 Hypochondrt'aca,
1129 827 1424 889 Hysterica]

349 885 568 933 Affectus
601 887 800 949 quidam
828 889 1018 935 nervosi
1054 892 1440 939 venae-sectione

283 955 333 995 et
373 952 738 1011 purgationibus
779 952 992 1013 repetitis
1031 952 1264 1013 indigent.
1307 956 1438 1011 495;

283 1012 479 1073 plurimi
508 1018 710 1062 scm-bun·
741 1015 936 1063 nomine
968 1016 1212 1064 immerito
1231 1016 1437 1079 insigni-

283 1084 449 1133 untur,
470 1080 548 1135 54,
573 1078 696 1133 259;
731 1078 990 1126 affectuum
1007 1078 1327 1140 plurimorum
1349 1096 1436 1129 cu-

281 1140 417 1197 ratio,
433 1155 529 1187 non
543 1156 814 1197 causarum,
837 1142 922 1189 sed
943 1156 1082 1189 verae
1103 1150 1248 1204 atque
1269 1160 1436 1206 exper-

283 1209 359 1250 tae
381 1204 612 1261 methodi,
635 1205 907 1267 cognitione
928 1205 1208 1264 absolvitur,
1237 1210 1344 1255 100.

347 1265 477 1315 Alba
501 1268 684 1326 Febris,
720 1267 822 1316 sive
854 1268 1116 1325 Chlorosis,
1137 1271 1322 1331 species
1343 1271 1435 1333 hy-

281 1331 481 1444 st⁷eJicae
497 1331 651 1381 affect.
677 1348 737 1380 ex
753 1332 1038 1380 humoribus
1054 1332 1324 1396 depravatis
1346 1342 1434 1393 est,

345 1458 476 1505 Alba
494 1458 747 1520 profluvia.
775 1458 847 1521 [v.
873 1460 1014 1506 Flusor
1037 1458 1324 1523 Muliebris]

350 1522 680 1569 Alexeterium
701 1523 850 1585 pestis
867 1523 1116 1585 proprium
1141 1524 1192 1570 in
1219 1524 1436 1573 Naturae

279 1584 390 1632 sinu
413 1586 634 1633 abditum
656 1586 814 1633 adhuc
837 1586 1088 1644 delitescit,
1117 1589 1226 1635 103.

343 1648 752 1712 Alexipharmaca
763 1650 994 1713 pleraque
1006 1651 1162 1699 calida
1173 1658 1302 1707 sunt,
1317 1654 1408 1699 102
1421 1670 1434 1707 ς

278 1710 331 1758 i'n
353 1720 486 1775 peste
509 1722 712 1775 prosunt
735 1728 820 1775 per
833 1714 1072 1770 accidens,
1095 1722 1332 1777 quatenus
1365 1730 1430 1765 sc.

280 1776 608 1837 diaphoretica
648 1784 776 1835 sunt,
814 1779 940 1833 1023
997 1780 1247 1825 materiam
1279 1780 1436 1827 morbi

279 1841 571 1897 evacuando,
601 1841 763 1903 potius
798 1856 946 1903 quam
979 1842 1202 1903 specifica
1223 1842 1434 1905 quadam

279 1902 472 1961 virtius,
497 1912 714 1966 prosunt,
755 1907 876 1959 103:
931 1910 988 1952 ut
1025 1906 1078 1951 in
1114 1905 1198 1953 lue
1231 1920 1436 1954 venerea

279 1968 550 2015 mercurius
571 1975 621 2015 et
643 1967 961 2031 sarsaparilla,
985 1970 1098 2016 ibid.

346 2030 537 2078 Allium
591 2032 750 2079 solum
804 2032 856 2079 in
908 2031 1122 2093 hydrope
1173 2031 1436 2094 incipiente

277 2094 412 2141 hunc
431 2097 654 2143 morbum
677 2094 939 2157 aliquando
961 2095 1162 2158 depulit,
1186 2096 1310 2151 472;
1347 2112 1432 2157 pe-

279 2158 422 2206 dibus
448 2159 735 2221 applicitum
765 2160 984 2206 omnium
1019 2159 1201 2221 optime
1231 2159 1436 2218 revellit,

279 2224 402 2277 3543
437 2222 554 2269 hinc
577 2223 756 2270 adultis
786 2223 982 2270 variolis
1008 2223 1147 2271 confi.
1170 2223 1433 2271 laboranti—

279 2285 370 2332 bus
392 2286 675 2348 applicatur,
701 2288 812 2335 355.

343 2349 462 2396 Alvi
500 2350 792 2412 profluvium
833 2356 881 2397 ct
917 2350 1132 2397 vomitus
1175 2350 1435 2398 sudoribus

276 2412 1436 2540 wffifflzssffi‘ssstznsspztssff23:¹³&

342 2541 636 2598 Amanum,
667 2541 799 2603 (Da)
825 2543 948 2598 6013
981 2543 1044 2589 cs.
1065 2545 1178 2589 255.

342 2603 589 2663 Amentia,
619 2605 720 2654 sive
751 2606 931 2664 mania,
953 2613 1064 2668 post
1094 2605 1250 2654 febres
1283 2606 1430 2654 inter-

275 2667 400 2716 mitt.
425 2676 644 2718 autumn.
670 2671 734 2718 90
755 2685 827 2731 sq.

341 2731 630 2781 Anatomiae
659 2747 900 2795 quaenam
929 2732 1101 2780 notitia
1129 2732 1326 2781 Medico
1358 2739 1431 2782 at-

274 2809 371 2856 que
395 2795 637 2858 chirurgo
657 2797 943 2853 necessaria,
964 2797 1075 2844 463.

342 2859 524 2908 Anethi
547 2875 712 2908 semen
733 2868 966 2923 tanquam
988 2859 1268 2922 specificum
1283 2859 1431 2908 habe-

273 2927 357 2970 tur
376 2924 430 2970 in
453 2924 685 2984 singultu,
709 2923 794 2971 sed
815 2939 912 2972 non
935 2939 1126 2987 semper
1139 2924 1297 2984 juvat,
1321 2925 1400 2971 61.

343 2989 580 3042 Amaras,
616 2987 747 3048 (Da)
781 2988 1055 3044 265-267,
1089 2989 1200 3044 559,
1231 2988 1354 3044 56ος
1407 3002 1434 3034 a

272 3050 447 3108 calore,
479 3052 726 3098 intensum
762 3051 916 3112 frigus
952 3051 1113 3098 subito
1148 3050 1432 3112 excipiente,

271 3113 561 3177 plerumque
583 3115 748 3172 oritur,
772 3118 863 3170 3ος
899 3115 950 3161 in
981 3115 1158 3176 angina
1178 3115 1326 3162 febris
1347 3131 1432 3177 pro

271 3179 443 3225 morbo
469 3179 697 3240 primario
713 3179 948 3236 habenda,
968 3187 1016 3225 et
1035 3178 1211 3240 reliqui
1233 3179 1433 3226 affectus

271 3248 466 3289 tantum

272 3305 548 3368 descriptio,
573 3307 685 3362 265,
715 3307 795 3364 66,
823 3307 946 3362 5693
983 3305 1181 3362 curatio,
1220 3305 1327 3362 266,
1352 3305 1431 3362 67,

271 3370 387 3426 659,
418 3371 509 3425 6ος
545 3370 752 3432 anginae
784 3369 1093 3432 epidemicae‚
1127 3371 1251 3424 2403
1285 3384 1434 3416 verno

271 3439 504 3494 tempore,
536 3449 662 3481 anno
697 3435 794 3490 ’65,
822 3433 1033 3481 Londini
1065 3438 1178 3495 post
1209 3433 1430 3494 hyemem

271 3496 502 3560 frigidam
541 3504 592 3544 et
628 3498 814 3544 siccum
853 3497 968 3560 gelu
1003 3503 1299 3559 grassantur,
1339 3500 1431 3553 95;

272 3575 360 3622 per
388 3561 574 3623 aliquot
603 3562 897 3624 septimanas
929 3561 1080 3623 pestis
1111 3560 1434 3608 Londinensis

269 3631 496 3672 exortum
519 3632 893 3680 antecesserunt,
919 3627 1025 3672 102.
1082 3675 1092 3682 ,

339 3686 580 3736 Aniculae
613 3689 914 3736 medicorum
947 3689 1118 3735 simiae
1151 3687 1353 3735 stolidae
1375 3703 1432 3736 ac

269 3750 506 3809 infelices,
534 3754 638 3801 140.
667 3752 738 3814 [v.
769 3751 1116 3814 Mulierculas]

336 3817 508 3872 Anima
528 3819 685 3864 mundi
707 3815 1118 3878 philosophorum,
1147 3813 1254 3862 117.

339 3879 509 3927 Animi
543 3880 806 3928 commotio
830 3879 1113 3943 apoplexiae
1141 3877 1352 3940 speciem
1381 3877 1432 3925 in

265 3944 523 4004 puerperis
575 3943 832 4006 hystericis
883 3958 1026 4004 saepe
1069 3941 1262 3998 excitat,
1305 3942 1430 3997 3653

267 4007 423 4054 animi
445 4021 703 4069 compages
736 4007 894 4069 magis
924 4006 1132 4054 delicata
1153 4021 1300 4067 quam
1327 4020 1434 4052 cor-

268 4070 402 4132 poris
425 4077 684 4126 structura,
699 4071 758 4122 37
763 4072 792 4118 6
811 4090 822 4126 ;
858 4071 1012 4118 animi
1033 4069 1312 4132 pathemata
1328 4069 1429 4129 spi-

268 4134 457 4180 rituum
492 4135 704 4197 systasin
737 4135 948 4190 solvunt,
973 4136 1098 4189 4393
1145 4133 1346 4194 ideoque
1381 4133 1432 4178 in

335 4198 486 4258 dagra
517 4206 633 4246 sunt
664 4199 874 4256 vitanda,
907 4201 1019 4245 ibid.
1036 4217 1054 4251 ,·
1098 4197 1152 4244 in
1183 4195 1434 4244 affectione

305 4261 598 4323 ypochondr.
619 4277 706 4310 seu
718 4262 900 4324 hyster.
920 4262 1171 4316 atrociora,
1188 4261 1303 4314 3693
1330 4260 1434 4306 ani-

267 4325 341 4371 mi
381 4325 528 4373 robur
565 4327 710 4382 unde,
755 4326 880 4380 3763
937 4325 1087 4372 animi
1131 4331 1180 4371 et
1223 4323 1432 4385 corporis

268 4394 434 4436 motus
451 4389 756 4436 violentiores
773 4390 1000 4437 affectum
1023 4390 1204 4452 hyster.
1225 4387 1434 4434 excitare

269 4452 451 4510 valent,
477 4456 600 4508 202-;
637 4453 830 4501 animus
851 4453 902 4500 in
925 4450 1182 4516 hystericis
1204 4458 1254 4498 et
1275 4451 1428 4514 hypo-

513 3249 854 3306 symptomata,
899 3243 1011 3298 239,
1049 3244 1170 3296 24ος
1229 3242 1436 3303 anginae

2582 300 2694 355 617

1526 441 1831 491 chondriacis
1866 443 2105 507 quomodo
2138 444 2203 491 sit
2233 446 2541 503 constitutus,
2580 444 2692 503 369,

1527 506 1620 561 7ος
1656 507 1708 554 in
1730 508 1945 569 podagra
1958 507 2223 555 inveterata
2240 523 2295 556 eo
2318 524 2475 572 usque
2496 520 2687 572 torque-

1523 576 1607 617 tur
1646 574 1705 617 ut
1741 572 1922 618 rectius
1964 575 2234 619 iracundiae
2272 588 2420 635 quam
2452 578 2693 636 podagrae

1523 648 1849 745 Ρῗξζὲἱῗιξ
1867 635 2340 761 ἒέῗεὲἱιῑιιξέῑόιιῖἑέἰν.
2368 701 2686 763 constantia]

1588 761 1765 808 Annus
1787 763 1882 817 ‘66,
1908 776 2004 824 quo
2030 763 2178 823 pestis
2202 762 2415 810 Londini
2437 766 2685 825 grassaba-

1522 830 1617 934 ξω,
1637 825 1943 888 caeteroquin
1962 826 2315 873 saluberrimus
2332 833 2382 873 et
2398 828 2689 877 mitissimus

1545 888 1633 943 uit,
1656 890 1759 935 102.

1592 950 1845 1013 Anodyna.
1871 949 1941 1012 [v.
1974 952 2297 1015 Paregovicm]

1585 1012 1825 1077 Ἀνορεξία
1839 1031 1901 1062 ex
1922 1015 2210 1063 humoribus
2233 1017 2522 1079 depravatis,
2548 1018 2659 1069 377.

1587 1078 1861 1126 Anthraces
1922 1079 1973 1125 in
2027 1087 2164 1142 peste
2224 1081 2449 1127 adustam
2496 1082 2686 1140 faciem,

1520 1142 1726 1203 pyrotici
1766 1141 1969 1188 actualis
2012 1144 2317 1205 impressioni
2352 1160 2449 1191 non
2484 1146 2684 1194 absimi-

1521 1204 1637 1262 lem,
1658 1205 1857 1261 habent,
1882 1206 1990 1253 102.

1587 1267 1889 1315 Antidotalia
1912 1268 2069 1315 calida
2084 1276 2269 1332 pestem
2290 1271 2453 1333 potius
2474 1273 2685 1321 invitant

1521 1346 1673 1393 quam
1696 1338 1872 1388 arcent,
1900 1333 2011 1378 102.

1588 1395 1945 1442 Antimonialia
1959 1396 2168 1443 emetica
2190 1411 2443 1458 nunquam
2467 1404 2572 1446 tuto
2594 1416 2678 1447 ex-

1519 1456 1749 1506 hibentur
1771 1459 1988 1520 puerulis
2018 1459 2147 1506 infra
2167 1459 2541 1509 adolescentiam
2564 1480 2681 1511 con-

1521 1521 1721 1579 stitutis,
1737 1524 1825 1577 463
1849 1537 2007 1585 neque
2030 1530 2136 1570 tuto
2154 1539 2371 1586 unquam
2392 1528 2684 1587 praebentur

1519 1585 1617 1631 nisi
1639 1587 1829 1647 copiose
1850 1585 2116 1643 diluantur,
2140 1589 2220 1635 44.

1586 1650 1983 1697 Antiscorbutica
2013 1651 2301 1713 hydropem,
2338 1666 2398 1698 ex
2432 1652 2564 1699 febre
2602 1653 2678 1700 in-

1519 1714 1717 1761 termitt.
1758 1720 1979 1763 autumn.
2021 1720 2210 1771 natum,
2252 1715 2561 1777 expellentis,
2604 1720 2684 1776 89,

1587 1839 1922 1888 Antivenerea.
1950 1838 2019 1901 [v.
2046 1840 2475 1903 Alexipharmaca]

1587 1903 1816 1964 Aphthae
1868 1904 2155 1966 dysenteriis
2198 1906 2533 1953 recedentibus
2593 1921 2680 1954 su-

1519 1968 1872 2027 pervenientes,
1888 1968 2015 2014 unde
2038 1976 2310 2025 nascantur,
2340 1969 2459 2023 179;
2494 1970 2544 2016 in
2570 1970 2681 2031 dys-

1520 2031 1703 2078 enteria
1736 2038 1941 2077 mortem
1973 2031 2329 2087 denuntiames,
2368 2034 2489 2086 1683
2525 2033 2573 2079 in
2612 2035 2681 2079 fe-

1519 2093 1603 2140 bre
1638 2093 1845 2155 epidem.
1868 2109 2007 2149 nova.
2038 2110 2165 2141 anno
2196 2097 2292 2152 ²85,
2326 2096 2590 2143 recidivam
2612 2097 2680 2143 fe-

1517 2157 1653 2205 brem
1670 2158 1925 2214 inducunt,
1949 2172 2073 2219 quae
2092 2160 2469 2219 symptomatica
2492 2165 2683 2207 tantum

1521 2228 1609 2277 est,
1628 2224 1718 2269 491
1743 2240 1754 2276 ς
1789 2222 1964 2269 cortice
1987 2222 2161 2269 Peruv.
2180 2221 2488 2283 quandonam
2511 2239 2684 2271 sanen-

1520 2290 1617 2341 tur,
1642 2286 1755 2340 491,
1779 2286 1889 2333 492.

1588 2348 1917 2405 Arornnxrs,
1950 2346 2081 2409 (Da)
2108 2348 2220 2405 570,
2245 2348 2358 2398 571.

1587 2411 1860 2475 Apoplexia
1898 2412 2112 2459 febribus
2150 2412 2401 2462 intermitt.
2444 2412 2559 2459 anni
2602 2412 2681 2463 ⁹⁷8

1519 2477 2397 2603 {230322333221:35353'553321.
2406 2477 2683 2589 {ffifssffi‘z

1520 2604 1722 2651 eandem
1742 2620 1888 2666 quam
1908 2605 2165 2666 hysterica,
2185 2607 2280 2652 365
2298 2625 2310 2660 ;
2348 2605 2399 2651 in
2420 2605 2681 2667 podagrico

1518 2682 1809 2729 paroxysmo
1832 2668 2107 2714 sudoriferis
2128 2669 2371 2722 exhibitis,
2394 2671 2506 2715 422.

1587 2730 1855 2792 Apostema
1906 2731 2020 2778 talis
2076 2731 2296 2778 Naturae
2344 2732 2571 2778 machina
2630 2731 2681 2779 in

1520 2795 1759 2852 carnibus,
1786 2794 1944 2857 qualis
1975 2795 2125 2842 febris
2156 2794 2207 2841 in
2242 2795 2542 2851 humoribus,
2571 2797 2679 2853 154,

1519 2859 1599 2913 55,
1624 2859 1719 2905 336
1739 2877 1751 2913 ς
1784 2863 2081 2920 apostemata
2116 2858 2357 2918 quomodo
2380 2857 2580 2914 febrem,
2602 2873 2676 2905 re-

1519 2928 1681 2982 sorpto
1702 2935 1838 2983 pure,
1860 2921 2084 2977 excitent,
2108 2922 2235 2974 3362
2268 2921 2329 2967 ad
2359 2921 2508 2982 pestis
2544 2937 2681 2970 verae
2734 2950 2753 2974 -.

1517 2985 1817 3032 curationem
1851 2984 2066 3032 nondum
2098 2985 2298 3032 excitari
2331 3000 2361 3031 a
2392 2985 2532 3031 nobis
2565 3000 2677 3046 pos-

1519 3057 1649 3104 sunt,
1697 3051 1817 3106 1043
1868 3049 1921 3095 in
1951 3055 2102 3109 peste,
2136 3049 2221 3095 ubi
2252 3049 2313 3094 ad
2346 3048 2678 3095 maturitatem

1516 3113 1820 3174 perveniunt,
1858 3113 2089 3159 instertam
2138 3126 2193 3158 ac
2232 3110 2458 3158 fallacem
2496 3113 2676 3159 consti-

1516 3181 1666 3222 tuunt
1696 3175 2010 3230 curationem,
2038 3177 2145 3231 104.
2174 3175 2280 3222 116.

1584 3237 1841 3302 Appetitui
1884 3239 2142 3299 depravato
2184 3236 2541 3299 indulgendum
2584 3237 2675 3285 ali-

1517 3305 1727 3364 quando,
1742 3304 1855 3359 214,
1871 3305 1982 3358 215,
2009 3305 2120 3359 343,
2140 3304 2263 3356 3443
2300 3302 2541 3364 appetitus
2564 3317 2676 3364 pro-

1517 3366 1685 3414 stratio
1706 3381 1767 3414 ex
1789 3368 2053 3414 humorum
2075 3365 2429 3428 depravatione,
2454 3365 2565 3417 377.

1584 3432 1731 3494 Aqua
1783 3446 1905 3493 pura
1959 3436 2008 3478 et
2058 3430 2222 3487 cruda,
2266 3429 2319 3476 ni
2372 3429 2435 3477 ab
2478 3429 2680 3476 ineunte

1515 3501 1671 3542 aetate
1704 3500 1996 3552 assumatur,
2030 3509 2205 3550 nocua,
2236 3495 2361 3548 4353
2400 3508 2556 3556 aquae
2590 3509 2675 3556 po-

1517 3559 1634 3606 tatio
1672 3559 1725 3606 in
1764 3558 1825 3606 iis
1862 3559 1945 3620 qui
1979 3557 2251 3620 spirituosis
2286 3557 2556 3619 liquoribus
2592 3557 2677 3604 diu

1516 3623 1698 3670 assueti
1726 3622 1881 3680 fuere,
1910 3622 2177 3684 hydropem
2210 3622 2351 3684 parit,
2377 3621 2502 3675 456;
2553 3637 2681 3682 aqua

1515 3686 1787 3747 podagricis
1815 3701 1940 3749 pura
1972 3693 2021 3732 et
2052 3685 2201 3732 cruda
2232 3685 2515 3746 periculosa,
2548 3687 2643 3732 435
2666 3704 2678 3738 ς

1516 3748 1567 3796 in
1591 3749 1804 3797 Auctore
1826 3750 2084 3812 podagrico
2108 3747 2406 3795 diarrhoeam
2432 3748 2677 3804 excitavit,

1515 3814 1612 3860 446
1637 3833 1649 3869 ς
1700 3829 1829 3875 aqua
1860 3827 1983 3874 pura
2016 3811 2121 3859 oleo
2150 3811 2415 3873 praefertur
2444 3811 2505 3857 ab
2540 3811 2675 3858 Auc-

1516 3882 1633 3932 tore,
1679 3876 1740 3923 ad
1795 3876 2081 3923 dilutionem
2138 3874 2309 3920 veneni
2354 3889 2414 3920 ex
2466 3889 2678 3922 mercur.

1516 3939 1713 3986 sublim.
1738 3939 1977 3986 corrosivo
1999 3936 2251 3999 assumpti,
2279 3939 2387 3994 301,
2411 3939 2522 3984 302.

1580 4003 1729 4064 Aqua
1748 4002 1975 4050 menthae
2009 4001 2058 4047 in
2087 4001 2181 4047 ileo
2202 4015 2331 4056 vero,
2354 4002 2448 4055 64;
2478 4016 2555 4063 aq.
2580 4001 2673 4048 mi·

1516 4067 1682 4113 rabilis
1710 4067 1759 4112 in
1794 4065 1946 4114 colica
1976 4065 2165 4120 biliosa,
2200 4065 2321 4117 199;
2356 4079 2430 4126 aq.
2456 4079 2677 4112 rosarum

1516 4129 1663 4191 capiti
1684 4130 1927 4192 applicata
1948 4127 1999 4175 in
2021 4128 2219 4188 vigiliis,
2244 4130 2325 4174 58.

1584 4195 1773 4256 Aquae.
1825 4192 1895 4254 [v.
1944 4194 2287 4248 Bathoniensss,
2352 4193 2677 4252 ChaIyBeatae,

1516 4259 1784 4312 Miner-ales,
1808 4259 2103 4317 Sulphureae‚
2136 4254 2528 4316 Tunbrigiemes]

1584 4322 1757 4382 Aquae
1776 4321 2021 4368 cardiacae
2036 4326 2132 4366 tem
2170 4325 2345 4374 cratae,
2368 4318 2486 4374 1725
2522 4332 2677 4380 aquae

1515 4385 1810 4447 epidemicae
1830 4384 1883 4430 in
1906 4383 2059 4431 colica
2077 4383 2127 4430 bi
2150 4383 2267 4440 ‘osa,
2296 4384 2402 4430 199.

1584 4451 1757 4511 Aquas
1785 4448 2159 4511 hydropicorum
2191 4446 2405 4506 maxima
2435 4444 2676 4494 celeritate

1413 4529 1534 4588 4ss
