3138 5006
736 282 866 345 550
1363 276 1757 343 THOMAE
1805 277 2329 344 SYDENHAM

411 449 695 499 Dal-'enm-
1291 438 1517 493 Corticis
1542 440 1698 493 Ciu-ii
1723 438 1941 505 conditi,

448 528 545 563 ¹⁵⁰⁸
570 515 661 563 1⁸·
1288 525 1342 578 Ν
1347 527 1459 579 ucis
1484 524 1800 579 Moscbatae
1823 524 2086 592 conditae,

425 592 681 629 'tumn'
1286 612 1580 666 Theriacae
1603 610 1980 675 Andromachi,
2003 629 2110 665 ana
2134 610 2426 665 drachmas
2451 620 2597 677 tres,

1288 698 1650 753 Confectionis
1675 697 1982 751 Alchermae
2005 696 2284 750 drachmas
2309 697 2454 750 duas
2475 718 2494 759 ;

1006 785 1214 849 Misce;
1250 785 1346 839 fiat
1382 786 1596 855 opiata:
1637 784 1815 854 capiat
1851 784 1921 837 ad
1964 784 2316 853 quantitatem
2357 784 2668 837 avellanae
2723 800 2884 837 mane
2921 796 2964 835 ez

1002 873 1219 943 vesperi,
1238 870 1624 941 superbibendo
1647 870 1944 923 cochlearia
1967 870 2196 940 paucula
2213 870 2448 939 alicujus
2474 872 2686 940 Aquae
2706 870 2964 941 Epidau?-

1002 976 1098 1012 cae
1145 958 1493 1028 simplicioris,
1528 956 1780 1011 saccharo
1825 956 2180 1021 eduleoratae,
2223 954 2524 1011 interdicto
2575 958 2812 1011 interim
2859 974 2964 1011 eue-

1006 1054 1213 1099 matum
1238 1062 1357 1098 usu.

416 1176 645 1240 Hydrope
823 1166 895 1251 [7
900 1166 947 1251 .]
964 1174 993 1214 5
1040 1164 1111 1228 Si
1130 1165 1248 1229 sub
1272 1163 1481 1229 morbi
1500 1164 1749 1228 exitum
1767 1170 2060 1228 occurrat
2075 1162 2381 1247 hydropa,
2405 1164 2732 1227 nondum
2750 1170 2956 1228 tamen

415 1256 697 1305 nupervem-
726 1269 993 1354 depulsa
1018 1268 1241 1347 Febre,
1273 1267 1521 1332 curatio
1563 1288 1701 1330 non
1745 1272 1844 1330 est
1882 1266 2283 1330 instituenda
2321 1266 2646 1330 remediis
2681 1290 2954 1351 purgan-

416 1321 503 1353 ΘῘΙΒ
558 1321 647 1353 uo·

414 1322 559 1418 ¹⁸⁰⁶}
580 1386 665 1419 ⁶¹·
724 1371 921 1451 tibus,
953 1370 1067 1435 sed
1092 1368 1527 1433 infusionibus
1555 1367 1788 1432 radicis
1817 1368 2088 1451 raphani
2115 1369 2452 1448 rusticani,
2489 1372 2952 1435 summitatum

412 1450 636 1549 {Lm
726 1473 1053 1553 absinthii,
1085 1469 1401 1537 centaurii
1434 1470 1726 1549 minorita,
1756 1469 2098 1535 baccarum
2135 1471 2445 1555 juniperi,
2495 1472 2810 1536 cinerum
2855 1494 2951 1557 ge-

724 1576 951 1655 nistae,
982 1584 1104 1641 etc.
1136 1575 1209 1639 in
1242 1574 1391 1639 vino
1420 1572 1610 1638 factis
1636 1598 1650 1637 :
1698 1574 2001 1638 exulante
2043 1580 2264 1638 autem
2307 1574 2545 1655 Febre,
2579 1576 2950 1641 cathartica

724 1687 791 1745 et
820 1677 1273 1763 aperientibus,

810 1779 939 1868 [8.]
988 1781 1116 1845 Pro
1144 1779 1505 1843 infantibus
1534 1778 1742 1844 Febre
1773 1777 2262 1844 Intermittente
2291 1780 2768 1847 laborantibus
2794 1809 2898 1846 :—

723 1924 927 1997 [For-m.
954 1929 1133 1996 165.]⁸
1176 1920 1240 2005 R
1278 1923 1467 1993 Aquae
1490 1922 1808 1977 Cer-aeorum
1834 1922 2140 1993 Nigrorum,
2176 1910 2182 1915 ’

1282 2010 1411 2063 Vini
1438 2009 1704 2075 Rhenani,
1725 2026 1832 2063 ana
1855 2010 2042 2064 uncias
2065 2010 2216 2075 duas,

1281 2097 1505 2151 Corticis
1531 2096 1816 2151 Peruviani
1839 2098 2177 2151 subtilissime
2201 2098 2462 2167 pulverati
2488 2098 2792 2155 drachmas
2813 2109 2928 2163 tres,

1284 2184 1476 2256 Sympi
1502 2184 1974 2255 Caryophyllorum
1999 2186 2214 2238 unciam
2237 2202 2442 2247 unam,
2427 2206 2438 2217 ·

1002 2269 1209 2335 Misce·
1244 2272 1339 2324 fiat
1351 2270 1653 2339 julapium;
1699 2270 1876 2339 capiat
1899 2268 2168 2322 cochleare
2200 2285 2370 2322 unum
2405 2270 2736 2335 alterumve,
2759 2289 2856 2340 pro
2877 2288 2948 2325 ra-

1000 2360 1143 2412 tione
1168 2360 1374 2422 aetatis,
1398 2366 1588 2428 quarta
1619 2372 1830 2427 quaque
1852 2355 2000 2421 hora,
2023 2355 2190 2409 donec
2225 2359 2534 2427 paroxysmi
2572 2376 2690 2411 non
2727 2360 2948 2429 amplius

1000 2445 1345 2509 discrucient,
1392 2444 1700 2499 instillando
1747 2444 1963 2498 alternis
2008 2444 2228 2509 vicibus,
2275 2446 2322 2497 si
2371 2444 2660 2499 diarrhoea
2705 2446 2948 2509 adfuerit,

1002 2532 1249 2588 Laudani
1272 2532 1489 2602 Liquidi
1512 2541 1722 2603 guttam
1746 2548 1912 2585 unam
1937 2532 2020 2584 vel
2043 2531 2192 2585 duas.

1659 2753 1851 2819 CAP.
1900 2753 2018 2817 V.·

1033 2891 1131 2954 De
1157 2891 1352 2955 Febre
1383 2891 1775 2956 stationaria
1805 2892 1884 2954 ab
1913 2911 2074 2955 anno
2108 2892 2274 2955 1685
2311 2891 2402 2954 ad
2429 2892 2621 2956 1690.

412 3043 581 3093 Febris
810 3025 1083 3092 cannah
1107 3035 1173 3092 et
1190 3029 1397 3112 frigus
1414 3051 1483 3094 se
1503 3029 1782 3094 invicem
1799 3028 2128 3111 excipiunt
2136 3055 2158 3108 3
2195 3035 2374 3092 artus
2393 3028 2634 3111 pariter
2655 3037 2728 3092 et
2747 3041 2944 3113 eaput

410 3117 628 3172 sympto-
722 3128 980 3210 dolent,
1056 3133 1277 3215 pulsus
1335 3133 1600 3198 interim
1657 3133 1792 3197 fere
1851 3154 2082 3208 sanus3
2157 3153 2636 3216 nonnunquam
2699 3135 2946 3210 tussim

720 3233 901 3298 dolor
958 3235 1128 3300 circa
1200 3237 1438 3301 collum
1512 3245 1578 3301 et
1651 3235 1868 3300 fauces
1891 3263 1911 3315 3
1986 3236 2388 3301 exacerbatio
2449 3235 2680 3300 Febris
2743 3259 2944 3322 prope

716 3345 1015 3418 noctem3
1060 3339 1477 3423 inquietudo;
1524 3341 1700 3420 sitis;
1747 3340 1973 3424 lingua
2021 3341 2121 3404 vel
2165 3339 2454 3419 humida,
2505 3347 2576 3404 et
2625 3361 2716 3404 ex
2761 3343 2944 3405 omni

718 3449 901 3526 parte
936 3443 1235 3526 pellicula
1274 3445 1421 3510 alba
1455 3453 1521 3510 et
1566 3443 1790 3508 scabra
1833 3444 2081 3522 vestita,
2126 3444 2229 3507 vel
2271 3444 2456 3523 sicca,
2487 3443 2660 3508 fusci
2703 3445 2942 3510 coloris

717 3543 787 3606 in
822 3544 1056 3624 medio,
1093 3566 1286 3629 quam
1334 3555 1584 3632 partem
1621 3547 1910 3630 undique
1954 3546 2158 3630 cingit
2201 3546 2456 3611 fimbria
2495 3547 2940 3613 inalbescens.

716 3649 780 3712 A
802 3647 947 3732 jugi
974 3649 1234 3715 inlecto
1264 3650 1573 3716 decubitu
1601 3672 1784 3715 coma
1806 3658 1872 3716 et
1900 3650 2275 3734 phrenesis;
2322 3672 2361 3715 a
2381 3650 2589 3715 calido
2609 3652 2940 3736 regimine

714 3751 1066 3836 petechiae,
1104 3755 1393 3819 maculae
1432 3777 1814 3840 purpureae,
1857 3755 2224 3839 eruptiones
2275 3739 2455 3838 (quas
2497 3757 2786 3838 vocant)
2825 3757 2942 3818 mi-

716 3855 923 3934 liares,
943 3855 1253 3920 morbillis
1274 3859 1482 3941 magis
1503 3857 1847 3936 rubentes;
1879 3858 2102 3941 pulsus
2129 3857 2558 3936 inordinatim,
2580 3859 2942 3924 tendinum

718 3960 1066 4041 subsultuS,
1110 3969 1305 4047 atque
1347 3963 1438 4029 ita
1486 3963 1753 4029 tandem
1796 3985 1988 4028 mors.
2083 3962 2364 4028 Sudores
2402 3962 2474 4026 in
2517 3963 2716 4029 initio
2761 3987 2944 4050 sym·

714 4066 1049 4148 ptomatici
1080 4067 1398 4147 divexant,
1424 4068 1553 4152 qui,
1580 4067 1632 4131 si
1665 4068 1745 4131 ab
1770 4059 1921 4132 arte¹⁴
1939 4073 2386 4151 provocentur,
2403 4067 2634 4131 viscosi
2657 4090 2699 4131 a
2721 4069 2944 4152 capite

716 4176 1087 4252 erumpunt,
1137 4178 1203 4234 et
1254 4172 1594 4236 materiam
1645 4170 2042 4235 morbificam
2099 4171 2172 4233 in
2218 4177 2407 4252 caput
2455 4175 2570 4232 aut
2622 4170 2700 4233 in
2753 4179 2944 4235 artus

714 4273 1135 4338 transferunt.

780 4419 803 4451 Ὺ
842 4424 918 4472 cf.
946 4427 1127 4475 Obseru.
1158 4429 1235 4475 Me
1236 4428 1323 4476 ‹Li
1326 4431 1408 4476 .5.
1433 4429 1496 4476 46
1521 4442 1591 4490 sq.
1921 4431 1942 4456 ¹
1981 4427 2055 4472 Cf.
2081 4429 2240 4474 Sched.
2269 4425 2432 4472 Monuit.
2457 4425 2496 4472 1.

778 4485 911 4535 ’.οΐ
940 4491 1077 4537 form.
1104 4493 1182 4539 52.
1926 4493 1948 4526 b
1985 4490 2062 4536 Cf.
2089 4494 2202 4538 ibid.
2226 4494 2249 4552 ξ
2276 4492 2322 4536 5.
