3138 5006
706 259 841 320 490
1330 247 1722 314 THOMAE
1771 245 2290 312 SYDENHAM

408 433 687 483 DnNovn
710 411 973 484 tionem'
976 443 996 497 3
1044 435 1118 480 ac
1154 412 1425 499 proinde
1458 411 1886 476 indicationes
1925 409 2244 474 curativas
2274 407 2360 472 ad
2397 407 2640 472 dictam
2667 405 2938 470 inflam-

455 501 656 547 Fennis

408 563 681 612 Iueazssu

714 521 1067 587 mationem
1096 516 1332 582 debitis
1363 515 1666 580 remediis
1696 521 1763 580 et
1790 512 2100 578 methodo
2126 510 2626 597 reprimendam,
2655 509 2940 574 omnino

412 655 675 703 CunAno,
716 622 1083 707 dirigendas
1113 641 1271 684 8888.

815 726 936 811 [7.]
996 725 1197 789 Hunc
1224 724 1445 807 itaque
1483 723 1754 787 ductum
1794 739 2089 804 sequens,
2117 718 2329 802 primo
2366 716 2508 781 loco
2537 715 2938 798 sanguinem

716 852 753 895 e
778 829 1043 894 brachio
1083 828 1309 893 dextro
1348 826 1431 891 ad
1468 826 1694 890 uncias
1739 826 1962 889 decem
2005 821 2194 887 educi
2234 822 2399 886 volo.
2433 851 2444 860 ·
2487 821 2722 904 Neque
2771 839 2938 882 sane

716 932 941 997 Febris
983 932 1143 996 haec
1183 933 1357 1014 (utut
1404 929 1668 1013 sanguis
1717 929 1986 994 emissus
2023 925 2391 1010 saepissime
2432 925 2942 1009 pleuriticorum

718 1035 1102 1117 sanguinem
1146 1033 1551 1116 aemulatur,)
1591 1031 1966 1096 reiteratam
1998 1029 2506 1115 phlebotomiam
2541 1029 2731 1092 facsse
2765 1029 2940 1092 tole-

714 1143 839 1200 rat.
932 1133 1091 1199 sinn
1122 1142 1341 1199 autem
1379 1133 1821 1219 respirationis
1869 1133 2229 1212 difficultas,
2263 1132 2447 1197 dolor
2487 1132 2718 1215 capitis
2753 1132 2944 1195 inter

714 1237 1123 1303 tussiendum
1168 1237 1524 1315 lancinans,
1562 1243 1686 1301 etc.
1689 1283 1710 1316 ,
1752 1236 1999 1300 malum
2027 1235 2152 1300 hoc
2193 1235 2278 1300 ad
2313 1235 2942 1319 Peripneumoniam

714 1341 1010 1404 Notham
1036 1339 1299 1423 propius
1334 1338 1636 1402 accedere
1672 1337 2047 1421 indigitent,
2077 1338 2202 1403 hoc
2239 1339 2312 1401 in
2343 1359 2500 1402 casu
2527 1343 2664 1402 tam
2691 1357 2944 1400 venae-

717 1442 917 1506 sectio
964 1463 1159 1525 quam
1208 1441 1519 1504 catharsis
1579 1459 1862 1523 eousque
1909 1446 2064 1504 sunt
2114 1441 2449 1506 iterandae
2493 1440 2698 1505 donec
2756 1462 2944 1525 sym-

715 1549 1009 1628 ptomata
1056 1543 1276 1607 omnia
1330 1542 1590 1624 penitus
1649 1542 2064 1620 evanuerint,
2117 1551 2310 1626 prout
2358 1544 2566 1628 capite
2617 1543 2700 1607 de
2749 1545 2946 1606 Peri-

706 1637 1083 1728 pneumonia
1120 1643 1377 1709 tradidi.
1465 1644 1688 1728 Atque
1731 1644 1855 1709 hoc
1893 1645 2238 1729 diligenter
2281 1646 2944 1710 animadvertendum

717 1747 908 1812 volo¹.

819 1849 941 1934 [8.]
997 1848 1271 1933 Vesperi
1306 1847 1760 1932 epispasticum
1799 1868 1916 1912 seu
1952 1847 2404 1914 vesicatorium
2439 1847 2692 1912 nuchae
2737 1870 2946 1933 appo-

718 1973 843 2030 no;
890 1957 1199 2036 sequente
1230 1971 1461 2015 aurora
1486 1948 1824 2014 lenitivam
1852 1948 2024 2014 hanc
2051 1949 2387 2034 potionem
2415 1949 2687 2015 exhibeo
2713 1976 2832 2014 :—

722 2111 926 2181 [Form.
958 2112 1075 2164 103.
1093 2109 1153 2174 k]
1184 2106 1249 2190 R,
1286 2106 1730 2162 Tamarindorum
1755 2108 2122 2172 semiunciam,

1284 2193 1554 2247 Foliorum
1582 2193 1792 2248 Sennae
1814 2193 2093 2247 drachmas
2116 2192 2267 2259 duas,

1285 2279 1618 2333 Rhabarbari
1639 2279 2156 2349 sesquidrachmam3

1002 2369 1192 2437 Coqua
1227 2365 1521 2422 sufficiente
1557 2366 1857 2436 quantitate
1892 2381 2065 2436 aquae
2100 2365 2172 2421 ad
2201 2366 2389 2421 uncias
2423 2375 2555 2432 tren
2601 2367 2658 2420 in
2697 2369 2952 2423 colatura

1004 2455 1227 2510 dissolve

1286 2540 1542 2605 Mannae,

1286 2627 1477 2698 Syrupi
1500 2626 1759 2681 Rosamm
1787 2626 2032 2693 Solutivi,
2055 2644 2161 2682 ana
2182 2628 2399 2683 unciam
2423 2646 2622 2695 unam;

1004 2716 1206 2780 Misce3
1242 2715 1337 2768 fiat
1357 2715 1525 2785 potiO,
1549 2713 1814 2769 sumenda
1835 2731 2042 2769 summo
2065 2732 2244 2770 mane.

724 2888 918 2958 Quod
966 2888 1227 2973 quidem
1285 2884 1714 2952 catharticum
1771 2886 1970 2952 etiam
2028 2888 2294 2952 alternis
2355 2887 2580 2952 diebus
2632 2898 2950 2973 repeten-

724 2994 881 3059 dum
952 2991 1334 3076 praescribo,
1386 2989 1594 3054 donec
1663 2990 1929 3053 tertiam
1999 2990 2204 3055 vicem
2271 2992 2634 3075 expleverit.
2749 2991 2954 3059 Hora

724 3096 935 3161 somni
990 3102 1137 3179 post
1188 3092 1533 3172 catharsin,
1577 3091 1772 3157 toties
1825 3092 2097 3176 quoties,
2142 3095 2588 3177 paregoricum
2643 3094 2772 3161 hoc
2841 3098 2952 3162 vel

724 3198 935 3262 simile
962 3196 1238 3281 injungo
1258 3220 1365 3260 :—

730 3380 933 3448 [Form.
957 3378 1135 3443 104.]1
1180 3374 1245 3455 R,
1282 3378 1469 3449 Aquae
1496 3376 1808 3447 Paralyseos
1829 3380 2018 3433 uncias
2039 3378 2191 3447 duas,

1288 3464 1481 3535 Syrupi
1504 3463 1571 3517 de
1597 3462 1848 3518 Meconio
1870 3466 2087 3520 unciam
2109 3484 2294 3533 unam,

1290 3551 1448 3605 Succi
1474 3552 1764 3604 Limonum
1788 3560 2024 3607 recenter
2047 3558 2274 3609 extracti
2295 3555 2594 3611 cochlearia
2615 3556 2750 3623 dung

1007 3636 1341 3703 Misce3s1at
1360 3638 1600 3693 haustus.

725 3796 809 3862 Id
851 3795 1094 3861 scilicet
1138 3816 1387 3875 cavens,
1418 3815 1502 3860 ne
1545 3797 1715 3861 forte
1753 3795 1835 3861 ab
1875 3797 2230 3880 agitatione
2272 3806 2340 3864 et
2383 3801 2696 3880 tumult-u,
2739 3822 2956 3885 quem

721 3897 795 3963 in
844 3897 1352 3964 febricitantium
1404 3899 1720 3981 sanguine
1779 3906 1846 3963 et
1905 3900 2287 3966 humoribus
2346 3905 2698 3987 purgantia
2743 3926 2958 3990 saepe

723 4003 1029 4082 excitant,
1059 4022 1251 4084 aeger
1280 4022 1360 4066 ex
1386 4002 1735 4085 spirit-uum
1765 4002 2144 4068 animalium
2171 4004 2548 4069 confusione
2570 4014 2960 4073 comatosus

724 4104 858 4168 fiat.
951 4102 1147 4168 Quod
1193 4102 1455 4186 quidem
1490 4110 1857 4188 symptoma
1893 4106 2443 4172 medicamentum
2487 4108 2960 4193 hypnoticum,

725 4204 1207 4288 quantumlibet
1246 4212 1473 4271 contra
1504 4207 1717 4272 facere
1759 4208 2074 4289 videatur,
2103 4212 2328 4295 procul
2369 4213 2696 4279 amolitur.
2793 4216 2964 4283 Qua

790 4362 819 4399 ¹¹
854 4364 1139 4429 sinautem]
1163 4366 1347 4415 nisied.
1373 4366 1469 4415 ’86.
1940 4368 1964 4401 ¹⁸
2000 4370 2076 4420 Cf.
2101 4370 2294 4422 foi-mm.
2321 4376 2366 4432 8,
2391 4375 2584 4433 245810.

790 4426 805 4463 ί
840 4429 1182 4493 Atque-volo]
1206 4444 1299 4481 om.
1324 4432 1399 4480 ed.
1425 4432 1519 4481 ⁹86.
1939 4431 1954 4470 ¹
1990 4436 2066 4485 Cf.
2092 4437 2232 4487 form.
2261 4440 2367 4488 166.
