3138 5006
623 259 760 323 214
1249 259 1639 326 THOMAE
1688 259 2205 324 SYDENHAM

371 427 570 478 Fanum
625 440 744 503 por
771 441 1000 503 pueroe
1027 421 1324 500 maxime,
1356 427 1548 506 atque
1584 442 1692 485 eos
1726 421 1837 504 qui
1872 441 1948 484 ex
1978 420 2241 503 ephebis
2268 418 2375 484 vix
2403 426 2837 500 excesserant,-

322 493 602 605 fatigia
631 520 902 585 subinde
946 523 1308 601 invadebat,
1347 523 1461 588 sed
1505 543 1628 587 nec
1673 523 1767 587 ita
1810 522 2187 605 profundus,
2218 543 2339 587 nec
2379 523 2644 606 perinde
2690 522 2827 605 epi-

365 621 571 672 '73-'⁷⁵·
631 622 934 701 demicus,
955 631 1148 707 atque
1178 633 1314 688 erat
1342 625 1398 688 is
1429 625 1539 708 qui
1566 626 1736 688 hanc
1764 625 2037 688 Febrem
2066 625 2514 688 comitabatur.
2589 625 2825 708 Neque

627 731 850 788 tamen
890 726 1094 804 illum,
1138 727 1288 790 licet
1333 726 1486 791 huic
1527 727 1915 804 inferiorem,
1959 727 2166 790 multo
2208 728 2425 790 minus
2467 727 2663 806 hunc,
2708 726 2827 790 ubi

627 827 910 910 primum
953 827 1402 909 ingrederetur
1437 827 1719 906 morbus,
1758 828 2057 893 edomare
2096 829 2315 911 potui3
2377 829 2527 892 licet
2570 828 2827 892 nullum

627 949 763 992 non
817 928 1096 1011 lapidem
1153 950 1495 1009 moverem,
1540 931 1829 1013 repetitis
1879 929 2517 1008 venae-sectionibus,
2561 950 2697 995 non
2752 930 2829 994 in

627 1028 906 1094 brachiis
961 1037 1240 1109 tantum,
1287 1031 1399 1095 sed
1455 1031 1696 1096 cervice
1754 1031 1951 1096 etiam
2008 1039 2075 1097 et
2130 1032 2421 1114 pedibus,
2466 1032 2827 1114 emplastris

629 1132 1032 1213 vesicatoriis,
1065 1133 1502 1212 cucurbitulis,
1541 1134 1873 1212 enematis,
1907 1134 2350 1217 diaphoreticis
2388 1133 2597 1196 omnis
2634 1154 2827 1215 gene-

329 1237 444 1296 Quo
465 1248 607 1306 pacto
628 1233 738 1313 ris,
774 1242 917 1314 etc„
949 1236 1020 1300 in
1057 1243 1272 1318 partes
1313 1236 1589 1300 adscitis.
1682 1235 1971 1300 Tandem
2010 1237 2227 1315 statui,
2256 1242 2401 1318 post
2444 1236 2831 1319 sanguinem

325 1315 601 1418 ἱζῖξξζῬ
631 1357 670 1399 e
718 1335 977 1400 brachio
1029 1338 1354 1418 eductum,
1401 1337 1852 1421 epispasticum
1901 1338 2130 1402 cervici
2180 1339 2587 1422 applicatum,
2632 1345 2829 1422 atque

329 1436 542 1484 cebatur.
633 1445 929 1503 enemata
958 1438 1086 1503 duo
1113 1441 1214 1503 vel
1241 1440 1367 1504 tria
1405 1461 1440 1503 e
1462 1440 1635 1504 'lacte
1663 1447 1729 1504 et
1768 1441 2067 1504 saccharo
2094 1441 2335 1524 injecta
2360 1441 2582 1522 primis
2616 1441 2831 1505 morbi

633 1539 878 1618 diebus,
909 1540 1074 1603 nihil
1104 1541 1444 1624 quicquam
1473 1542 1747 1624 amplius
1780 1542 2011 1620 moliri,
2040 1542 2168 1605 nisi
2200 1541 2371 1624 quod
2399 1562 2665 1624 aegrum
2692 1549 2759 1606 et
2788 1564 2831 1606 a

633 1643 934 1707 carnibus
985 1651 1050 1708 et
1097 1667 1136 1708 a
1184 1644 1537 1727 liquoribus
1590 1645 1945 1728 spirituosis
1984 1644 2471 1728 quibuscunque
2516 1666 2795 1710 arcerem
2802 1671 2825 1724 ς

633 1744 718 1806 ad
759 1745 1050 1808 Naturae
1092 1745 1470 1810 methodum
1525 1747 1788 1810 interim
1827 1746 2257 1824 attendebam,
2306 1748 2489 1830 cujus
2532 1767 2653 1830 ego
2689 1769 2827 1811 ves-

633 1846 810 1928 tigiis
860 1846 1221 1925 inhaerens,
1255 1856 1617 1932 symptoma
1664 1849 1787 1912 hoc
1831 1869 2127 1931 superare
2177 1848 2441 1912 tandem
2496 1848 2826 1914 discerem.

635 1947 908 2011 Morbus
957 1950 1216 2012 interim
1263 1950 1369 2012 cui
1415 1950 1850 2032 invigilabam',
1888 1955 2038 2014 tuto
2076 1951 2227 2013 licet
2276 1951 2459 2014 tarde
2504 1950 2827 2030 recedens,

633 2049 900 2112 tandem
929 2051 1207 2114 evanuit.
1277 2050 1452 2114 Huic
1473 2052 1690 2135 itaque
1718 2050 2023 2114 methodo
2044 2051 2473 2115 insistendum
2498 2053 2662 2115 mihi
2691 2073 2829 2116 esse

637 2148 790 2212 duxi
811 2150 882 2212 in
901 2150 1186 2214 febribus
1209 2173 1364 2234 quas
1389 2151 1685 2235 deinceps
1702 2153 1971 2216 tractavi
1990 2153 2299 2216 universis
2306 2179 2325 2230 3
2358 2152 2529 2236 quod
2546 2154 2827 2236 quidem,

637 2251 693 2314 si
739 2259 806 2314 et
853 2253 1298 2335 symptomatis
1343 2254 1880 2335 magnitudinem,
1918 2261 1985 2318 et
2030 2261 2331 2319 eventum
2380 2254 2621 2338 ubique
2664 2256 2829 2320 votis

635 2351 1150 2433 respondentem,
1176 2361 1557 2436 spectamus,
1577 2355 1753 2418 haud
1780 2355 1959 2438 parvi
1986 2357 2301 2420 momenti
2321 2357 2483 2420 mihi
2508 2357 2782 2422 videtur.

333 2483 398 2531 11²
421 2483 610 2532 morbo.
736 2454 899 2538 [19.]
953 2456 1040 2519 Et
1085 2477 1239 2520 sane
1285 2456 1446 2519 mihi
1489 2478 1960 2541 nonnunquam
2004 2458 2201 2524 subiit
2244 2459 2544 2543 cogitare,
2594 2481 2713 2526 nos
2756 2461 2831 2525 in

329 2562 617 2658 affe‘ffic‘gt
638 2557 879 2621 morbis
903 2558 1294 2641 depellendis
1322 2558 1498 2623 haud
1528 2561 1682 2623 satis
1719 2561 1951 2625 “lente
1978 2561 2368 2640 festinare³‚”
2403 2562 2649 2627 tardius
2678 2584 2831 2627 vero

331 2675 621 2737 quandoque
639 2659 824 2723 nobis
863 2680 998 2723 esse
1035 2661 1528 2744 procedendum,
1561 2667 1627 2723 et
1656 2661 1801 2743 plus
1830 2661 2123 2725 Naturae
2160 2682 2617 2744 saepenumero
2654 2684 2830 2727 com-

329 2738 586 2789 s⁰⁰²i¹¹⁸²i⁰'
638 2760 1051 2841 mittendum,
1112 2783 1306 2844 quam
1355 2782 1496 2825 mos
1553 2760 1746 2825 hodie
1805 2760 2109 2824 obtinuit.
2197 2760 2392 2824 Errat
2452 2762 2627 2824 enim
2691 2762 2829 2845 (sed

587 2860 596 2869 ’
636 2882 848 2945 neque
879 2882 1092 2925 errore
1121 2862 1419 2945 erudito,)
1457 2862 1567 2944 qui
1596 2860 1923 2923 Naturam
1958 2861 2113 2924 artis
2158 2862 2548 2926 adminiculo
2585 2860 2832 2945 ubique

635 2964 927 3047 indigere
975 2964 1319 3028 existimat.
1409 2965 1711 3048 Namque
1761 2962 1831 3025 id
1881 2962 1936 3025 si
1985 2963 2187 3041 fieret,
2230 2964 2483 3045 parcius
2540 2963 2831 3028 humano

639 3067 860 3149 generi
916 3087 994 3129 ea
1043 3068 1486 3149 prospexisset,
1534 3086 1729 3147 quam
1779 3064 2061 3148 postulat
2113 3064 2345 3147 speciei
2394 3067 2827 3143 conservati03

639 3186 786 3229 cum
830 3187 915 3228 ne
957 3166 1228 3229 minima
1272 3165 1354 3227 sit
1393 3165 1717 3246 proportio
1760 3164 1933 3227 inter
1968 3163 2341 3228 morborum
2382 3166 2831 3248 ingruentium

636 3266 1086 3349 frequentiam,
1119 3273 1184 3327 et
1211 3265 1552 3327 facultates
1584 3263 1816 3347 quibus
1853 3266 2099 3347 pollent
2127 3266 2421 3331 homines
2460 3268 2542 3330 ad
2572 3268 2829 3332 eosdem

636 3365 974 3447 fugandos,
1003 3366 1102 3429 vel
1141 3366 1220 3428 iis
1259 3365 1528 3429 saeculis
1559 3366 1791 3448 quibus
1822 3366 2133 3431 Medendi
2167 3369 2293 3431 Ars
2322 3369 2599 3433 maxime
2634 3376 2831 3452 caput

638 3468 888 3546 extulit,
917 3476 985 3532 et
1015 3490 1054 3531 a
1084 3468 1568 3552 quampluribus
1599 3470 1854 3534 exculta
1882 3476 1999 3533 est.
2089 3471 2255 3533 Aliis
2292 3472 2365 3535 in
2397 3472 2639 3535 morbis
2675 3472 2831 3554 quid

636 3568 760 3633 hoc
786 3569 1123 3651 profecerit
1143 3570 1393 3634 nescio:
1438 3570 1602 3634 illud
1624 3570 1777 3633 satis
1811 3571 1941 3635 scio
1970 3590 2049 3633 ex
2072 3572 2367 3654 diligenti
2388 3573 2829 3637 observatione

637 3672 798 3734 mihi
827 3671 1236 3751 astipulante,
1267 3671 1440 3755 quod
1476 3671 1546 3733 in
1577 3670 1781 3735 Febre
1822 3672 1903 3735 de
1939 3694 2067 3754 qua
2099 3674 2237 3756 jam
2277 3674 2547 3756 agimus,
2583 3675 2833 3739 dictum

638 3779 1004 3855 symptoma
1042 3779 1188 3855 post
1217 3779 1558 3856 usurpatas
1598 3774 2043 3837 evacuationes
2074 3776 2401 3857 generales
2446 3777 2832 3858 (venae-sec-

637 3874 884 3937 tionem
909 3873 1071 3952 dico‚
1105 3880 1171 3936 et
1201 3876 1541 3955 enemata,)
1580 3876 1715 3938 solo
1742 3880 2031 3956 tempore
2058 3876 2331 3940 feliciter
2359 3877 2604 3941 solebat
2638 3879 2829 3943 vinci.

735 3974 899 4057 [20]
953 3975 1170 4039 Antea
1208 3975 1317 4060 [ᾧῷ
1343 3978 1405 4053 3,
1428 3976 1522 4059 4.]
1563 3976 1840 4039 diximus
1870 3977 2411 4041 convalescentiae
2440 3980 2835 4060 praenuncia

637 4077 824 4159 signa
849 4083 926 4140 ut
955 4076 1306 4160 plurimum
1335 4076 1417 4140 ad
1456 4078 1629 4141 diem
1666 4099 1871 4161 usque
1904 4079 2302 4143 tricesimum
2331 4080 2574 4144 differri
2607 4081 2829 4160 solere,

644 4180 737 4260 (in
777 4186 1035 4263 stupore
1075 4178 1316 4243 scilicet
1353 4179 1545 4261 paulo
1584 4180 2095 4265 confirmatiori,)
2134 4202 2326 4264 aegro
2358 4202 2831 4265 nonnunquam

333 4294 498 4350 Etiam
517 4296 593 4343 in·
637 4280 834 4345 etiam
871 4279 1148 4364 aphonia
1180 4288 1507 4365 corrept03
1563 4280 1795 4363 quibus
1830 4282 2077 4366 elapsis,
2107 4282 2539 4366 incongruum
2572 4286 2833 4369 aliquod

332 4372 545 4419 congrua
921 4404 936 4444 ³
965 4408 1146 4457 Ξπεῦδε
1167 4404 1391 4470 βραδέως,
1415 4410 1606 4457 Festina
1628 4411 1759 4457 lente.
1829 4409 1903 4457 Cf.
1930 4409 2125 4459 Erasmi
2148 4413 2303 4474 Δάας.
2328 4410 2377 4459 ii.
2406 4412 2447 4459 1.
2476 4414 2517 4459 1.
