3138 5006
849 291 1446 357 DISSERTATIO
1490 293 1639 357 EPI
1648 291 2107 359 STOLARIS.
2446 300 2573 363 373

367 451 750 534 quotidiana
767 452 977 529 docet,
995 453 1232 518 scilicet
1257 453 1733 536 quantumlibet
1750 455 2067 538 ejusmodi
2088 455 2219 520 sive
2240 456 2573 540 foeminas,
2630 479 2715 527 D:
2745 479 2842 526 Ar-

365 556 502 618 sive
523 556 822 635 infantes,
841 557 1074 620 iterata
1095 555 1374 620 cathal-si
1403 557 1904 636 exhauserimus,
1928 565 2217 624 attamen
2238 559 2413 624 color
2431 562 2571 645 jam
2597 542 2874 657 ζξξὲιξῐζ·

367 663 584 726 dictus
627 663 700 726 in
743 663 834 727 eis
873 684 1038 746 quae
1076 661 1176 726 vel
1217 682 1334 745 per
1371 663 1705 741 vomitum,
1734 663 1835 727 vel
1880 683 1997 747 per
2040 663 2276 744 sedem,
2308 672 2567 746 exeunt,

367 786 577 847 usque
611 765 873 829 visetur.
966 764 1147 829 Quin
1176 764 1371 828 etiam
1401 787 1440 828 a
1465 765 1825 848 pharmacis
1867 773 2005 830 tam
2046 766 2330 832 emeticis
2376 789 2569 850 quam

367 867 736 932 catharticis
791 868 1196 951 frequentius
1254 867 1607 951 propinatis
1664 868 1923 933 uberior
1985 869 2294 933 materiae
2348 869 2569 934 viridis

369 970 660 1034 nascitur
687 991 888 1053 seges,
920 991 1072 1034 cum
1109 969 1190 1034 ab
1219 977 1496 1053 utroque
1529 992 1763 1053 genere
1793 971 2136 1054 spirituum
2164 968 2397 1054 ἀταξία
2421 993 2567 1057 pro-

370 1071 678 1151 vehatur3
725 1093 889 1155 quae
915 1073 1018 1136 vel
1055 1071 1268 1135 nescio
1298 1073 1617 1155 quomodo
1659 1073 1927 1137 istarum
1964 1075 2247 1158 partium
2289 1075 2565 1139 fermen-

367 1180 514 1238 tum
545 1174 818 1238 destruit
858 1195 932 1237 ae
971 1174 1298 1257 pervertit,
1329 1175 1430 1239 vel
1466 1175 1538 1238 in
1564 1176 1997 1240 ventriculum
2040 1176 2475 1260 intestinaque
2502 1179 2565 1242 vi

371 1297 771 1359 spasmorum
823 1297 1087 1340 succum
1139 1277 1418 1360 aliquem
1477 1278 1723 1342 alienae
1772 1278 2006 1342 indolis
2056 1279 2405 1362 intorquet,
2454 1280 2565 1364 qui

369 1379 672 1444 humores
701 1379 1020 1464 ejusmodi
1047 1379 1362 1444 coloribus
1397 1380 1659 1445 inficere
1686 1381 1855 1464 potis
1884 1389 2005 1446 est.
2092 1381 2400 1466 Chymiae
2431 1403 2567 1448 sec-

365 1491 610 1548 tatores
637 1485 809 1567 (licet
832 1484 1125 1549 nondum
1153 1486 1250 1549 ita
1273 1485 1441 1549 bene
1463 1507 1611 1550 cum
1640 1486 1768 1548 illis
1798 1486 1902 1564 sit,
1931 1494 2009 1549 ut
2040 1485 2288 1569 quaein
2308 1486 2565 1569 organis

369 1589 502 1650 suis
531 1584 948 1674 πολυτέχνοις
973 1588 1446 1652 medicamenta
1473 1587 1957 1666 elaboraverint,
1986 1589 2199 1672 majus
2226 1587 2469 1671 aliquid
2494 1587 2565 1652 in

367 1690 610 1754 morbis
661 1689 1056 1754 debellandis
1098 1696 1448 1774 praestent,
1493 1711 1689 1772 quam
1741 1710 1904 1772 quae
1954 1690 2449 1754 contunduntur
2496 1690 2567 1753 in

367 1792 692 1870 mortario,
736 1791 838 1856 vel
880 1793 954 1855 in
997 1792 1124 1856 olla
1173 1792 1664 1875 decoquuntur,)
1706 1798 1927 1855 tamen
1970 1791 2363 1856 curiosorum
2393 1817 2567 1878 περι-

369 1891 552 1980 εργίᾳ
581 1915 656 1959 eo
684 1914 889 1977 usque
919 1894 1264 1978 gratificari
1291 1901 1554 1973 norunt,
1575 1900 1672 1972 ut,
1705 1893 1863 1957 duos
1892 1893 2170 1977 liquores
2192 1915 2393 1977 aeque
2420 1894 2563 1958 lim-

365 1996 552 2080 pidos
611 1996 940 2080 clarosque
989 1995 1423 2075 ostendentes,
1473 2017 1553 2060 ex
1602 1996 1831 2061 iisdem
1888 1996 2159 2060 invicem
2212 1997 2565 2060 commistis

368 2105 730 2163 saturatum
759 2098 1036 2163 colorem
1075 2099 1371 2182 aliquem,
1405 2099 1589 2181 quasi
1625 2097 2133 2182 praestigiantes,
2163 2098 2410 2182 possint
2454 2119 2561 2162 ex-

366 2201 628 2265 hibere:
675 2207 742 2265 et
769 2201 1054 2284 profecto
1081 2201 1174 2264 ita
1209 2201 1460 2265 lubrica
1487 2207 1587 2264 est
1616 2208 1683 2266 et
1714 2200 1983 2264 evanida
2010 2201 2296 2265 colorum
2326 2221 2549 2284 specu-

365 2304 544 2384 latio,
575 2313 649 2368 ut
687 2304 856 2368 nihil
886 2304 1044 2368 certi
1074 2325 1152 2367 ex
1181 2304 1306 2367 illis
1346 2304 1426 2368 de
1470 2325 1829 2388 corporum,
1860 2304 1931 2366 in
1976 2304 2207 2387 quibus
2238 2312 2566 2387 apparent,

365 2413 603 2470 natura
650 2413 842 2491 queat
891 2405 1302 2488 deprehendi.
1392 2406 1628 2490 Neque
1665 2407 1871 2490 magis
1920 2408 2227 2490 sequitur,
2274 2429 2351 2471 ea
2401 2427 2567 2490 quae

367 2511 578 2575 colore
608 2512 792 2575 viridi
838 2520 1009 2591 sunt,
1047 2512 1218 2575 acria
1260 2532 1396 2575 esse
1441 2511 1677 2589 omnia,
1721 2531 1911 2594 quam
1945 2511 2163 2575 omm‘a
2206 2532 2369 2595 quae
2414 2517 2567 2574 sunt

366 2614 558 2691 acria,
589 2612 776 2677 viridi
815 2634 952 2677 esse
996 2613 1225 2677 colore.
1318 2614 1415 2677 Re
1443 2614 1663 2696 itaque
1708 2612 1994 2695 undique
2035 2633 2367 2696 perpensa,
2408 2613 2567 2676 satis

365 2716 568 2798 liquet
597 2715 882 2777 dolorem
910 2714 1467 2793 immanissimum,
1492 2715 1604 2797 qui
1633 2715 1755 2779 hac
1777 2715 1993 2778 Colica
2016 2714 2361 2798 Hysterica
2386 2714 2563 2779 labo-

365 2824 584 2881 rantes
613 2838 776 2901 pene
797 2817 1139 2894 exanimat,
1160 2823 1306 2880 tum
1337 2817 1534 2881 etiam
1563 2816 1869 2879 materiae
1890 2815 2107 2878 viridis
2128 2816 2559 2899 rejectionem,
2589 2828 2734 2878 Color
2754 2832 2827 2878 vi-

367 2942 408 2983 a
458 2919 806 3003 spiritibus,
851 2918 1054 2982 nimio
1097 2918 1348 3001 impetu
1396 2919 1468 2981 in
1517 2926 1733 3001 partes
1780 2918 1901 2982 sub
1951 2918 2160 2981 cordis
2208 2917 2561 2981 scrobiculo
2584 2894 2775 3017 ἓῗζζζιῖ

363 3022 603 3104 positas
641 3021 1140 3099 incursantibus,
1173 3028 1368 3105 atque
1412 3020 1672 3085 easdem
1710 3040 1963 3104 spasmo
2008 3020 2559 3100 contrahentibus,
2584 3022 2726 3073 unde.
2758 3106 2765 3113 .

365 3125 631 3188 omnino
661 3124 946 3188 excitari.

463 3237 628 3320 [84]
687 3236 862 3299 Huic
913 3237 1108 3300 etiam
1167 3236 1511 3319 spirituum
1562 3234 1930 3299 enormitati
1986 3234 2407 3298 tribuendum
2466 3242 2565 3299 est
2590 3235 2843 3313 clayigly-

365 3345 728 3423 symptoma
754 3337 949 3416 istud,
975 3337 1146 3421 quod
1172 3338 1464 3421 superius
1494 3338 1562 3423 [ᾗ
1596 3338 1733 3421 63.]
1773 3339 1947 3401 Clavi
1962 3338 2281 3419 Hysterici
2302 3337 2565 3401 nomine
2588 3308 2852 3429 titgssgff'

363 3442 721 3525 indigitavi,
747 3442 818 3504 in
840 3463 966 3524 quo
993 3441 1253 3524 spiritus
1272 3440 1352 3504 ab
1375 3440 1554 3504 omni
1583 3440 1860 3523 corporis
1891 3438 2141 3503 ambitu
2162 3439 2235 3501 in
2256 3446 2430 3502 certo
2454 3459 2565 3520 pe-

363 3545 622 3608 rieranii
666 3544 846 3627 quasi
888 3544 1203 3627 punctulo
1247 3550 1766 3621 concentrantur,
1806 3542 2091 3606 dolorem
2131 3541 2309 3605 haud
2350 3542 2566 3605 minus

363 3648 932 3731 perterebrantem,
980 3669 1174 3732 quam
1227 3648 1281 3710 si
1325 3648 1540 3711 clavus
1592 3647 1834 3711 ferreus
1884 3647 1952 3710 in
1998 3653 2191 3733 caput
2234 3646 2298 3708 vi
2348 3646 2565 3729 adige-

363 3759 563 3831 retur,
605 3762 1016 3830 accersentes,
1057 3774 1192 3816 una
1235 3774 1386 3816 cum
1433 3751 1679 3833 insigni
1719 3752 2025 3815 materiae
2068 3750 2289 3814 viridis
2332 3750 2565 3814 evomi-

363 3854 561 3918 tione.
651 3853 837 3918 Quae
882 3855 1139 3937 quidem
1193 3854 1536 3936 spirituum
1590 3853 1669 3916 ab
1718 3853 2018 3917 universo
2068 3874 2331 3935 corpore
2384 3853 2569 3937 quasi

362 3957 434 4019 in
463 3964 780 4039 punctum
818 3958 1173 4021 contractio
1202 3978 1336 4020 non
1369 3958 1654 4021 multum
1688 3956 1937 4021 abludit
1968 3955 2048 4019 ab
2085 3956 2213 4019 ista
2239 3955 2567 4019 radiorum

365 4060 514 4123 solis
565 4060 938 4124 collectione
999 4082 1162 4143 quae
1213 4062 1288 4123 fit
1335 4080 1455 4143 ope
1497 4060 1649 4123 vitri
1706 4058 2085 4136 incensorii3
2139 4063 2343 4140 utque
2390 4057 2463 4118 hi
2504 4058 2568 4119 vi

362 4162 554 4225 unita
586 4170 886 4241 exurunt,
915 4162 1012 4227 ita
1045 4169 1112 4226 et
1147 4162 1256 4226 isti
1289 4161 1372 4226 ob
1410 4162 1683 4226 eandem
1720 4161 2039 4226 rationem
2080 4158 2365 4223 dolorem
2400 4158 2567 4220 infli-

364 4272 551 4347 gunt,
596 4265 1004 4329 membranas
1065 4264 1246 4349 quasi
1303 4264 1734 4349 discerpentes
1784 4264 2267 4344 lacerantesque
2320 4260 2569 4343 junctis

365 4367 630 4429 viribus.

465 4468 628 4553 [85.]
687 4469 938 4534 Deinde
979 4470 1059 4533 ab
1097 4471 1216 4535 hac
1249 4470 1621 4535 inordinata
1654 4468 1995 4551 spirituum
2034 4464 2385 4550 agitatione
2426 4486 2571 4528 san-
