3138 5006
687 294 1284 361 DISSERTATIO
1328 292 1762 359 EPISTOLA
1772 293 1942 357 RIS.
2299 290 2430 352 343

228 460 571 544 aspernati,
624 459 802 543 aegri
844 467 1069 524 tamen
1112 458 1323 522 fatum
1372 456 1649 540 (etiamsi
1691 478 1732 519 a
1767 455 1978 520 calore
2037 472 2230 536 quem
2283 471 2428 535 pro-
2459 466 2542 514 Dz
2565 467 2734 516 vnx-

224 562 569 627 movebant
600 561 790 625 amici
818 568 885 624 et
908 560 1275 638 curatrices,
1298 580 1404 623 me
1426 559 1509 623 ad
1528 560 1772 623 ravim¹¹
1793 577 1998 640 usque
2019 554 2429 631 reclamante,
2457 532 2737 645 ⁰321?ssss-

227 663 539 746 extincti,)
602 664 765 727 mihi
803 662 1057 727 crimini
1100 662 1394 726 dabatur.
1512 660 1664 727 Qua
1706 660 1786 725 de
1831 680 2042 736 causa,
2087 656 2430 721 accedente

225 765 641 849 insuperabili
692 766 821 829 τῶν
868 765 1139 827 πολλῶν
1182 762 1594 847 praejudicio,
1639 762 1808 827 bene
1857 780 2114 825 mecum
2160 758 2267 841 agi
2308 779 2427 841 pu·-

226 874 455 946 tarem,
504 866 559 930 si
610 887 945 949 nunquam
999 865 1297 949 deinceps
1350 866 1435 929 ad
1483 863 1762 928 Variolis
1809 863 2175 927 laborantes
2222 879 2431 924 accer-

228 990 421 1033 serer.

324 1069 491 1154 [25]
550 1069 755 1135 Haud
798 1069 1097 1153 equidem
1126 1068 1372 1133 inficias
1411 1090 1509 1147 eo,
1540 1068 1852 1148 Variolas,
1893 1086 2276 1152 quocunque
2321 1063 2429 1129 de·
2456 1078 2692 1131 Quocun-

225 1196 407 1239 mum
448 1175 641 1239 modo
682 1180 1067 1252 tractentur,
1112 1170 1587 1256 nonnunquam
1629 1180 1853 1237 tamen
1895 1172 2238 1255 insigniter
2277 1191 2428 1235 con·-
2452 1146 2720 1257 ξῖξῐξζιοέζ

225 1279 529 1357 fluxurus,
586 1278 765 1342 unde
822 1277 1021 1341 etiam
1078 1298 1415 1360 nunquam
1479 1282 1710 1339 vacant
1769 1275 2072 1359 periculo,
2127 1273 2428 1357 quicquid
2450 1273 2695 1348 Variola,

228 1379 669 1463 suppetiarum
698 1380 1039 1457 afferatur3
1078 1378 1149 1442 id
1178 1385 1399 1442 autem
1427 1398 1659 1455 assem,
1697 1376 1893 1460 (quod
1919 1374 2081 1439 mihi
2108 1375 2262 1439 satis
2291 1396 2428 1439 esse
2451 1337 2713 1463 ἓξὲξ

226 1483 463 1565 debet,)
508 1483 817 1547 diuturna
855 1489 1050 1566 atque
1091 1481 1328 1545 iterata
1370 1502 1559 1564 saepe
1597 1479 1849 1562 saepius
1895 1478 2290 1562 experientia
2331 1478 2430 1541 in-
2455 1464 2716 1514 ⁰⁰¹²fl¹²⁶¹²²

223 1585 434 1663 nixus,
473 1606 624 1649 eum
662 1585 735 1648 in
771 1585 966 1667 longe
1004 1584 1244 1647 minori
1282 1582 1653 1647 discrimine
1689 1581 1946 1660 versari,
1989 1580 2100 1665 qui
2143 1602 2182 1643 a
2219 1580 2430 1663 primo

224 1687 434 1751 morbi
474 1687 723 1751 insultu
758 1688 927 1751 lecto
969 1685 1271 1761 interdiu,
1318 1692 1384 1750 et
1427 1684 1730 1749 carnibus
1772 1684 2057 1762 omnino,
2097 1682 2428 1760 abstinuit,

225 1812 349 1857 nec
392 1792 519 1856 nisi
561 1800 790 1876 potum
838 1791 1203 1856 tenuiorem
1256 1790 1379 1854 sibi
1430 1789 1722 1868 indulsit,
1777 1810 1972 1874 quam
2021 1789 2152 1873 qui,
2205 1788 2430 1853 statim

224 1898 395 1961 lecto
445 1896 868 1981 adjudicatus,
921 1896 1396 1961 medicamenta
1452 1895 1652 1959 etiam
1709 1895 2003 1960 cardiaca
2061 1894 2425 1978 assumpsit.

229 1997 413 2063 Haec
456 1998 631 2062 enim
668 1998 1015 2062 methodus
1064 2000 1264 2081 (quod
1306 2018 1499 2081 supra
1536 1996 1734 2060 etiam
1781 1994 1852 2083 [ξ
1899 1996 1993 2079 9.]
2047 1996 2424 2078 innuimus,)

225 2106 303 2164 ut
330 2100 681 2184 plurimum
703 2100 969 2164 densam
991 2099 1181 2163 nimis
1212 2100 1740 2164 exanthematum
1769 2104 2054 2181 segetem
2083 2096 2426 2177 cohibebit,

228 2207 296 2265 et
325 2220 403 2266 ex
441 2202 865 2285 consequenti
892 2203 1089 2267 etiam
1116 2203 1528 2267 immodicam
1556 2202 1754 2267 febris
1789 2200 2198 2266 secundariae
2242 2201 2426 2265 effer·

228 2303 635 2382 vescentiam,
676 2324 839 2388 quae
873 2326 1008 2368 non
1050 2304 1260 2369 solum
1308 2326 1423 2369 suo
1467 2304 1687 2369 Marte
1729 2304 2010 2388 perimit,
2043 2304 2165 2379 ‚sed
2207 2304 2426 2383 etiam,

226 2405 487 2469 salivam
524 2405 629 2489 (de
659 2426 788 2489 qua
824 2406 895 2469 in
927 2406 1125 2491 hujus
1158 2407 1367 2471 morbi
1395 2406 1666 2472 historia
1695 2407 1838 2471 fuse
1878 2406 2126 2489 egimus
2135 2406 2210 2489 ⁰,)
2244 2428 2426 2490 prae-

224 2528 495 2592 propere
541 2509 975 2588 incrassandO,
1024 2531 1217 2593 aegro
1262 2511 1616 2594 perniciem
1661 2511 1908 2575 ultimis
1949 2511 2162 2575 morbi
2203 2511 2428 2576 diebus

224 2611 585 2678 minitatur.
679 2612 856 2678 Quid
887 2614 1061 2697 quod
1087 2615 1210 2679 hoe
1236 2621 1427 2697 pacto
1454 2621 1601 2678 tum
1638 2614 1970 2696 sanguinis
1998 2613 2254 2693 mictus,
2283 2620 2430 2677 tum

226 2714 517 2779 maculae
562 2737 941 2800 purpureae,
992 2717 1355 2802 praecaveri
1402 2718 1699 2800 possint?
1755 2738 1919 2801 quac
1969 2718 2094 2782 duo
2147 2725 2429 2802 sympto-

223 2823 405 2880 mata
451 2818 675 2900 primis
724 2819 935 2882 morbi
988 2818 1215 2884 diebus
1268 2819 1604 2896 invadunt,
1658 2819 1854 2901 idque
1898 2839 2202 2901 persaepe
2247 2817 2430 2882 nullo

226 2919 443 2984 adhuc
470 2920 811 2985 manifesto
849 2921 1203 3006 eruptionis
1233 2920 1507 2998 indici03
1554 2919 1726 3002 quod
1759 2919 1955 2983 etiam
1989 2919 2062 2982 in
2097 2919 2428 2998 morbillis,

226 3022 569 3086 scarlatina
618 3023 813 3103 febre,
864 3031 1059 3109 atque
1104 3023 1310 3088 acutis
1362 3023 1501 3087 aliis
1550 3023 1632 3087 ab
1676 3022 2028 3087 intensiore
2067 3022 2429 3086 inflammas

227 3123 421 3188 tionis
468 3125 676 3208 gradu
720 3126 898 3205 ortis,
951 3125 1090 3190 fieri
1136 3125 1390 3191 assolet.
1480 3123 1684 3191 Mitto
1717 3126 1856 3209 jam
1889 3124 2430 3209 jucundissimum

227 3226 403 3291 istud
448 3228 875 3310 refrigerium,
925 3250 1053 3313 quo
1100 3250 1169 3293 se
1228 3249 1421 3312 aeger
1478 3227 1780 3312 perfundi
1838 3226 2291 3291 animadvertit
2349 3226 2429 3290 ab

228 3330 393 3394 aeris
440 3331 715 3413 appulsu
765 3331 1081 3410 liberiore,
1134 3330 1383 3416 quoties
1430 3352 1471 3394 a
1519 3331 1691 3396 lecto
1736 3329 1986 3394 calente
2039 3327 2428 3407 dimittitur3

228 3432 403 3516 quod
431 3432 627 3497 etiam
656 3434 895 3518 singuli
924 3435 1155 3518 quibus
1191 3434 1261 3498 id
1294 3454 1411 3519 per
1444 3455 1551 3498 me
1589 3432 1772 3498 licuit
1807 3431 2138 3514 (maximas
2167 3436 2430 3513 agentes

228 3535 487 3617 gratias,
534 3536 736 3619 quasi,
771 3537 905 3600 vita
954 3544 1021 3601 et
1065 3535 1295 3620 spiritu
1336 3536 1628 3619 receptis,
1669 3536 1793 3600 hac
1837 3556 1996 3598 aura
2037 3531 2432 3618 postliminio

228 3639 686 3719 vescerentur)
723 3638 915 3721 pleno
943 3660 1053 3704 ore
1082 3645 1501 3722 agnoverunt.

326 3736 497 3825 [26.]
549 3738 743 3803 Unde
772 3740 935 3804 mihi
964 3741 1163 3806 subiit
1193 3743 1496 3825 cogitare,
1523 3747 1768 3824 quanto
1799 3739 2050 3823 saepius
2070 3738 2294 3803 fucum
2313 3759 2430 3803 no-

228 3837 332 3901 bis
359 3837 512 3902 facit
542 3839 672 3918 illa,
705 3862 900 3924 quam
938 3842 1139 3906 talem
1168 3863 1306 3907 esse
1350 3843 1712 3927 opinamur,
1755 3842 1941 3920 ratio,
1975 3862 2168 3925 quam
2207 3863 2432 3906 sensus

226 3940 355 4004 iste
395 3941 752 4007 certissimo
788 3944 977 4008 nobis
1020 3946 1356 4028 cognitus3
1403 3946 1704 4029 quodque
1735 3945 1810 4009 in
1849 3944 2221 4009 morborum
2251 3965 2431 4008 cura-
2460 3953 2714 4007 Quantum

225 4044 412 4108 tione
450 4044 595 4127 plus
626 4044 914 4109 dandum
950 4055 1049 4110 est
1093 4068 1434 4131 aegrorum
1468 4045 1971 4132 appetitionibus
2001 4051 2067 4109 et
2103 4044 2432 4108 desideriis
2457 4021 2714 4147 ἐζὲζιοξξιω

234 4147 753 4230 impensioribus,
792 4150 1008 4232 (modo
1034 4172 1347 4237 perquam
1391 4151 1682 4216 enormia
1713 4171 1850 4215 non
1878 4149 2141 4227 fuerint,
2173 4155 2241 4213 et
2272 4169 2434 4232 quae
2458 4149 2712 4262 3325&

300 4355 323 4379 ¹¹
359 4349 489 4398 “Ad
515 4351 672 4398 ravim
704 4354 953 4414 poscam,'’
980 4351 1163 4416 (Plaut.
1187 4355 1289 4402 Au·
1446 4348 1485 4384 0'
1504 4353 1580 4402 Cf.
1609 4355 1790 4402 Observ.
1816 4355 1942 4402 Med.
1981 4352 2047 4403 iii.
2089 4355 2134 4400 2.
2171 4354 2230 4400 13
2259 4367 2348 4414 sq„
2373 4352 2432 4399 51

232 4416 315 4462 lul.
341 4413 392 4460 ii.
415 4415 461 4462 4.
491 4413 595 4476 57.)
620 4415 651 4464 i.
676 4430 714 4464 e.
742 4419 933 4466 clamose
963 4421 1076 4466 adeo
1104 4427 1157 4467 nt
1180 4435 1291 4466 rau·
1383 4434 1471 4480 sq„
1495 4419 1573 4466 61.

232 4494 425 4526 cescum.
1512 4517 1517 4522 .
