3138 5006
710 283 1462 352 OBSERVATIONES
1509 285 1949 352 MEDICAE.
2348 287 2432 350 19

227 450 470 531 vicem3
522 451 694 535 quod
721 451 864 516 fieri
907 451 1168 534 quidem
1210 457 1426 535 potest
1462 473 1601 516 non
1636 449 1923 516 extincta
1964 449 2208 534 specie:
2255 448 2431 512 verbi
2493 463 2642 510 Pam
2650 475 2693 508 ιν.
2730 525 2739 534 ⁶

229 555 462 636 gratia,
507 553 783 618 calefieri
830 559 1046 638 potest
1091 561 1206 617 aut
1254 553 1621 636 refrigerari
1664 553 1777 636 qui
1824 553 2111 636 podagra
2158 551 2430 630 laborat,
2462 528 2559 575 En.
2574 527 2737 574 Tem.

225 657 490 740 vigente
525 656 737 720 adhuc
771 655 1079 739 podagra,
1109 656 1391 720 necdum
1431 655 1697 720 devicta.
1787 655 2105 720 Methodo
2133 654 2274 733 hac,
2306 675 2435 738 qua

230 759 518 824 diversae
545 765 808 822 tantum
837 757 1182 841 qualitates
1209 756 1737 836 introducuntur,
1760 757 1970 822 morbi
1992 757 2269 841 specifici
2299 778 2433 820 non

227 862 438 944 magis
467 860 837 924 immediate
857 859 1324 944 perdomantur
1345 881 1542 942 quam
1569 860 1741 940 ignis
1766 859 1979 942 gladio
2008 858 2430 941 extinguitur.

229 963 410 1030 Quid
445 963 640 1040 enim,
677 961 1008 1045 (obsecr0‚)
1052 961 1242 1040 calor,
1283 961 1507 1044 frigus,
1543 960 1907 1039 humidum,
1946 961 2281 1039 siccumve,
2320 967 2435 1024 aut

228 1086 267 1129 e
301 1064 602 1129 secundis
647 1062 1067 1147 qualitatibus
1111 1084 1276 1147 quae
1317 1063 1398 1126 ab
1439 1063 1540 1127 his
1578 1062 1886 1146 pendent,
1918 1062 2055 1127 alia
2096 1063 2313 1145 aliqua
2351 1063 2435 1128 ad

231 1167 444 1232 morbi
473 1165 874 1230 curationem
912 1164 1125 1242 faciet,
1157 1166 1342 1249 cujus
1379 1165 1659 1229 essentia
1685 1166 1759 1228 in
1790 1165 2024 1228 harum
2063 1165 2247 1228 nulla
2280 1187 2432 1229 con-

229 1267 450 1331 sistit?
547 1268 716 1351 [23]
775 1268 846 1331 Si
894 1266 1036 1350 quis
1070 1267 1178 1331 hic
1222 1264 1526 1350 objecerit
1565 1267 1721 1332 satis
1758 1289 2073 1350 magnum
2120 1267 2431 1332 remedio-

228 1391 382 1434 rum
428 1370 884 1453 Specificorum
911 1389 1263 1434 numerum
1298 1369 1552 1452 jamdiu
1580 1369 1767 1434 nobis
1804 1371 2225 1447 innotescere,
2258 1369 2435 1432 hunc

229 1471 468 1555 ipsum,
507 1471 562 1533 si
609 1493 879 1535 examen
919 1471 1115 1554 paulo
1159 1470 1534 1554 diligentius
1578 1471 1953 1550 instituerit,
1993 1473 2066 1535 in
2110 1471 2433 1554 oppositas

230 1577 452 1657 partes
479 1572 665 1637 facile
693 1574 1122 1637 transiturum
1151 1573 1441 1652 confid03
1487 1595 1639 1638 cum
1666 1574 1898 1637 unicus
1929 1580 2146 1637 cortex
2174 1573 2434 1636 Peruvi-

233 1696 402 1740 anus
431 1695 474 1738 a
501 1675 632 1738 suis
660 1674 918 1738 militet.
1007 1674 1172 1739 'l'oto
1194 1675 1369 1738 enim
1399 1676 1577 1739 coelo
1600 1676 1849 1738 distant
1877 1695 2043 1757 quae
2070 1675 2219 1738 huic
2249 1676 2435 1739 aliive

233 1777 616 1841 indicationi
637 1777 958 1842 curativae
993 1777 1298 1859 Specifice
1319 1776 1714 1860 respondent
1736 1775 2222 1854 medicamenta,
2246 1777 2351 1840 cui
2380 1777 2436 1841 si

233 1877 548 1942 faciamus
577 1879 753 1957 satis,
784 1878 1048 1943 morbus
1080 1877 1406 1960 abigit-um
1453 1886 1520 1942 et
1551 1899 1716 1961 quae
1759 1879 1935 1942 hunc
1965 1878 2240 1940 aliumve
2268 1897 2436 1941 mor-

234 1981 400 2044 bum
447 1981 751 2063 specifice
790 1985 984 2062 atque
1027 1978 1401 2044 immediate
1443 1987 1812 2063 persanant,
1852 1980 2035 2044 nullo
2076 1977 2301 2043 habito
2342 2001 2439 2043 re-

237 2089 467 2166 spectu
491 2082 574 2146 ad
599 2081 770 2145 hanc
799 2089 914 2146 aut
936 2081 1112 2145 illam
1143 2081 1581 2147 intentionem
1610 2083 1741 2146 sive
1770 2082 2234 2144 indicationem
2258 2101 2440 2144 cura-

233 2185 474 2250 tivam:
549 2183 728 2249 verbi
788 2184 1016 2266 gratia,
1073 2184 1430 2248 mercurius
1477 2189 1559 2247 .et
1618 2203 1837 2246 sarsae
1892 2181 2139 2247 radices
2198 2183 2269 2245 in
2335 2183 2443 2246 lue

234 2307 512 2352 venerea
552 2286 854 2368 Spectflca
895 2285 1089 2368 vulgo
1134 2285 1445 2362 audiunt3
1495 2306 1661 2368 quae
1699 2291 1921 2349 tamen
1960 2306 2077 2369 pro
2120 2285 2443 2368 Specificis

234 2388 514 2473 propriis
544 2395 738 2471 atque
766 2388 1158 2452 immediatis
1188 2409 1323 2450 non
1353 2387 1597 2451 debent
1626 2386 1868 2465 haberi,
1888 2388 2013 2451 nisi
2042 2387 2442 2472 argumentis

236 2491 398 2555 satis
427 2489 656 2555 validis
702 2497 897 2575 atque
939 2489 1488 2574 irrefragabilibus
1535 2489 1737 2573 possit
1777 2489 2007 2554 confici
2051 2489 2443 2555 mercurium

237 2595 425 2658 nulla
482 2595 761 2659 excitata
818 2594 1212 2673 salivatione‚
1278 2615 1490 2659 sarsae
1539 2614 1691 2657 vero
1746 2594 1993 2657 radices
2053 2594 2191 2657 sine
2248 2594 2444 2657 motis

237 2695 604 2775 sudoribus,
665 2704 803 2761 tam
870 2698 1194 2781 egregiam
1253 2717 1514 2780 operam
1572 2696 1984 2779 praestitisse.
2102 2695 2211 2759 Ad
2274 2694 2445 2759 hanc

236 2799 486 2882 pariter
506 2820 806 2864 normam
830 2800 939 2863 alii
957 2799 1154 2863 etiam
1175 2797 1386 2862 morbi
1405 2798 1545 2861 aliis
1568 2796 2091 2861 evacuationibus
2114 2804 2445 2875 curantur,

237 2921 394 2966 cum
423 2908 648 2965 tamen
667 2922 832 2985 quae
861 2900 1254 2965 adhibentur
1282 2899 1566 2964 remedia
1593 2921 1729 2963 non
1756 2898 1964 2981 magis
1993 2899 2245 2982 proprie
2272 2920 2445 2963 com-

237 3010 470 3087 petant
489 3003 902 3068 immediatae
932 3002 1251 3068 curationi
1271 3002 1545 3066 istorum
1567 3000 1943 3065 morborum
1964 3000 2073 3082 qui
2102 2999 2195 3063 eis
2218 3022 2447 3063 sanan-

237 3114 354 3171 tur
383 3105 926 3184 evacuationibus,
952 3104 1184 3188 quibus
1204 3103 1514 3168 faciendis
1533 3102 1851 3188 ejusmodi
1866 3101 2153 3165 remedia
2173 3101 2449 3165 maxime

238 3209 502 3293 proprie
549 3208 994 3291 designantur,
1028 3228 1223 3290 quam
1253 3206 1629 3289 scalpellum
1675 3204 2166 3288 phlebotomum
2213 3204 2449 3288 pleuri-

238 3312 388 3386 tidi‚
428 3309 601 3395 quod
638 3317 861 3375 tamen
899 3330 1092 3374 nemo
1121 3309 1350 3391 opinor
1387 3306 1754 3390 Spectficum
1790 3306 1987 3391 hujus
2029 3306 2237 3370 morbi
2265 3306 2450 3371 facile

245 3413 664 3497 appellaverit
677 3430 723 3476 s.

345 3515 513 3600 [24]
571 3514 881 3598 Specifica
913 3513 1182 3597 proinde
1218 3513 1711 3590 medicamenta,
1744 3512 1799 3574 si
1839 3510 1921 3574 ad
1955 3511 2126 3574 hanc
2162 3516 2451 3573 mentem

245 3624 541 3683 nostram
567 3617 1063 3699 restringantur,
1094 3637 1238 3681 non·
1261 3616 1458 3680 cuivis
1489 3614 1739 3679 homini
1767 3613 2195 3695 contingunt3
2239 3632 2453 3694 neque

243 3717 674 3784 oscitantibus
715 3724 960 3783 temere
994 3738 1063 3782 se
1101 3718 1449 3801 ingerunt3
1502 3716 1721 3780 nullus
1766 3722 1989 3778 tamen
2026 3713 2257 3777 dubito
2295 3713 2453 3795 quin

244 3823 320 3885 in
367 3819 724 3886 exundanti
772 3820 885 3885 illa
925 3820 1330 3904 plenitudine
1368 3840 1496 3903 qua
1528 3823 1752 3900 turget
1794 3817 2053 3880 Natura
2094 3815 2455 3897 diffluitque

251 3926 374 4007 (ita
403 3923 676 4007 jubente
704 3923 973 4006 Optimo
1003 3921 1294 3986 Maximo
1321 3941 1542 3985 rerum
1569 3918 1861 3983 omnium
1894 3918 2339 3999 Coum‘ronn,)
2379 3917 2453 3979 in

251 4024 662 4106 singulorum
688 4024 1289 4108 praeservationem,
1320 4028 1734 4105 prospectum
1772 4020 2013 4104 pariter
2044 4020 2127 4083 sit
2159 4019 2239 4082 de
2268 4039 2451 4081 cura-

249 4126 431 4191 tione
458 4126 776 4190 malorum
805 4127 1012 4211 magis
1041 4125 1396 4207 insignium
1427 4144 1591 4207 quae
1619 4123 1913 4187 homines
1942 4128 2213 4198 vexant3
2258 4120 2457 4202 idque

250 4250 370 4312 pro
399 4227 644 4293 foribus
679 4236 748 4291 et
781 4229 854 4291 in
881 4228 1090 4311 patrio
1135 4226 1480 4309 cujuslibet
1526 4225 1682 4289 solo.
1774 4226 1863 4288 Et
1904 4246 2058 4288 sane
2102 4220 2454 4287 dolendum

255 4338 354 4396 est
381 4332 754 4416 plantarum
782 4338 1086 4396 naturam
1113 4328 1406 4393 nondum
1447 4328 1655 4411 magis
1684 4328 2012 4411 explorato
2053 4325 2238 4390 nobis
2268 4324 2455 4387 inno-

972 4465 996 4499 Ι
1031 4458 1108 4506 Cf.
1135 4460 1285 4519 Epist.
1311 4460 1528 4519 Respom.
1553 4459 1622 4505 11.
1648 4459 1671 4516 5
1698 4457 1774 4503 33.
