3138 5006
1208 316 1466 375 INDEX
1507 316 1818 377 RERUM.

309 469 430 526 19⁷3
464 470 518 518 in
541 470 806 528 diarrhoea,
829 470 938 529 178,
953 468 1048 523 575
1069 490 1082 528 3
1115 472 1168 519 in
1191 472 1471 535 dysenteria

299 549 366 581 ex
381 535 669 582 torminibus
686 536 868 583 ventris
883 536 934 583 in
954 536 1084 584 febre
1103 551 1228 584 nova
1240 536 1466 599 epidem.,

304 600 430 654 5003
455 614 832 662 emmenagogus
866 600 918 647 in
948 600 1220 649 lochiorum
1243 616 1468 663 suppres-

303 664 452 721 sione,
478 666 589 721 398,
629 666 724 711 585
741 683 752 719 3
807 665 860 711 in
901 665 1142 727 podagrae
1177 666 1468 713 inveteratae

302 741 609 790 paroxysmo,
633 729 730 776 446
750 747 763 782 3
797 730 850 775 in
871 729 1068 777 variolis
1091 729 1298 792 regular.
1325 730 1464 779 confi.

301 798 412 855 post
443 792 640 855 plenam
671 793 990 856 eruptionem,
1028 796 1151 850 1423
1185 794 1238 840 in
1271 794 1467 841 variolis

305 870 485 914 auom„
508 859 635 913 2233
675 857 728 903 in
763 857 960 905 variolis
997 858 1156 914 confi„
1182 860 1310 913 3573
1354 873 1464 920 par-

302 921 523 983 egoricus
555 922 608 970 in
640 920 838 969 variolis
869 922 1107 984 pessimis,
1134 925 1258 977 2233
1293 922 1344 969 in
1371 922 1467 970 ileo

303 1000 430 1041 vero,
456 986 550 1039 643
589 985 648 1033 ad
682 987 923 1033 vomitum
962 988 1385 1048 compescendum,
1413 988 1467 1033 in

302 1050 494 1096 corticis
529 1050 698 1097 Peruv.
722 1065 830 1107 usu,
855 1052 968 1101 287.

369 1113 613 1161 ΗεοτιοΑ
633 1113 766 1175 (Dr.)
785 1114 967 1162 Fenus
986 1114 1316 1173 Inus-nun,
1338 1114 1434 1163 597
1453 1134 1464 1170 3

300 1177 516 1225 hecticae
539 1178 685 1227 febris
707 1180 946 1241 quaedam
969 1180 1168 1242 species,
1184 1181 1310 1233 5043
1347 1194 1467 1242 quo-

300 1242 444 1289 modo
466 1242 694 1299 curanda,
725 1245 834 1299 504,
859 1246 954 1291 505
977 1262 988 1298 3
1023 1250 1133 1305 post
1154 1243 1468 1306 pleuritidem

306 1306 612 1354 essentialem
637 1308 962 1369 quandonam,
987 1310 1097 1355 246.

367 1370 563 1418 Herbae
579 1371 975 1420 excalefacientes
993 1372 1045 1418 in
1063 1372 1300 1419 chronicis
1317 1388 1470 1435 aeque

303 1449 360 1482 ac
401 1436 614 1497 podagra
657 1436 874 1483 maximo
917 1450 1172 1497 aegrorum
1215 1438 1468 1485 commodo

301 1498 614 1555 adhibentur,
639 1502 750 1548 430.

367 1563 638 1611 Hirudines
671 1565 721 1611 in
753 1564 886 1611 febre
915 1578 1043 1612 nova
1073 1564 1282 1627 epidem.
1305 1565 1467 1613 infan-

298 1626 430 1675 tibus
451 1628 783 1691 applicandae,
805 1630 918 1676 503.

368 1692 592 1739 Historia
611 1693 764 1740 morbi
785 1693 994 1754 alicujus
1017 1692 1060 1740 si
1077 1692 1334 1755 diligenter
1355 1708 1465 1755 per-

299 1764 466 1817 specta
486 1757 707 1813 habetur,
731 1772 821 1819 par
842 1757 972 1804 malo
991 1758 1264 1805 remedium
1287 1756 1464 1805 adferri

298 1828 470 1882 potest,
511 1822 601 1875 133
661 1820 764 1868 sola
799 1836 964 1869 veram
1004 1822 1230 1869 medendi
1272 1823 1460 1870 metho-

299 1883 420 1931 dum
453 1886 668 1932 indicare
703 1892 874 1947 potest,
901 1888 1011 1944 295,
1039 1886 1162 1941 29⁷3
1197 1886 1308 1934 hist.
1331 1902 1462 1934 mor-

299 1947 472 1996 borum
505 1950 568 1997 ad
597 1950 768 2011 praxin
792 1966 940 2012 quam
973 1950 1126 2007 utilis,
1151 1952 1228 2006 12,
1259 1952 1344 2005 13;
1380 1967 1461 1998 ac-

302 2020 470 2061 curata
492 2014 654 2061 deficit
673 2015 924 2071 hactenus,
953 2018 1041 2069 133
1079 2015 1164 2061 ubi
1194 2014 1461 2073 scribenda,

299 2076 362 2123 ad
405 2093 644 2140 quaenam
691 2079 948 2142 praecipue
991 2080 1358 2137 advertendum,
1404 2083 1462 2127 10

301 2156 397 2203 sq.;
432 2143 544 2189 hist.
569 2144 846 2190 morborum
871 2152 995 2191 acut.
1018 2144 1316 2191 ab'Auctore
1339 2158 1460 2205 qua-

299 2220 351 2252 re
385 2207 604 2265 traditur,
654 2209 744 2261 213
801 2208 1074 2269 hystericae
1117 2208 1272 2255 affect.
1316 2224 1462 2270 quare

296 2269 558 2318 difficulter
593 2272 863 2328 scribenda,
897 2272 1020 2327 3703
1077 2272 1189 2319 hist.
1226 2272 1462 2320 naturalis

295 2336 506 2396 pessime
545 2336 670 2383 tradi
705 2336 841 2389 solet,
877 2338 966 2391 10;
1021 2336 1133 2383 hist.
1168 2336 1460 2383 variolarum

297 2414 423 2455 vera,
443 2414 706 2463 earumque
723 2401 981 2447 methodus
997 2400 1238 2456 medendi,
1259 2416 1316 2447 ex
1337 2416 1458 2462 quo-

297 2477 412 2511 nam
435 2478 610 2526 genere
633 2464 806 2513 harum
829 2465 1033 2513 describi
1051 2465 1235 2522 debeat,
1264 2466 1370 2514 119.

365 2528 584 2576 Historia
615 2530 888 2591 singularis,
919 2545 1004 2577 seu
1037 2545 1194 2587 casus,
1217 2530 1311 2576 viri
1339 2529 1456 2577 cbo-

292 2591 398 2638 1era
441 2608 568 2640 anno
612 2592 692 2643 ’76
734 2593 1010 2650 laborantis,
1062 2594 1185 2648 2783
1242 2595 1458 2642 virorum

295 2657 450 2703 colica
481 2657 656 2704 biliosa
685 2658 1026 2714 laborantium,
1069 2657 1177 2716 197,
1211 2660 1330 2713 1983
1365 2659 1457 2706 viri

296 2720 702 2782 hypochondriaci
769 2722 1078 2784 equitationis
1141 2738 1232 2785 ope
1285 2723 1455 2781 curati,

296 2785 408 2840 390,
465 2787 588 2841 391;
655 2786 870 2834 virorum
934 2787 1206 2848 dysenteria
1267 2788 1456 2835 constit.

296 2849 526 2899 ’69—’72
585 2851 922 2908 laborantium,
989 2851 1096 2906 173,
1165 2851 1273 2906 174,
1336 2851 1455 2907 1763

294 2912 536 2962 foeminae
587 2915 862 2977 dysenten‘a
917 2915 1183 2962 inveterata
1233 2915 1453 2962 laboran-

296 2977 375 3036 tis,
422 2978 531 3034 177,
577 2979 698 3034 1⁷83
754 2979 952 3040 juvenis
997 2980 1130 3027 febre
1175 2986 1320 3026 acuta
1351 2980 1454 3031 vio.-

294 3041 440 3099 lenta,
477 3058 592 3090 cum
627 3043 864 3106 petechiis
899 3051 946 3091 et
981 3044 1138 3091 mictu
1177 3043 1455 3105 sanguineo,

292 3105 572 3164 laborantis,
611 3109 896 3163 368—3613
943 3108 1034 3155 viri
1067 3109 1198 3156 febre
1229 3107 1455 3170 dysente-

293 3170 396 3218 rica
450 3171 729 3229 laborantis,
787 3174 912 3226 1823
983 3171 1276 3232 juvenculae
1327 3173 1458 3219 febre

294 3234 599 3296 dysenterica
639 3236 916 3293 laborantis,
957 3238 1081 3292 1823
1137 3236 1278 3299 pueri
1325 3236 1456 3284 febre

292 3299 497 3360 epidem.
523 3316 650 3348 anno
672 3301 754 3352 ’74
775 3301 1051 3358 laborantis,
1077 3303 1197 3355 1253
1233 3300 1456 3348 dominae

290 3363 423 3411 febre
447 3365 651 3428 epidem.
677 3381 804 3413 anno
826 3365 906 3416 ’75
928 3365 1191 3412 laborantis
1221 3373 1269 3412 et
1305 3365 1455 3427 dejec-

291 3427 504 3477 tionibus
537 3429 925 3494 symptomaticis
955 3429 1166 3486 affectae,
1201 3430 1326 3484 2163
1367 3445 1460 3492 pu-

291 3493 362 3539 eri
379 3493 509 3542 febre
525 3496 727 3557 epidem.
743 3503 790 3542 et
807 3495 1064 3558 pleuritide
1083 3495 1456 3556 symptomatica

293 3572 420 3605 anno
441 3559 521 3608 ’75
539 3559 816 3616 laborantis,
831 3561 952 3614 23ος
977 3558 1215 3606 foeminae
1237 3565 1454 3606 mortuae

292 3635 354 3668 ex
371 3622 502 3670 febre
523 3622 751 3685 maligna,
773 3631 960 3685 pestem
983 3623 1342 3671 Londinensem
1363 3637 1450 3669 an-

292 3685 344 3731 ni
365 3688 446 3733 ’65
469 3702 760 3749 praegressa,
793 3689 898 3743 109,
927 3690 1053 3742 11ος
1093 3687 1291 3749 juvenis
1322 3687 1453 3734 febre

291 3751 508 3812 maligna
539 3751 820 3807 laborantis,
864 3753 992 3806 5103
1045 3752 1282 3812 juvenum
1321 3750 1454 3798 febre

292 3815 605 3876 pestilentiali
621 3815 961 3872 laborantium,
983 3815 1090 3871 112,
1115 3816 1208 3862 114
1231 3833 1242 3870 3
1278 3815 1455 3862 medici

288 3877 420 3926 febre
458 3880 692 3928 variolosa
725 3880 1001 3936 laborantis,
1042 3879 1128 3928 157
1155 3897 1166 3933 3
1219 3879 1449 3941 hydropi·

291 3957 378 3990 cae
410 3959 471 3991 ex
504 3944 893 4001 incarceratione,
918 3945 1213 3997 466-4683
1270 3943 1449 4004 hydro-

291 4007 428 4119 2⁰5?
453 4008 1452 4135 Σῖῑᾜιῖ,Ἑῖέξὲἓὲἶῌῖἶέἑᾚὶῗΐέἕὲ

289 4137 432 4198 pejus
481 4137 718 4194 habentis,
764 4138 893 4192 4603
950 4137 1042 4183 viri
1093 4135 1246 4184 colica
1295 4137 1449 4198 hypo-

289 4200 488 4248 chondr.
535 4201 598 4248 ad
639 4201 834 4248 iliacam
879 4201 1135 4248 accedente
1171 4200 1450 4256 laborantis,

293 4264 390 4315 374
405 4285 416 4320 3
442 4265 846 4328 hypochondriaci
859 4265 1019 4313 flentis
1036 4265 1308 4322 immodice,
1326 4265 1420 4314 375
1438 4284 1450 4321 3

290 4330 566 4378 comitissae
615 4330 789 4378 affectu
842 4331 1021 4393 hyster.
1065 4329 1310 4377 calculum
1365 4345 1448 4377 ve-

289 4394 417 4442 sicae
451 4393 710 4443 sImulante
741 4394 1020 4451 laborantis,
1054 4395 1144 4442 201
1169 4412 1181 4448 3
1237 4393 1328 4441 viri
1356 4393 1452 4441 ileo

286 4458 565 4517 laborantis,
593 4461 724 4515 5033
757 4461 1010 4515 foeminae,
1035 4474 1159 4521 quae
1193 4458 1366 4506 lochiis
1388 4473 1450 4506 ex

287 4523 530 4586 hysterica
563 4523 718 4572 affect.
757 4523 1043 4587 suppressis,
1077 4530 1126 4571 et
1165 4537 1447 4570 venae-sec-

2602 322 2711 378 631

1551 472 1685 521 tione
1718 474 1769 521 in
1802 474 1925 537 pede
1944 473 2184 531 instituta,
2214 472 2412 531 interiit,
2448 472 2545 522 399
2568 492 2580 528 3
2612 488 2717 522 ma·-

1551 537 1663 585 niae
1685 553 1747 585 ex
1768 544 2151 601 temperamento
2169 537 2347 600 frig-ido
2370 544 2419 585 et
2439 538 2717 597 infirmiore,

1551 603 1616 649 92
1636 620 1648 657 3
1682 603 1925 650 foeminae
1946 602 2199 659 morbillis,
2220 602 2613 650 calefacientibus
2634 618 2719 651 ex-

1550 668 1801 728 asperatis,
1835 666 2117 725 laborantis,
2157 665 2265 723 187,
2297 669 2422 721 188;
2458 666 2719 715 infantium

1549 731 1791 779 morbillis
1812 745 1940 779 anno
1963 732 2047 781 ’74
2068 731 2434 793 aegrotantium,
2451 733 2573 784 2183
2609 732 2719 789 viri,

1551 797 1791 843 mercurio
1846 796 2107 843 sublimato
2154 798 2395 843 corrosivo
2450 803 2715 859 assumpto,

1551 860 1641 905 301
1664 878 1676 914 3
1733 859 2135 922 pharmacopolae
2186 859 2534 907 rheumatismo
2576 859 2714 907 labo-

1549 924 1719 979 rantis,
1758 926 1881 979 3003
1926 924 2063 986 pueri
2096 923 2337 981 variolosi,
2375 926 2498 979 35ος
2542 924 2713 972 foemi—

1547 1002 1641 1035 nae
1668 988 1864 1036 variolis
1896 1002 2056 1036 anom.
2079 987 2356 1044 laborantis,
2391 993 2441 1035 et
2470 988 2715 1037 mensium

1550 1051 1787 1113 profluvio
1829 1062 2045 1115 tempore
2097 1052 2296 1099 insolito
2343 1052 2555 1110 affectae,
2604 1055 2713 1111 192,

1555 1116 1676 1171 193;
1712 1117 1801 1164 filii
1827 1118 2055 1165 Auctoris
2073 1116 2269 1163 variolis
2290 1130 2450 1163 anom.
2472 1116 2716 1167 distinctis

1549 1178 1829 1238 laborantis,
1881 1182 1971 1229 193
1996 1200 2007 1235 3
2062 1181 2265 1228 infantis
2314 1180 2509 1227 variolis
2554 1196 2713 1230 anom.

1549 1244 1702 1305 nigris
1732 1246 1924 1293 constit.
1958 1244 2055 1301 ’70,
2092 1260 2207 1292 cum
2238 1244 2466 1292 vesiculis
2492 1245 2541 1291 in
2565 1246 2713 1295 femo-

1550 1308 1685 1356 ribus
1718 1311 1915 1373 pessimi
1938 1310 2130 1365 ominis,
2164 1308 2444 1366 laborantis,
2471 1311 2597 1364 19ος
2632 1310 2711 1358 in—

1550 1372 1761 1421 fantium
1796 1374 1991 1421 variolis
2034 1374 2188 1435 nigris
2226 1373 2453 1435 pessimis
2488 1373 2713 1422 laboran-

1549 1436 1693 1492 tium,
1710 1440 1833 1493 2243
1862 1438 2061 1500 ⁸juvenis
2084 1436 2279 1485 variolis
2300 1437 2453 1499 nigris
2476 1438 2713 1499 pessimis,

1548 1510 1661 1563 post
1716 1502 2123 1564 computationem
2178 1501 2378 1563 largam,
2435 1501 2712 1561 laborantis,

1549 1568 1661 1622 223,
1688 1568 1783 1613 224
1803 1586 1814 1621 3
1846 1566 2141 1629 Juvenculae
2159 1581 2221 1613 ex
2242 1565 2437 1613 variolis
2458 1566 2714 1627 insigniter

1548 1630 1689 1677 confi.
1730 1632 1847 1678 11³⁰
1880 1631 1957 1679 die
1992 1631 2247 1685 extinctae,
2282 1632 2407 1686 3383
2444 1630 2639 1691 juvenis
2684 1648 2714 1680 a

1547 1694 1743 1741 variolis
1766 1695 1905 1742 confi.
1930 1694 2099 1751 sanati,
2124 1693 2377 1749 355—573
2408 1694 2605 1755 juvenis
2625 1710 2710 1743 va-

1545 1758 1682 1805 riolis
1715 1760 1924 1821 regular.
1952 1758 2229 1815 laborantis,
2254 1759 2340 1819 qui
2372 1766 2594 1806 mortuus
2623 1760 2711 1807 ad-

1547 1823 1789 1870 stantibus
1828 1824 1977 1878 visus,
2016 1824 2179 1871 nudus
2214 1837 2407 1869 mensae
2444 1823 2713 1885 imponitur

1547 1894 1595 1933 et
1617 1888 1843 1949 resurgit,
1870 1890 1977 1945 145,
2007 1888 2126 1942 146;
2161 1887 2426 1934 variolosae
2448 1903 2510 1934 ex
2532 1904 2711 1951 syrupo

1547 1950 1609 1997 de
1625 1953 1846 1999 meconio
1860 1953 2069 2015 pessime
2088 1952 2325 2007 habentis,
2342 1951 2426 1998 sed
2444 1951 2711 2001 laudanum

1546 2030 1661 2062 cum
1687 2016 1927 2063 levamine
1948 2016 2161 2073 ferentis,
2186 2017 2297 2063 386.

1608 2079 1777 2127 Homo
1802 2080 1947 2127 variis
1970 2081 2112 2128 malis
2130 2080 2381 2136 obnoxius,
2401 2081 2491 2133 263
2529 2087 2712 2142 quanto

1545 2145 1702 2206 spatio
1726 2145 1787 2191 ad
1809 2144 1967 2204 ἀκμὴν
1996 2160 2137 2192 suam
2169 2143 2417 2206 pertingit,
2442 2146 2533 2197 7ος
2574 2152 2706 2193 exte—

1544 2207 1643 2255 rior
1664 2208 1739 2256 uti
1759 2210 2057 2271 conspicitur
2070 2224 2130 2256 ex
2148 2208 2363 2271 partibus
2383 2209 2709 2267 sensibilibus,

1545 2272 1617 2319 sic
1640 2278 1689 2319 et
1710 2273 1855 2321 homo
1886 2274 2085 2321 interior
2117 2274 2273 2328 datur,
2296 2272 2496 2321 rationis
2524 2273 2709 2321 lumine

1545 2342 1738 2384 tantum
1760 2337 2118 2399 concipiendus,
2143 2336 2251 2387 371.

1610 2403 1827 2465 Hooping
1852 2404 2022 2465 Cough,
2047 2417 2134 2449 seu
2166 2401 2400 2463 pertussis
2430 2401 2710 2461 infantium,

1541 2466 1933 2514 venae-sectione
1948 2468 2151 2529 juvatur
2173 2465 2283 2528 plus
2304 2480 2451 2528 quam
2470 2464 2584 2513 ullis
2597 2481 2709 2530 pec-

1543 2531 1795 2587 toralibus,
1823 2533 1930 2589 187,
1957 2533 2068 2588 294,
2093 2533 2206 2579 598.

1612 2595 1776 2643 Horae
1815 2595 2145 2651 medicinales,
2182 2610 2269 2658 pro
2306 2595 2533 2642 remediis
2568 2611 2707 2644 assu·

1543 2659 1751 2716 mendis,
1775 2675 1899 2722 quae
1920 2661 2031 2717 sint,
2054 2660 2163 2710 472.

1612 2724 1859 2771 Humores
1912 2725 1967 2772 in
2018 2737 2217 2786 corpore
2259 2729 2421 2770 nostro
2466 2725 2707 2784 quomodo

1543 2787 1835 2844 afficiantur,
1875 2789 1962 2844 163
2010 2794 2246 2836 autumno
2279 2795 2395 2834 sunt
2426 2787 2707 2836 viscidiores

1546 2866 1695 2912 quam
1718 2867 1844 2909 vere,
1870 2851 1949 2901 72.

1610 2914 1909 2978 Hydragoga
1928 2917 1979 2962 in
2002 2913 2299 2977 gonorrhoea
2315 2914 2457 2963 virul.
2478 2914 2707 2976 primaria

1541 2986 1672 3036 sunt,
1708 2982 1837 3036 3133
1882 2981 2164 3043 hydragoga
2194 2979 2315 3026 varii
2349 2979 2557 3041 generis,
2590 2981 2703 3037 460,

1610 3107 1895 3170 Hydrogala
1932 3109 1985 3155 in
2020 3105 2173 3155 colica
2215 3108 2403 3162 biliosa,
2442 3122 2529 3169 pro
2566 3113 2705 3170 potu,

1545 3173 1637 3220 199
1653 3191 1666 3226 3
1700 3172 1751 3219 in
1772 3173 2059 3235 dysenteria,
2078 3172 2169 3221 172
2186 3189 2198 3225 ;
2232 3172 2283 3219 in
2301 3172 2431 3219 febre
2448 3170 2707 3220 scarlatina

1539 3236 1817 3292 infantium,
1842 3239 1963 3292 2443
2000 3236 2051 3284 in
2073 3237 2373 3297 gonorrhoea
2392 3235 2550 3292 virul.,
2574 3239 2667 3284 315
2688 3256 2701 3292 3

1539 3301 1589 3347 in
1607 3301 1859 3358 moi-billis,
1882 3303 1992 3357 185,
2012 3303 2105 3349 218
2126 3319 2137 3354 3
2170 3301 2222 3348 in
2240 3301 2363 3348 tussi
2385 3299 2604 3362 epidem.,
2620 3302 2707 3349 ubi

1538 3364 1701 3422 febris,
1724 3372 1837 3421 etc„
1859 3365 2051 3422 adsunt,
2089 3366 2212 3421 2293
2254 3366 2307 3412 in
2340 3363 2552 3421 variolis,
2593 3367 2700 3425 191,

1544 3430 1652 3484 192,
1678 3430 1791 3486 221,
1815 3432 1927 3477 224.

1608 3493 1877 3556 Hydropici
1909 3492 2143 3556 juniores,
2178 3493 2319 3555 aquis
2354 3493 2584 3556 expulsis,
2622 3508 2701 3540 ro·

1535 3557 1819 3605 borantibus
1857 3573 1998 3621 saepe
2034 3573 2131 3605 non
2166 3558 2400 3621 indigent,
2436 3559 2559 3612 47ος
2604 3571 2704 3608 non

1535 3621 1658 3669 item
1678 3623 1905 3679 seniores,
1929 3622 2007 3670 vel
2030 3623 2227 3677 debiles,
2254 3623 2379 3678 4703
2409 3621 2699 3686 hydropico-

1537 3701 1649 3733 rum
1672 3685 1778 3734 sitis
1801 3686 2042 3748 quomodo
2072 3687 2297 3743 fallenda,
2328 3685 2449 3740 4723
2486 3693 2699 3734 tumores

1537 3749 1790 3813 hydropici
1808 3767 1835 3798 e
1851 3750 2150 3812 gravissimis
2168 3750 2523 3813 symptomatis,
2540 3751 2699 3798 febres

1536 3815 1788 3862 intermitt.
1810 3821 2029 3862 autumn.
2053 3814 2433 3875 insequentibus,
2459 3813 2535 3868 73,
2560 3813 2643 3862 74.

1604 3879 1883 3936 Hrnaors,
1912 3878 2043 3939 (Ds)
2070 3878 2345 3935 455-476,
2371 3879 2644 3925 585-588.

1606 3943 1855 4006 Hydropis
1886 3942 2175 4005 primarium
2209 3943 2419 4004 signum,
2452 3943 2617 3989 foveae
2648 3941 2699 3988 in

1537 4008 1665 4054 suris
1696 4023 1725 4054 a
1758 4007 2021 4068 digitorum
2054 4005 2368 4069 impressione
2396 4006 2488 4053 sub
2508 4011 2701 4053 noctem

1535 4077 1839 4134 apparentes,
1886 4077 1933 4118 et
1982 4085 2125 4117 mane
2174 4076 2531 4126 evanescentes,
2586 4071 2702 4127 455,

1537 4138 1661 4190 5853
1718 4140 2045 4197 symptomata
2081 4141 2200 4182 sunt
2238 4134 2501 4197 dyspnoea,
2532 4134 2701 4182 urinae

1533 4200 1771 4262 paucitas,
1796 4207 1843 4247 et
1865 4198 1983 4255 sitis,
2008 4199 2120 4254 456,
2147 4200 2267 4252 585;
2304 4214 2466 4255 causa,
2499 4199 2698 4260 sangui-

1537 4265 1614 4311 nis
1637 4263 1875 4322 debilitas,
1895 4265 1990 4311 456
2014 4281 2025 4317 3
2060 4263 2181 4311 aliae
2204 4263 2255 4310 in
2272 4262 2495 4310 foeminis
2512 4278 2701 4320 causae,

1538 4329 1664 4384 4563
1723 4328 1939 4391 hydrops
1971 4341 2167 4375 omnem
2206 4333 2413 4375 aetatem
2444 4334 2493 4374 et
2528 4341 2703 4374 sexum

1539 4393 1751 4448 infestat,
1776 4392 2013 4440 foeminas
2045 4407 2157 4440 vero
2189 4393 2347 4454 magis
2387 4406 2535 4454 quam
2558 4392 2705 4450 viros,

1537 4459 1649 4515 455,
1673 4460 1798 4513 585;
1834 4465 2047 4505 tumores
2069 4471 2183 4504 vero
2204 4457 2257 4504 in
2278 4455 2501 4505 foeminis
2521 4456 2582 4503 ab
2614 4471 2699 4504 ex-

1537 4523 1803 4570 crescentia
1825 4521 2045 4570 carnium
2066 4521 2117 4569 in
2142 4521 2411 4579 abdomine,
2434 4521 2559 4568 vela
2574 4519 2700 4568 flati-
