3138 5006
586 282 1376 352 OBSERVATIONUM
1423 285 1994 350 MEDICARUM
2039 293 2103 345 V.
2140 297 2194 346 2.
2353 287 2480 350 215

280 447 482 524 atque
512 441 863 507 absurdum
893 443 1021 507 sive
1050 442 1179 507 cibi
1208 444 1337 508 sive
1365 451 1555 528 potus
1598 466 1802 527 genus
1838 443 2206 527 importune
2234 443 2485 526 flagita·
2555 462 2755 513 Fama

280 542 421 622 bat,
446 545 787 608 ventriculi
814 544 1135 609 fermento
1164 568 1205 610 a
1231 547 1457 611 morbo
1488 547 1891 612 diuturniore
1920 547 2209 630 impense
2235 546 2480 611 vitiato.
2508 528 2789 641 Δῇζᾟζξκ

282 645 437 709 Ηοο
490 646 563 708 111
614 667 787 724 casu,
833 647 1350 731 quandoquidem
1402 649 1539 732 jam
1591 649 1938 712 exhaustae
1995 648 2275 731 corporis
2317 648 2481 712 vires
2543 657 2647 705 ’73-
2653 657 2700 706 7
2705 659 2752 704 5

278 748 633 812 refectione
668 749 935 812 omnino
970 749 1356 832 indigerent,
1387 750 1619 814 lubens
1661 772 1738 814 ea
1766 750 1962 814 etiam
1997 750 2282 815 concessi
2318 761 2532 833 quaec
2505 745 2726 794 ⁰¹b⁰¹¹²¹¹²

278 850 501 914 minus
546 871 737 934 aegro
780 851 1119 915 convenire
1155 853 1545 930 viderentur,
1582 826 1774 917 modo
1817 853 2031 935 palato
2074 853 2280 936 magis
2325 853 2532 920 arri-0
2505 824 2599 871 gen
2561 825 2751 921 „3300-

280 953 571 1018 derentk.
2369 963 2374 968 “
2505 945 2633 985 “³⁰²¹
2618 938 2724 986 Μ’

374 1053 545 1142 [21.]
596 1056 827 1120 Mense
891 1056 1272 1138 Septembri,
1323 1058 1513 1136 1674,
1558 1057 1766 1122 filium
1815 1079 2180 1123 novennem
2235 1057 2482 1121 librarii
2503 1016 2752 1128 ι,ιιηᾘωιι-

280 1159 619 1243 cujusdam
664 1159 928 1222 aedibus
972 1160 1131 1224 meis
1174 1160 1387 1238 vicini,
1394 1161 1691 1224 nomine
1732 1161 1893 1241 Not,
1933 1161 2057 1226 hac
2100 1160 2305 1224 Febre
2347 1183 2482 1226 una
2504 1129 2763 1192 ‘¹¹¹1ng

278 1279 432 1322 cum
480 1265 800 1343 symptom
808 1265 911 1322 ate
954 1260 1093 1344 jam
1140 1281 1326 1343 saepe
1368 1267 1727 1325 memorato
1775 1261 2198 1338 laborantem,
2242 1267 2480 1325 tracta-

278 1360 455 1425 bam.-
542 1362 851 1425 Extracto
873 1382 910 1425 e
939 1361 1201 1425 brachio
1230 1363 1565 1444 sanguine,
1591 1369 1658 1426 et
1688 1363 2067 1446 clysteribus
2096 1383 2212 1446 per
2238 1362 2479 1445 primos

279 1465 527 1548 aliquot
562 1464 773 1528 morbi
800 1464 937 1528 dies
974 1465 1315 1529 continuos
1350 1465 1626 1548 injectis,
1657 1465 2248 1548 importunissimae
2284 1465 2480 1528 matri

279 1564 637 1644 obstabam,
662 1587 825 1648 quae
853 1588 993 1631 rem
1022 1587 1217 1650 ocyus
1240 1567 1558 1651 expedire¹
1583 1568 1816 1631 acriter
1839 1566 2114 1649 urgebat
2136 1588 2329 1650 quam
2359 1587 2478 1650 ego

278 1688 431 1734 cum
461 1668 668 1731 salute
697 1669 814 1731 filii
842 1673 1011 1731 stare
1041 1689 1225 1751 posse
1248 1668 1625 1733 arbitrabar.
1718 1669 1906 1733 Datis
1934 1669 2153 1753 itaque
2180 1669 2478 1748 induciis,

278 1769 587 1852 nulloque
630 1770 1101 1836 medicamento
1152 1771 1277 1834 alio
1320 1770 1660 1854 propinato
1703 1778 1958 1853 praeter
2000 1770 2319 1853 julapium
2363 1770 2476 1833 ali-

279 1869 455 1952 quod
490 1891 527 1935 e
560 1871 949 1954 vulgaribus,
988 1871 1183 1954 (quod
1211 1872 1536 1954 pacandae
1567 1871 1829 1953 quidem
1857 1872 2050 1936 matri
2084 1872 2299 1954 potius
2335 1871 2476 1935 des-

277 1970 632 2050 tinabatur,
674 1993 869 2054 quam
908 1973 1041 2036 filio
1079 1973 1525 2054 restituend0,)
1562 1973 1969 2055 trigesimum
2013 1972 2264 2037 circiter
2303 1972 2476 2036 diem

278 2073 515 2137 melius
568 2074 806 2139 habere
864 2075 1091 2159 coepit,
1152 2069 1367 2140 edulia
1423 2075 1600 2139 varia
1657 2076 1850 2139 etiam
1913 2075 2190 2139 absurda
2245 2074 2476 2138 misere

280 2175 664 2259 discupiens,
697 2198 971 2261 quorum
1008 2199 1157 2261 pars
1187 2178 1401 2262 aliqua
1440 2178 1931 2256 concedebatur,
1961 2178 2112 2242 licet
2140 2177 2320 2240 nullo
2351 2177 2476 2240 alio

277 2279 545 2342 nomine
590 2280 854 2344 concedi
899 2281 1256 2344 debuisset:
1326 2287 1518 2363 atque
1561 2282 1658 2344 ita
1700 2281 1965 2344 tandem
2015 2301 2272 2398 prorsus
2323 2301 2474 2344 con-

276 2382 501 2445 valuit.

378 2484 543 2568 [22]
600 2483 909 2551 Quamvis
968 2491 1187 2550 autem
1244 2491 1467 2570 stupor
1521 2485 1631 2550 hic
1690 2485 1772 2550 ad
1838 2486 2109 2550 comatis
2169 2486 2475 2550 accedens

275 2594 601 2667 naturam,
652 2587 805 2653 huic
855 2587 1047 2652 Febri
1105 2589 1245 2653 aliis
1304 2590 1750 2674 symptomatis
1799 2589 2197 2672 frequentius
2255 2608 2473 2671 super-

274 2688 595 2765 veniebat,
629 2690 1009 2773 quandoque
1038 2696 1261 2754 tamen
1296 2692 1386 2773 (at
1421 2692 1672 2772 rarius,)
1710 2691 2040 2774 phrenesis
2071 2691 2310 2773 absque
2339 2698 2473 2753 stu·-

276 2812 431 2875 pore
456 2791 808 2857 nonnullos
836 2791 1200 2871 invadebat,
1232 2792 1303 2855 in
1334 2814 1463 2876 qua
1490 2814 1684 2875 aeger
1709 2792 2024 2857 insomnis
2054 2791 2190 2855 dies
2220 2798 2474 2855 noctes-

278 2914 405 2977 que
456 2894 710 2977 agebat,
758 2894 941 2959 nulla
986 2895 1238 2959 ratione
1296 2902 1549 2978 poterat
1599 2895 1758 2978 regi,
1807 2894 2058 2977 aliaque
2107 2892 2474 2975 patiebatur

276 3002 730 3079 symptomata,
780 2996 860 3060 iis
920 2997 1171 3075 similia,
1222 3018 1385 3082 quae
1442 2997 1545 3061 vel
1595 2996 1676 3061 ab
1738 2997 1878 3061 aliis
1928 2994 2235 3073 febribus,
2282 2986 2382 3057 vel
2435 3016 2474 3057 a

275 3098 551 3176 variolis,
581 3098 653 3161 in
687 3098 1037 3182 phrenesin
1081 3106 1255 3163 actos
1295 3099 1711 3165 infestabant.
1801 3097 2106 3163 Inducias
2140 3118 2277 3160 non
2319 3096 2474 3159 tulit

277 3207 644 3283 symptoma
658 3200 783 3265 hoc
810 3202 908 3283 (ut
931 3201 1178 3266 solebat
1198 3203 1465 3267 affectus
1484 3208 1847 3267 comatosus
1870 3202 2008 3286 jam
2029 3200 2467 3283 memoratus,)

276 3302 483 3366 donec
540 3304 725 3367 fieret
785 3303 1078 3386 digest-ic,
1141 3324 1407 3386 aegrum
1456 3324 1606 3366 vero
1666 3303 1842 3366 intra
1890 3322 2126 3385 paucos
2182 3301 2471 3378 tollebat,

274 3404 405 3468 nisi
430 3404 853 3471 inflammatio
882 3404 1306 3469 cohiberetur.
1393 3406 1614 3487 Atque
1642 3405 1748 3469 hic
1775 3404 1938 3467 mihi
1967 3403 2290 3487 suppetias
2319 3424 2472 3487 prae
2499 3414 2622 3477 Spir.

276 3507 542 3571 caeteris
598 3507 753 3571 tulit
802 3507 1039 3570 vitrioli
1098 3508 1379 3590 spiritus,
1434 3529 1646 3589 quem,
1697 3515 1842 3590 post
1891 3527 2118 3570 venae·
2121 3506 2529 3589 sectionemn
2497 3480 2557 3526 “d
2529 3416 2757 3591 8,ΡέῙῖΞέ

276 3614 472 3692 atque
502 3610 815 3673 enematis
853 3610 1048 3674 unius
1080 3611 1419 3675 alteriusve
1453 3611 1890 3727 injectionem,
1922 3610 2257 3674 cerevisiae
2285 3611 2470 3675 tenui
2495 3607 2554 3653 ¹²0
2529 3559 2591 3654 ΘΠ
2594 3610 2774 3656 ⁸¹²d²²¹¹¹

272 3712 661 3777 instillatum
690 3733 807 3795 pro
834 3720 996 3796 potu
1026 3713 1348 3777 ordinario
1377 3713 1690 3792 concessi,
1724 3713 1836 3796 qui
1863 3713 2040 3776 intra
2069 3713 2204 3777 dies
2234 3735 2520 3797 paucose
2493 3673 2713 3784 effigi}

274 3820 343 3877 et
372 3835 673 3878 somnum
713 3814 1115 3895 conciliabat,
1147 3822 1214 3880 et
1249 3816 1612 3893 sanitatem,
1646 3816 1958 3899 superatis
2001 3816 2467 3899 symptomatis‚

272 3938 467 4000 aegro
486 3918 831 3982 reddebat:
865 3918 1036 4002 quod
1060 3919 1319 4001 quidem
1349 3919 1529 3983 nulla
1551 3919 1676 3982 alia
1705 3918 2012 3983 methodo
2032 3920 2280 3983 efficere
2301 3920 2468 3982 vale-

271 4020 445 4085 bam.
532 4021 755 4104 Atque
803 4021 927 4085 hoc
968 4022 1271 4086 reiterata
1314 4042 1501 4104 saepe
1552 4021 1949 4106 experientia
1995 4021 2159 4084 mihi
2210 4019 2468 4084 abunde

272 4122 631 4189 constabat.

370 4226 536 4311 [23]
591 4226 783 4291 Febri
826 4226 997 4307 huic,
1045 4234 1379 4307 autumno,
1430 4229 1621 4308 1675,
1669 4234 1736 4291 et
1795 4226 2182 4310 dejectiones
2234 4224 2464 4308 dysen-
2491 4233 2660 4297 Dysen
2665 4244 2735 4284 te-

269 4329 507 4393 tericae
552 4330 1107 4414 superveniebant,
1150 4329 1531 4415 quandoque
1577 4337 1643 4393 et
1685 4329 2039 4392 diarrhoea.
2130 4325 2298 4390 Istas
2341 4348 2462 4410 ego
2487 4298 2748 4413 311¹:ng-

400 4462 427 4495 k
461 4458 538 4507 Cf.
563 4460 1088 4521 Dume.1‹;p⁸·se.§26.
1700 4454 2209 4519 ¹e..rped]—-d⁸‘ned.
2235 4454 2330 4505 7’6.
