3138 5006
982 292 1509 362 TRACTATUS
1554 291 1654 358 11.
1797 323 1802 330 ·
2284 291 2416 358 4⁷3

216 460 411 526 etiam
444 455 925 524 corroborantia
966 455 1242 522 subinde
1285 456 1624 536 exhibere,
1667 461 1910 536 tamen,
1940 475 2088 521 cum
2131 459 2275 520 tota
2313 473 2418 520 res
2476 466 2562 516 Da
2589 466 2700 514 Hr-

214 563 285 628 in
320 563 447 629 isto
492 562 701 628 solum
745 561 1006 626 cardine
1042 561 1317 626 vertitur
1357 571 1435 626 ut
1476 560 1740 644 sanguis
1779 559 2248 638 corroboretur,
2279 579 2418 624 om·
2497 545 2634 633 {²⁸5¹
2643 545 2690 580 Ε·

214 669 372 733 nino
399 687 661 732 neeesse
689 673 787 732 est
814 673 892 730 ut
922 689 962 730 a
988 665 1357 730 catharticis
1388 664 1848 730 abstineamus.
2441 637 2603 752 {2²³3
2615 635 2725 734 ‘iffi'

312 771 479 856 [39.]
530 769 919 834 Notandum
964 775 1062 833 est
1109 776 1349 848 autem,
1391 788 1660 852 aegrum
1703 789 1838 832 non
1883 785 2138 851 semper
2181 764 2416 845 sanari,
2442 753 2659 814 gebitm.

216 875 503 959 quamvis
530 873 793 960 utrique
820 870 1209 936 indicationi
1244 869 1760 946 satisfecerimus,
1789 868 1860 932 id
1889 875 2008 949 est,
2037 875 2184 932 tum
2213 889 2418 952 aquae

215 979 289 1042 in
328 977 673 1042 abdomine
714 985 1057 1060 congestae
1091 973 1358 1038 omnino
1402 973 1673 1038 eductae
1713 972 1980 1052 fuerint,
2024 978 2172 1037 tum
2219 973 2420 1036 etiam

216 1079 655 1146 calefacientia
673 1086 741 1144 et
770 1078 1251 1144 corroborantia
1276 1084 1502 1162 postea
1530 1075 1614 1140 ad
1641 1077 2151 1160 praecavendum
2179 1097 2422 1141 novum

216 1203 532 1268 aquarum
572 1187 961 1266 proventum
1002 1179 1249 1244 fuerint
1289 1179 1611 1245 exhibita:
1658 1178 1902 1245 etenim
1929 1201 2066 1245 non
2093 1201 2240 1244 raro
2267 1201 2422 1245 con-

215 1284 412 1368 tingit
440 1291 517 1350 ut
544 1283 818 1363 Ascites,
850 1283 936 1348 ad
963 1281 1203 1348 multos
1233 1302 1437 1346 annos
1474 1280 1852 1364 perdurans,
1883 1281 2193 1346 diuturna
2226 1303 2424 1367 aquae

216 1409 363 1452 rum
390 1387 463 1451 in
489 1386 732 1452 viscera
758 1384 1178 1450 incubatione
1206 1405 1433 1450 eorum
1472 1380 1902 1448 substantiam
1929 1384 2328 1469 perverterit,
2361 1391 2426 1448 et

219 1489 400 1574 quasi
439 1489 909 1568 semi-coxerit3
954 1495 1021 1554 et
1049 1495 1189 1552 tam
1230 1487 1372 1571 ipsa
1410 1485 1654 1552 viscera
1692 1509 1888 1571 quam
1930 1495 2145 1572 partes
2187 1488 2430 1552 vicinas

219 1591 575 1677 corruperit
621 1591 905 1677 penitus,
962 1590 1303 1674 glandulas
1349 1591 1935 1675 praeternaturales
1993 1599 2062 1657 et
2118 1592 2430 1657 vesiculas

220 1697 397 1762 sanie
439 1694 733 1778 turgidas
778 1714 1117 1777 generans,
1150 1699 1218 1758 et
1246 1693 1466 1758 omnia
1494 1692 1671 1758 intra
1699 1693 2060 1758 abdominis
2089 1694 2434 1758 cavitatem

221 1807 531 1868 contenta
566 1799 639 1862 in
682 1795 1149 1884 putrilaginem
1192 1796 1376 1882 quasi
1420 1795 1748 1880 quandam
1776 1802 2196 1875 convertens3
2239 1801 2434 1881 prout

221 1907 293 1969 in
339 1924 565 1968 eorum
618 1898 1033 1966 cadaveribus
1084 1900 1201 1987 qui
1259 1898 1342 1964 ab
1389 1898 1616 1963 Ascite
1659 1897 2018 1964 inveterato
2070 1906 2221 1964 sunt
2262 1900 2434 1964 inte-

222 2005 478 2089 rempti,
510 2003 709 2069 sectio
750 2001 1075 2087 patefecit.
1166 2002 1443 2067 Morbus
1487 2001 1574 2066 ad
1614 2001 1793 2065 hunc
1821 2003 2096 2086 gradum
2118 2004 2258 2087 jam
2285 2024 2432 2086 pro-
2459 2009 2668 2058 Morbus
2679 2009 2742 2058 ad

222 2112 461 2184 vectus,
494 2105 650 2170 artis
680 2104 967 2170 subsidia
1000 2106 1343 2189 (quantum
1370 2105 1601 2188 video,)
1637 2106 2020 2174 contemnit.
2083 2106 2430 2172 Nihilomi-
2456 2089 2744 2204 {affixum

222 2230 349 2273 nus
399 2205 647 2272 Medici
692 2212 811 2285 est,
860 2227 1011 2270 cum
1070 2213 1249 2272 certo
1295 2207 1459 2272 scire
1518 2215 1802 2292 nequeat
1854 2216 2173 2294 quantum
2219 2211 2434 2278 adhue
2457 2211 2730 2282 provectus,

224 2333 429 2378 noxae
470 2309 819 2376 visceribus
860 2310 1117 2376 illatum
1154 2310 1371 2391 fuerit,
1402 2311 1805 2377 curationem
1848 2311 2028 2378 omni
2071 2333 2194 2398 ope
2220 2313 2432 2377 moliri
2458 2277 2586 2382 ἓξὲξ
2597 2269 2741 2397 2¹12}-

224 2414 525 2481 remediis
554 2421 693 2478 tam
727 2413 1187 2478 evacuantibus
1233 2434 1427 2497 quam
1470 2413 2070 2493 corroborantibus3
2117 2421 2184 2478 et
2220 2435 2434 2498 neque
2458 2399 2547 2446 ”it-

228 2519 445 2587 animo
473 2503 650 2602 ipsus
680 2516 927 2597 cadere,
958 2510 1171 2602 rieque
1200 2538 1395 2601 aegro
1437 2522 1515 2581 ut
1559 2516 1750 2582 cadat
1779 2524 2004 2582 auctor
2030 2536 2188 2595 esse,
2221 2515 2432 2581 debet.
2459 2477 2738 2593 3,ᾟῖἒῇ

230 2620 359 2685 Cui
384 2618 481 2683 rei
502 2618 584 2682 ob
613 2616 783 2682 hanc
811 2618 1221 2701 potissimum
1248 2640 1507 2685 causam
1530 2619 1746 2685 danda
1763 2626 1861 2684 est
1891 2642 2104 2705 opera,
2129 2619 2434 2704 quoniam
2460 2609 2624 2721 2¹33,
2636 2624 2738 2721 ¹3¹¹

229 2727 303 2790 in
344 2722 683 2809 permultis
722 2722 1078 2803 affectibus,
1108 2722 1321 2788 morbi
1356 2722 1585 2788 fomite
1607 2724 1748 2808 jam
1787 2723 2050 2807 penitus
2085 2721 2434 2800 exantlato,
2459 2737 2586 2797 dere,

230 2828 491 2897 Natura
534 2827 722 2911 (quae
750 2833 973 2891 noctes
1016 2833 1211 2912 atque
1254 2826 1389 2891 dies
1432 2827 1672 2891 nostris
1714 2826 1909 2891 rebus
1949 2826 2242 2909 invigilat
2283 2846 2438 2890 con·

231 2932 557 3015 sulitque,)
621 2938 851 3016 sponte
910 2950 1029 2996 sua
1082 2930 1327 2995 mirum
1382 2930 1455 2995 in
1513 2931 1783 2996 modum
1839 2930 2252 2998 machinatur
2307 2952 2438 3017 quo
2463 2939 2549 2987 sed
2568 2954 2701 2988 mor-

233 3059 501 3122 aegrum
560 3058 601 3101 a
656 3035 1031 3119 perniciosis
1088 3035 1302 3099 morbi
1358 3034 1648 3118 reliquiis
1708 3034 1963 3100 muniat
2021 3055 2096 3100 ac
2153 3041 2436 3101 tueatur.
2464 3003 2730 3131 ξξᾟῖἱῗὲἶ

236 3141 674 3209 Quamobrem
732 3140 943 3205 omnis
1000 3140 1273 3220 Ascites,
1334 3140 1813 3225 quantumlibet
1883 3140 2300 3221 inveteratus,
2373 3148 2440 3207 et
2463 3148 2550 3246 ξεῖ
2570 3148 2710 3196 coep-

235 3242 713 3329 quantumlibet
752 3243 1081 3308 funestam
1110 3243 1361 3307 cladem
1388 3243 1738 3309 visceribus
1766 3243 2080 3323 intulerit,
2109 3242 2288 3309 haud
2315 3242 2441 3308 alio
2464 3212 2698 3325 ςῗῗᾶἷε-

235 3348 429 3414 modo
456 3346 723 3413 tractari
751 3354 964 3432 potest
996 3370 1189 3431 quam
1219 3348 1275 3413 si
1303 3369 1481 3413 nunc
1508 3349 1792 3433 primum
1819 3349 2202 3435 occoeperit.

336 3450 502 3536 [40.]
557 3450 815 3535 Topica,
859 3451 990 3516 sive
1032 3452 1321 3519 remedia
1364 3460 1650 3533 externa,
1686 3454 2026 3538 (quantum
2070 3475 2192 3538 ego
2228 3453 2442 3519 obser·
2467 3462 2653 3528 Topica
2673 3462 2724 3511 in

238 3577 386 3621 vare
421 3554 649 3641 potui,)
684 3554 851 3619 nihil
896 3554 1231 3638 egregium
1272 3554 1345 3619 in
1388 3554 1511 3621 hoc
1552 3556 1780 3622 morbo
1821 3556 2284 3641 praestiterunt
2319 3577 2444 3619 un·
2467 3530 2732 3657 {22¹2}ssss

242 3678 461 3740 quam.
547 3658 649 3721 Ea
688 3656 907 3721 minus
948 3658 1183 3722 saltem
1225 3678 1524 3738 nocuere,
1556 3680 1722 3744 quae
1763 3658 1836 3723 in
1878 3660 2086 3725 forma
2112 3660 2244 3725 sive
2271 3666 2442 3723 cata-
2469 3660 2537 3735 ti?
2560 3658 2640 3707 vel
2660 3658 2724 3735 ,Ῑὶ-

236 3757 571 3843 plasmatis
614 3757 745 3823 sive
786 3758 1113 3825 linimenti
1141 3759 1473 3825 abdomini
1500 3761 1586 3825 ad
1617 3768 1940 3830 tumorem
1974 3761 2446 3831 discutiendum
2465 3729 2750 3835 ᾏἙζῖἰᾏο.

240 3861 487 3927 fuerint
554 3860 919 3945 applicata:
986 3883 1209 3950 neque
1267 3870 1491 3929 tamen
1544 3864 1752 3945 video,
1810 3887 1938 3950 quo
1994 3872 2184 3950 pacto
2243 3884 2446 3948 aquae
2470 3860 2596 3901 ⁰⁶¹²ss

240 3965 493 4051 possint
522 3963 779 4031 discuti.
866 3966 1115 4030 Verum
1144 3972 1211 4031 et
1240 3966 1367 4031 alia
1394 3975 1550 4033 sunt
1579 3990 1620 4033 a
1652 3970 1981 4035 nonnullis
2015 3968 2448 4033 remediorum
2473 3982 2742 4045 Unguenta

238 4070 385 4133 loco
414 4067 827 4151 praescripta,
861 4090 1025 4152 quae
1052 4069 1149 4135 ita
1186 4090 1323 4134 non
1363 4078 1656 4156 prosunt,
1685 4079 1764 4137 ut
1805 4072 2004 4137 etiam
2047 4072 2263 4137 obsint
2305 4072 2448 4155 plu·
2471 4048 2710 4160 ξὲζᾞζζ,

242 4174 503 4238 rimum.
596 4172 991 4256 Hujusmodi
1027 4180 1182 4239 sunt
1219 4181 1561 4258 unguenta
1601 4196 1638 4241 e
1672 4176 2039 4241 catharticis
2078 4175 2448 4241 fortioribus
2471 4178 2675 4225 tioribu·

245 4276 561 4355 confecta,
620 4282 815 4361 atque
875 4274 1206 4342 abdomini
1264 4277 1594 4357 adhibita3
1659 4278 2034 4345 vesicatoria
2089 4278 2248 4343 item
2305 4298 2448 4341 cru-
2470 4242 2726 4370 ἓξὲξ-

246 4379 425 4444 ribus
473 4386 540 4444 et
586 4379 763 4445 tibiis
816 4380 1326 4465 superimposita,
1372 4381 1488 4447 ubi
1531 4380 1700 4447 cutis
1741 4382 1814 4446 in
1859 4403 2167 4466 magnam
2213 4382 2447 4447 molem
2473 4372 2658 4486 ‹if-nfini
2671 4388 2752 4435 Ψ·

246 4482 445 4546 fuerit
503 4488 825 4566 protensa,
890 4484 971 4548 ad
1038 4506 1237 4569 aquas
1292 4485 1541 4566 'scilicet
1615 4485 1738 4550 hoc
1809 4494 1998 4569 pacto
2064 4485 2446 4551 educendas.
2471 4444 2724 4568 2123&-

250 4586 623 4673 Utrumque
665 4586 789 4652 hoc
833 4604 1037 4671 genus
1081 4586 1527 4653 medicationis
1575 4594 1674 4655 est
1717 4589 2186 4676 periculosum:
2234 4610 2378 4656 cum
2415 4610 2453 4654 a
2475 4567 2702 4683 garnei-

1289 4694 1401 4754 31·
