3138 5006
1023 1123 1459 1174 CLARISSIMO
1505 1123 1684 1174 VIRO

711 1305 1122 1381 ΤΗΟΜΑΕ
1155 1305 1760 1400 ,εῩΒΕΝΗΑΜ,
1822 1308 2013 1384 Μ.]).

345 1492 618 1554 NEMO
659 1493 902 1574 uspiam
952 1493 1363 1572 Medicorum,
1422 1495 1534 1556 Vir
1577 1494 2041 1572 Eruditissime,
2087 1493 2290 1558 adhuc
2337 1493 2462 1558 vim

259 1596 426 1658 aeris
462 1601 523 1658 et
560 1594 946 1678 influentiam
987 1596 1058 1658 in
1086 1596 1356 1658 humana
1386 1615 1647 1677 corpora
1677 1601 1911 1660 attente
1932 1597 2267 1678 perpendit
2282 1623 2305 1670 ;
2350 1617 2463 1662 nec

253 1699 324 1760 in
367 1699 500 1761 vita
544 1704 759 1762 nostra
791 1699 1198 1779 perennanda
1247 1719 1402 1784 quas
1445 1700 1579 1781 aqit
1609 1704 1850 1780 partes,
1897 1719 2107 1762 eorum
2157 1702 2461 1782 quispiam

257 1801 671 1864 consideravit
711 1802 908 1874 satis;
953 1802 1233 1884 viresque
1269 1821 1422 1883 quas
1465 1803 1665 1865 exerit
1708 1803 1775 1864 in
1799 1801 2257 1883 fermentando,
2303 1805 2460 1866 alte-

251 1904 470 1982 rande,
502 1909 562 1966 et
592 1903 1116 1982 circumducendo,
1147 1905 1526 1986 sanquinem,
1558 1910 1669 1968 aut
1697 1904 1765 1967 in
1792 1904 2058 1967 motibus
2088 1905 2459 1968 animalibus

255 2007 703 2089 quibuscunque
732 2008 1110 2089 peragendis
1153 2007 1327 2089 cujus
1353 2008 1439 2070 sit
1478 2007 1765 2089 enerqiae
1792 2013 1852 2071 et
1881 2008 2210 2093 efficaciae,
2240 2009 2463 2072 horum

251 2131 374 2174 non
402 2111 630 2192 aliquis
665 2111 942 2184 notavit,·
988 2130 1178 2192 neque
1217 2110 1485 2193 (jusdem
1515 2111 1872 2192 temperiem
1913 2112 2281 2190 naturalem
2301 2112 2457 2175 alte-

250 2214 524 2276 rationes
569 2213 938 2295 multiplices
983 2218 1046 2276 et
1087 2215 1476 2292 mutationes,
1528 2233 1685 2296 quas
1731 2213 2243 2278 constitutiones
2287 2215 2463 2278 haud

239 2337 574 2398 perperam
606 2317 927 2398 indiqitas,
957 2337 1035 2380 ne
1074 2318 1290 2380 leviter
1319 2317 1562 2399 quidem
1596 2318 1696 2380 vel
1718 2317 1979 2396 Medici,
2008 2318 2108 2380 vel
2130 2319 2455 2382 Historiae

248 2421 584 2486 Naturalis
620 2421 972 2503 Scriptores
1001 2421 1360 2505 attiyerunt,
1390 2422 1581 2484 multo
1620 2422 1821 2484 minus
1850 2424 2244 2502 perscrutari
2288 2429 2457 2487 sate.

241 2530 486 2607 qerunt.
591 2526 765 2589 Fieri
813 2544 963 2589 sane
1012 2526 1240 2610 nequit,
1302 2545 1440 2589 cum
1497 2525 1567 2587 in
1626 2544 1831 2588 omnes
1889 2527 2169 2607 corporis
2204 2533 2450 2608 partes,-

247 2632 433 2693 etiam
475 2628 1016 2707 reconditissimas,
1055 2632 1166 2691 ae‘r
1207 2648 1338 2692 sese
1379 2628 1668 2706 insinuet,
1715 2629 1863 2713 quin
1898 2648 2053 2710 quas
2090 2630 2254 2693 subit
2294 2632 2447 2693 alte-

246 2734 522 2797 rationes
577 2738 638 2796 et
695 2732 1063 2797 mutationes
1113 2752 1154 2795 a
1203 2730 1387 2794 rebus
1442 2731 1661 2813 quibus
1708 2732 2153 2813 impreqnatur,
2202 2732 2449 2797 eosdem

245 2836 536 2919 sanquini
563 2842 622 2899 et
659 2837 860 2899 succis
900 2836 1296 2899 communicet
1325 2840 1386 2897 et
1414 2835 1773 2915 imprimat,-
1818 2834 1978 2897 unde
2004 2840 2077 2898 ut
2106 2836 2453 2916 plurimum

245 2940 325 3002 ab
354 2941 474 3003 hac
499 2940 598 3003 vel
622 2938 736 3002 illa
761 2957 970 3020 prava
1008 2938 1176 3001 aeris
1217 2937 1649 3001 constitutione
1688 2936 1893 3000 oritur
1930 2937 2113 3018 hujus
2140 2938 2240 3000 vel
2278 2939 2451 3001 illius

243 3043 468 3107 indolis
517 3061 728 3124 prava
791 3043 1114 3124 sanguinis
1170 3042 1490 3105 diathesis.
1617 3041 1861 3123 Optimo
1928 3041 2137 3123 itaque
2193 3044 2451 3106 consilio

245 3144 736 3211 Observationes
765 3144 1058 3210 Medicas
1087 3144 1256 3209 circa
1283 3144 1668 3209 Morborum
1697 3143 2061 3208 Acutorum
2084 3142 2444 3209 Historiam

241 3256 309 3315 et
338 3248 755 3313 Curationem
765 3251 962 3331 juoeta
989 3249 1202 3311 varias
1224 3268 1524 3313 annorum
1554 3253 1617 3311 et
1638 3248 1964 3311 eorundem
1987 3250 2275 3329 partium
2298 3270 2448 3313 con-

237 3352 587 3415 stitutiones
614 3352 959 3431 instituisti,
983 3371 1120 3415 cum
1147 3352 1216 3414 in
1244 3352 1464 3415 iisdem
1486 3352 1654 3413 aeris
1682 3350 1951 3413 actiones
1976 3351 2045 3413 in
2060 3352 2438 3434 sanquinem,

238 3474 469 3534 succos,
501 3461 561 3519 et
593 3456 852 3537 spiritus
866 3455 1263 3537 praesertim,
1301 3452 1389 3539 (si
1425 3455 1557 3535 ipse
1596 3473 1719 3517 non
1755 3454 1840 3516 sit
1881 3454 2213 3534 spirituum
2246 3462 2439 3519 mate-

235 3558 382 3641 ria,)
418 3557 895 3639 conspiciantur.
984 3558 1075 3620 Et
1104 3558 1309 3620 nullus
1339 3556 1552 3621 dubito
1583 3556 1729 3639 quin
1758 3555 2049 3619 Febrium
2070 3558 2326 3638 indoles,
2356 3560 2439 3622 ab

237 3682 536 3725 annorum
555 3662 845 3742 temperie
865 3663 930 3723 in
951 3659 1170 3743 quibus
1184 3660 1643 3742 grassabantur
1664 3658 2005 3738 observata,
2024 3662 2441 3743 utilissimam,

233 3766 292 3827 si
342 3785 463 3829 non
504 3766 771 3842 unicam,
809 3763 1156 3827 methodum
1200 3762 1520 3827 constituit
1563 3763 1653 3826 ad
1678 3762 1941 3844 praxim
1983 3764 2436 3831 stabiliendam.

235 3867 440 3949 Perqe
481 3868 708 3949 itaque,
753 3872 814 3930 et
857 3866 1070 3949 siquae
1114 3865 1316 3929 adhuc
1357 3870 1600 3928 restant
1650 3864 2115 3929 Observationes
2155 3868 2443 3931 Febrium

233 3990 532 4033 annorum
569 3969 919 4051 nuperrime
952 3970 1316 4050 elapsorum,
1342 3968 1465 4050 fac
1505 3974 1578 4032 ut
1608 3969 1831 4050 palam
1858 3964 2047 4047 fiant,
2093 3989 2216 4050 qua
2261 3969 2329 4032 in
2370 3990 2441 4033 re

233 4093 416 4155 quam
444 4073 712 4135 manime
741 4072 995 4136 humani
1017 4071 1265 4154 qeneris
1292 4072 1483 4135 saluti
1501 4072 1873 4153 prospicies.

317 4176 396 4239 In
419 4177 582 4239 Sect.
601 4175 836 4257 primo,
860 4192 994 4255 cap.
1021 4174 1250 4256 quinto,
1285 4174 1351 4261 [ξ
1385 4176 1470 4238 33
1491 4175 1616 4258 sq.]
1647 4175 1829 4238 Libri
1858 4177 1991 4256 Ταῖ,
2005 4174 2234 4259 paucis
2256 4174 2439 4256 eqisti

232 4279 308 4343 de
326 4300 442 4342 usu
466 4278 730 4342 Corticis
756 4276 980 4355 Indici,
1011 4281 1071 4341 et
1101 4276 1367 4359 ejusdem
1399 4278 1726 4341 exhibendi
1754 4280 2053 4343 methodo.
2129 4278 2437 4361 Equidem

229 4384 356 4446 scio
379 4381 674 4464 quosdam
695 4380 869 4443 haud
883 4378 1080 4462 infimi
1100 4380 1374 4444 subsellii
1394 4380 1697 4458 Medicvs,
1722 4382 1827 4462 qui
1854 4381 1923 4444 in
1942 4402 2169 4464 mayna
2191 4382 2435 4463 quanti-

230 4490 360 4550 tate
381 4490 442 4548 et
472 4484 608 4547 dosi
633 4484 879 4565 saepius
907 4482 1168 4564 repetita
1198 4504 1334 4546 eum
1356 4483 1679 4558 exhibeam·
1728 4484 1885 4548 alios
1912 4485 2078 4565 item,
2103 4487 2208 4568 qui
2236 4506 2315 4550 eoe
2336 4506 2433 4548 eo-

1276 4606 1320 4648 N
1353 4607 1402 4651 n
