3138 5006
643 239 774 301 374
1267 234 1657 300 'PHOMAE
1706 237 2223 302 SYDENHAM

371 429 451 478 D„
477 423 577 470 Ar·
643 397 906 482 guinem
939 396 1361 480 perturbante
1389 398 1674 462 exoritur
1710 407 2073 483 symptoma
2097 401 2280 480 illud,
2308 407 2446 466 tam
2487 402 2865 486 Hystericis

339 486 610 602 mags
643 522 836 584 quam
869 497 1464 584 Hypochondriacis
1484 499 1663 564 haud
1689 502 1992 582 insolens,
2022 503 2120 585 (ut
2150 524 2342 586 supra
2382 505 2449 590 [ᾧ
2484 505 2618 588 73]
2660 515 2859 570 nota-

640 612 892 694 vimus,)
921 610 1092 694 quod
1121 631 1352 694 nempe
1375 629 1831 694 saepenumero
1852 612 2107 676 urinam
2136 613 2411 678 reddant
2432 615 2673 678 claram
2699 617 2853 679 lim-

328 703 572 766 ¹¹¹¹¹Pid⁸‘·
639 714 982 799 pidamque
1011 713 1206 776 simul
1233 721 1300 777 et
1328 714 1677 796 copiosam:
1724 733 1875 777 cum
1904 715 2081 778 enim
2110 716 2441 798 sanguinis
2470 719 2855 782 oeeonomia

640 816 912 880 subinde
945 816 1412 899 interpellatm·‚
1452 815 1626 899 quod
1663 815 2051 899 importatur
2090 838 2303 880 serum
2344 820 2499 882 satis
2536 819 2647 882 diu
2684 819 2849 883 reti-

636 941 792 984 nere
830 919 1056 1002 nequit
1095 939 1304 1000 aeger,
1349 918 1465 982 sed
1499 918 1664 982 illud
1699 919 1875 1002 prius
1915 919 2187 983 dimittit
2230 943 2425 1004 quam
2462 921 2603 985 istis
2640 923 2849 1004 parti·

635 1023 795 1086 culis
826 1023 1064 1103 salinis,
1097 1046 1370 1107 quarum
1410 1047 1530 1110 ope
1559 1027 1735 1091 color
1764 1027 1845 1090 ad
1884 1027 2191 1090 citrinum
2224 1027 2479 1091 traduci
2508 1028 2845 1108 debuerat,

635 1126 1066 1208 impraegnari
1103 1127 1408 1210 potuerit.
1501 1127 1705 1212 Cujus
1742 1129 1837 1192 rei
1882 1129 2331 1212 quotidianum
2376 1130 2689 1194 habemus
2728 1151 2845 1194 ex-

633 1229 1067 1310 perimentum
1094 1229 1165 1291 in
1193 1229 1304 1307 eis,
1338 1231 1466 1312 qui,
1491 1251 1641 1293 cum
1670 1231 1817 1314 plus
1852 1233 2007 1295 satis
2034 1232 2318 1314 liquoris,
2340 1233 2619 1296 maxime
2646 1241 2845 1296 tenu-

633 1330 783 1394 ioris
813 1339 1004 1414 atque
1035 1332 1454 1410 attenuantiS,
1483 1332 2045 1416 ingurgitaverint,
2076 1333 2305 1398 lotium
2346 1356 2496 1399 mox
2522 1335 2842 1418 limpidis-

635 1433 868 1497 simum
914 1441 1288 1497 excernant.
1381 1433 1530 1498 Quo
1568 1435 1640 1498 in
1680 1455 1831 1498 casu
1872 1437 2135 1520 sanguis
2174 1436 2255 1500 ab
2295 1457 2373 1500 ea
2411 1438 2535 1500 seri
2578 1439 2842 1520 quanti-

632 1543 787 1613 tate,
833 1535 938 1599 cui
979 1535 1322 1600 retinendo
1365 1557 1624 1619 prorsus
1667 1536 1876 1620 impar
1918 1546 2035 1616 est,
2082 1538 2271 1621 plane
2317 1539 2624 1618 devictus,
2668 1541 2843 1604 illud

631 1639 896 1702 omnino
916 1639 1256 1723 limpidum
1279 1638 1539 1717 amittit,
1572 1639 1851 1703 necdum
1887 1661 1927 1703 a
1954 1640 2233 1723 eorporis
2264 1641 2466 1704 succis
2494 1641 2837 1720 infectum,

632 1740 713 1804 ob
745 1761 991 1804 moram
1013 1742 1191 1825 justo
1219 1739 1598 1804 breviorem.

325 1873 552 1922 Historia.
729 1844 895 1927 [86.]
948 1842 1202 1907 Tertius
1234 1844 1371 1926 jam
1401 1843 1619 1926 agitur
1665 1864 1873 1907 annus
1904 1865 1945 1906 a
1978 1864 2107 1925 quo
2135 1843 2391 1908 Nobilis
2431 1844 2694 1928 quidam
2724 1869 2837 1911 me
2892 1873 2912 1886 ·

630 1944 752 2009 sibi
795 1945 1130 2009 Medicum
1172 1945 1445 2023 volebat,
1501 1944 1612 2028 qui
1656 1945 1939 2010 Colicam
1986 1944 2632 2029 Hypoehondriacam
2690 1951 2833 2031 pati

627 2049 788 2112 mihi
829 2049 1185 2123 videbatur,
1233 2048 1315 2112 ad
1357 2048 1720 2130 passionem
1762 2049 2014 2112 iliacam
2057 2049 2191 2111 fere
2235 2049 2666 2128 accedentem,
2716 2051 2829 2114 do-

625 2150 886 2232 loreque
937 2157 1001 2213 et
1045 2151 1293 2213 vomitu
1335 2152 1719 2229 enormiori3
1782 2173 1909 2233 quo
1966 2151 2193 2215 morbo
2252 2152 2366 2215 diu
2416 2154 2831 2236 multumque

625 2252 836 2315 fuerat
876 2259 1158 2330 vexatuS,
1200 2259 1264 2315 et
1309 2260 1568 2316 tantum
1612 2275 1747 2317 non
1790 2255 2052 2318 fractus.
2144 2255 2269 2318 Per
2314 2275 2571 2328 omnem
2613 2256 2829 2320 morbi

626 2353 966 2417 decursum
996 2354 1256 2417 sedulus
1278 2355 1720 2434 animadverti,
1745 2357 1935 2438 quod,
1960 2356 2073 2420 ubi
2099 2357 2373 2440 pessime
2402 2379 2471 2420 se
2498 2357 2825 2437 habuerit,

620 2456 810 2520 urina
857 2456 1123 2539 limpida
1175 2463 1240 2520 et
1283 2477 1466 2521 exors
1517 2459 1747 2523 coloris
1800 2479 2051 2543 semper
2098 2459 2317 2539 fuerit,
2363 2459 2621 2543 quando
2668 2481 2825 2525 vero

618 2560 810 2643 paulo
851 2559 1100 2638 melius,
1133 2559 1212 2623 ad
1253 2560 1560 2625 citrinum
1590 2568 1881 2645 vergeret
1924 2562 2054 2626 illa.
2147 2563 2347 2627 Hunc
2390 2563 2493 2626 die
2539 2563 2821 2646 quodam

595 2662 859 2741 adienS,
904 2661 1160 2725 urinam
1203 2664 1502 2746 conspexi
1547 2684 1740 2746 quam
1784 2664 1993 2728 tribus
2035 2664 2277 2729 vicibus
2322 2674 2699 2744 exereverat,
2746 2668 2821 2730 in

617 2766 878 2830 matulis
908 2765 1181 2829 totidem
1218 2773 1626 2843 reservatam,
1658 2766 1891 2830 citrino
1920 2768 2131 2831 colore
2168 2767 2559 2850 praeditam:
2606 2769 2819 2833 laetus

615 2870 750 2953 ipse
800 2869 1143 2952 hilarisque
1192 2868 1409 2932 cibum
1461 2888 1539 2931 ex
1592 2866 1925 2937 ean-§moos-
1976 2869 2251 2952 aliquem
2302 2872 2439 2953 jam
2490 2892 2819 2935 assumere

615 2973 1066 3050 meditabatur,
1097 2971 1408 3035 invitante
1450 2971 1647 3054 (quod
1674 2972 1833 3034 mihi
1874 2972 2168 3054 dicebat,)
2205 2973 2530 3057 appetitu5
2575 2975 2646 3037 in
2686 2996 2817 3059 quo

614 3076 920 3158 temporis
971 3074 1238 3137 articulo
1285 3072 1735 3155 superveniens
1775 3072 2035 3155 quidam
2074 3094 2355 3158 eousque
2391 3073 2587 3138 bilem
2638 3096 2813 3139 com-

615 3174 930 3252 movebat,
968 3180 1044 3236 ut
1085 3174 1405 3255 extemplo
1447 3182 1787 3257 aegrotans
1830 3175 2146 3238 matulam
2186 3176 2576 3260 deposceret,
2616 3200 2811 3262 quam

611 3276 804 3339 urina
857 3274 1318 3358 limpidissima,
1371 3277 1745 3359 crystallum
1804 3277 2013 3341 colore
2072 3280 2453 3359 aemulante,
2498 3280 2631 3345 fere
2690 3282 2811 3344 im-

610 3375 828 3459 plevit.

307 3501 403 3565 Pty
405 3502 468 3551 ail
469 3505 565 3551 sim
711 3478 874 3563 [872]
917 3478 1110 3541 Forte
1137 3478 1333 3541 etiam
1364 3501 1404 3542 a
1430 3480 1761 3563 spiritibus
1792 3484 2171 3565 sanguinem
2199 3484 2295 3547 ita
2316 3486 2809 3553 molestantibus

297 3570 414 3682 01in
389 3570 529 3618 sten·
610 3582 848 3665 pendet
891 3580 1270 3667 ptyalistnus
1313 3580 1422 3645 ille
1467 3583 1825 3666 Hystericis
1868 3586 2216 3666 familiaris,
2248 3609 2399 3651 cum
2442 3590 2526 3655 ad
2567 3592 2807 3656 multas

610 3685 999 3769 septimanas
1042 3684 1302 3747 salivam
1332 3694 1616 3767 expuant
1644 3693 1928 3768 tenuem,
1959 3690 2225 3773 perinde
2254 3713 2329 3755 ac
2372 3694 2427 3756 si
2468 3703 2809 3777 unguento

609 3810 688 3857 ex
737 3787 1065 3852 Mercurio
1109 3786 1352 3851 fuerint
1403 3787 1763 3853 delibutae:
1819 3791 2093 3857 durante
2146 3794 2318 3857 enim
2372 3796 2493 3860 hoc
2542 3798 2807 3863 turbido

607 3890 940 3975 sanguinis
975 3896 1169 3968 statu,
1199 3890 1272 3953 in
1307 3912 1435 3974 quo
1475 3893 1946 3958 excretionibus
1986 3895 2069 3958 ad
2096 3895 2389 3961 Naturae
2424 3900 2805 3966 methodum
2874 3934 2879 3939 ·

606 3995 937 4081 exigendis
979 3995 1186 4077 impar
1227 3993 1282 4055 is
1327 4000 1444 4073 est,
1476 4014 1710 4073 serum,
1755 4003 2005 4061 motum
2049 3998 2225 4063 hunc
2268 4000 2594 4066 inversum
2634 4004 2805 4069 forte

607 4099 728 4164 sibi
761 4097 1125 4175 vendicans,
1156 4118 1290 4160 non
1321 4096 1457 4179 jam
1486 4096 1556 4160 in
1596 4118 1782 4161 renes
1823 4120 1941 4183 pro
1979 4100 2121 4183 lege
2162 4102 2459 4167 Naturae
2496 4126 2802 4171 exonera-

605 4209 732 4276 tur,
767 4201 877 4265 sed
917 4221 1030 4283 per
1060 4198 1434 4263 arteriarum
1477 4200 1913 4264 extremitates
1953 4202 2023 4265 in
2064 4204 2401 4285 glandulas
2432 4206 2799 4290 deponitur,

605 4308 671 4364 et
700 4324 814 4383 per
845 4302 1075 4364 ductus
1107 4300 1389 4363 salivales
1421 4300 1651 4364 salivae
1682 4302 1887 4366 forma
1913 4306 2145 4386 prodit.
2214 4306 2398 4370 Idem
2430 4308 2558 4373 dici
2586 4318 2801 4393 potest

604 4402 682 4464 de
713 4402 1043 4465 nocturnis
1072 4402 1212 4465 istis
1242 4402 1601 4480 sudoribus,
1628 4404 1856 4486 quibus
1888 4406 2203 4471 foeminae
2230 4407 2292 4470 H
2297 4412 2611 4493 ystericae
2635 4436 2799 4478 non-
