3138 5006
726 251 1166 316 EPISTOLA
1211 253 1269 316 Ι.
1317 250 1972 316 RESPONSORIA.
2317 252 2448 316 289

236 410 365 475 bus
394 410 979 477 intermittentibus
1001 412 1391 499 quandoque
1422 414 1882 497 supervenerit.
1936 413 2194 497 Nempe
2223 434 2446 478 earum
2475 438 2556 487 De
2573 439 2752 489 Mona.

238 514 611 598 paroxysmi
639 534 775 577 non
817 535 968 579 cum
994 514 1207 598 rigore
1244 522 1309 579 et
1338 516 1619 594 horrore,
1651 538 1812 602 quas
1852 524 2080 601 postea
2111 517 2308 581 febris
2337 538 2444 581 ex,
2499 504 2730 620 {⁷213}ae

238 613 421 697 cipit,
451 614 863 695 invadebant,
894 616 1009 681 sed
1042 638 1233 700 aeger
1260 617 1489 682 iisdem
1515 619 1710 702 plane
1747 619 2194 704 symptomatis
2231 626 2444 684 tenta-
2471 666 2692 722 ummo,

238 715 441 779 batur
468 737 543 781 ac
582 716 637 779 si
670 718 1003 801 apoplexia
1028 740 1178 783 vera
1214 718 1585 800 laborasset,
1617 742 1785 807 quae
1812 728 2036 787 tamen
2073 722 2242 785 nihil
2269 721 2447 786 aliud
2471 724 2618 773 1¹¹⁸&ss
2640 726 2730 773 sti-

239 824 413 883 esset
458 819 813 906 (utcunque
850 820 1027 886 hunc
1070 822 1373 886 affectum
1417 824 1893 906 aemularetur,)
1939 846 2138 909 quam
2177 825 2318 909 ipsa
2353 824 2445 889 fe·
2469 796 2756 917 fssffiffife

241 921 381 985 bris
410 930 605 1006 caput
633 923 990 1007 impetens3
1032 930 1112 989 ut
1153 945 1233 989 ex
1274 925 1417 989 aliis
1460 926 1682 1009 signis,
1713 928 1810 992 ita
1851 948 1932 993 ex
1959 928 2170 993 colore
2197 928 2444 1007 urinae,
2471 932 2738 1031 :auggg-{¹¹²

244 1025 405 1088 satis
448 1025 759 1111 liquebat,
792 1047 959 1111 quae
996 1026 1069 1089 in
1101 1027 1691 1092 intermittentibus
1719 1036 1796 1093 ut
1826 1029 2176 1113 plurimum
2211 1030 2446 1095 rubore
2471 1046 2662 1095 bantur.

244 1134 539 1191 saturato
578 1136 775 1206 extat,
806 1129 1013 1214 qualis
1057 1129 1343 1193 cernitur
1369 1130 1441 1192 in
1471 1130 1664 1194 urina
1706 1151 1927 1195 eorum
1959 1132 2072 1218 qui
2115 1131 2316 1195 ictero
2354 1132 2446 1194 la-
2475 1126 2672 1239 ἓῑῑὲῥῑξθ
2681 1128 2758 1241 53¹,-

242 1232 501 1310 borant,
550 1232 675 1297 etsi
710 1253 847 1296 non
887 1231 1045 1296 adeo
1083 1233 1338 1297 intense
1384 1232 1598 1311 rubet,
1639 1239 1706 1297 et
1739 1234 1980 1317 pariter
2015 1234 2450 1298 sedimentum
2473 1207 2701 1305 muffuffi,
2723 1210 2758 1242 ¹-

244 1334 513 1419 deponit
541 1335 871 1418 pulverem
898 1335 1177 1400 laterum
1206 1336 1339 1398 fere
1366 1334 1672 1400 referens.
1763 1334 1912 1401 Hoc
1951 1341 2166 1400 autem
2193 1335 2268 1397 in
2298 1354 2450 1399 casu
2477 1345 2654 1395 enutio
2675 1346 2736 1395 de

244 1438 729 1522 quantumlibet
772 1438 1217 1502 evacuationes
1261 1458 1505 1516 omnes,
1543 1437 1988 1522 cujuscunque
2032 1436 2296 1500 demum
2340 1456 2448 1519 ge-
2473 1410 2713 1524 Ξξὲξζῗξ,

244 1539 419 1602 neris
448 1538 603 1618 sint,
632 1539 904 1604 indicari
931 1540 1251 1618 videntur,
1275 1539 1358 1604 ad
1385 1538 1784 1603 revellendos
1812 1539 2055 1603 scilicet
2084 1561 2162 1604 ex
2189 1539 2450 1606 cerebro

244 1640 572 1721 humores,
601 1650 681 1708 ut
708 1644 780 1707 in
810 1644 1141 1729 apoplexia
1167 1643 1473 1727 primaria
1510 1644 1651 1708 fieri
1691 1644 1891 1722 solet3
1938 1644 2200 1709 eaedem
2227 1652 2452 1710 tamen

244 1744 513 1809 omniuo
543 1745 939 1810 omittendae
980 1754 1153 1824 sunt,
1184 1753 1411 1830 utpote
1440 1768 1609 1832 quae
1647 1747 2029 1829 originariae
2057 1746 2252 1831 hujus
2282 1770 2452 1830 sym-

243 1848 558 1930 ptomatis
606 1868 855 1926 causae,
904 1847 1071 1912 febri
1118 1869 1352 1932 nempe
1402 1847 1885 1926 intermittenti‚
1928 1868 2188 1931 prorsus
2232 1849 2453 1913 adver-

247 1955 497 2025 sentur,
528 1970 604 2013 ae
630 1950 901 2033 proinde
927 1957 1206 2015 mortem
1235 1958 1602 2029 accersant3
1647 1950 1825 2037 quod
1853 1958 1918 2015 et
1947 1951 2084 2035 ipse
2111 1951 2282 2016 novi.
2361 1953 2454 2018 At

248 2072 285 2115 e
306 2058 557 2130 contra,
567 2053 1036 2136 expectandum
1055 2053 1259 2119 donec
1280 2074 1700 2138 paroxysmus
1718 2060 1946 2136 sponte
1969 2074 2088 2117 sua
2108 2056 2456 2136 evanuerit,

250 2176 386 2239 quo
427 2162 719 2239 tempore
764 2156 1022 2235 Cortex,
1065 2158 1259 2221 modo
1304 2156 1497 2221 citius
1539 2154 1716 2218 idem
1762 2156 1971 2238 ingeri
2017 2177 2152 2220 non
2199 2158 2456 2240 poterit,

248 2261 736 2345 quamprimum
774 2267 873 2326 est
908 2260 1327 2338 exhibendus,
1360 2264 1426 2323 et
1459 2258 1533 2321 in
1575 2256 1928 2321 intervallis
1967 2256 2048 2322 ab
2087 2258 2460 2343 hujusmodi

249 2362 723 2427 accessionibus
752 2362 969 2427 liberis
997 2361 1170 2427 idem
1202 2361 1425 2426 sedulo
1453 2357 1863 2443 repetendus,
1893 2381 2102 2446 usque
2131 2360 2288 2425 dum
2317 2382 2464 2445 per-

248 2467 421 2532 fecte
452 2466 847 2531 convaluerit
876 2486 1083 2550 aeger.

352 2568 575 2652 [35.]¹m
627 2568 1120 2654 Nonnunquam
1140 2567 1373 2632 accidit
1409 2567 1555 2650 (etsi
1583 2588 1896 2653 perquam
1925 2568 2116 2650 rar0,)
2145 2573 2222 2631 ut
2251 2587 2458 2646 senes,
2485 2590 2634 2646 sene·
2657 2591 2752 2640 im-

248 2671 371 2756 qui
398 2669 514 2733 diu
541 2669 663 2734 hoc
698 2670 922 2735 morbo
960 2677 1153 2735 antea
1186 2670 1584 2749 laborarunt,
1617 2691 1692 2734 ac
1724 2671 1974 2734 interea
1999 2669 2456 2734 venae-sectio-
2482 2657 2768 2769 ζέξξιῐξζζ

251 2772 451 2838 nibus
481 2779 547 2837 et
577 2772 943 2837 catharticis
970 2773 1267 2856 imperite
1294 2773 1540 2836 fuerint
1568 2773 1884 2848 mulctati,
1905 2772 1978 2836 in
2007 2771 2330 2836 diabetem
2357 2771 2456 2834 in-
2480 2785 2638 2832 betem
2657 2785 2747 2861 aii-

252 2874 497 2951 ddant,
528 2873 725 2937 etiam
752 2873 932 2937 febre
952 2874 1091 2957 jam
1112 2873 1393 2957 perfecte
1414 2873 1660 2956 fugata.
1721 2873 1986 2936 Etenim
2013 2893 2163 2936 cum
2192 2871 2456 2954 sanguis
2479 2849 2674 2962 233⁴?
2687 2864 2762 2896 ¹¹¹·

252 2997 503 3054 eorum,
534 2975 773 3038 abhinc
811 2975 1203 3052 debilitatus,
1239 2975 1664 3039 assimilandis
1709 2973 1914 3038 suecis
1953 2974 2014 3038 ei
2050 2973 2244 3037 illatis
2277 2994 2458 3056 pror-

255 3100 368 3143 sus
406 3078 615 3162 impar
652 3077 982 3156 reddatur,
1012 3077 1210 3143 iidem
1246 3098 1362 3162 per
1399 3078 1533 3142 vias
1566 3076 1886 3141 urinarias
1927 3074 2111 3140 crudi
2147 3075 2358 3139 adhuc
2393 3083 2460 3142 et

252 3181 619 3246 inconcocti
664 3181 910 3244 exitum
954 3179 1079 3245 sibi
1124 3186 1487 3267 quaerunt3
1553 3178 1956 3264 proindeque
1999 3198 2153 3260 prae
2205 3179 2464 3261 ingenti

252 3285 484 3348 urinae
514 3283 716 3368 copia,
741 3285 993 3370 quoties
1022 3304 1167 3348 eam
1194 3283 1497 3362 reddunt,
1522 3289 1796 3362 excreta,
1829 3282 2069 3347 sensim
2097 3282 2260 3346 vires
2288 3282 2462 3347 labe·

252 3388 605 3464 faetantur,
663 3392 730 3450 et
788 3387 975 3472 quasi
1034 3385 1399 3452 substantia
1456 3386 1738 3469 corporis
1795 3405 1912 3468 per
1954 3385 2124 3449 hanc
2181 3386 2462 3450 cloacam

256 3488 650 3554 exinanitur.
740 3488 826 3551 In
869 3488 993 3552 hoc
1027 3489 1283 3567 affectu,
1315 3488 1417 3552 uti
1456 3495 1522 3552 et
1564 3487 1638 3551 in
1674 3487 1852 3552 omni
1891 3486 2164 3566 diabete,
2195 3509 2276 3552 ex
2303 3509 2460 3573 qua-
2489 3513 2552 3564 In
2573 3519 2708 3568 omni

250 3612 517 3678 cunque
560 3588 887 3676 προφάσει
929 3591 1247 3674 originem
1290 3589 1504 3669 ducat,
1551 3590 1876 3654 curativae
1917 3588 2340 3656 indicationes
2380 3590 2461 3654 ad
2487 3580 2768 3707 ἓξὲξξῗηω·

254 3693 647 3778 sanguinem
689 3693 1187 3774 invigorandum
1236 3689 1928 3777 corroborandumque,
1974 3713 2050 3757 ac
2097 3692 2339 3776 pariter
2381 3693 2465 3756 ad
2489 3709 2581 3756 dus
2603 3718 2677 3759 est

256 3799 509 3862 fluxum
536 3795 763 3859 urinae
792 3794 1411 3879 praeternaturalem
1440 3793 1985 3876 restringendum,
2017 3795 2284 3859 omnino
2312 3793 2463 3858 diri-
2489 3776 2704 3836 sangzfi..

2491 3852 2756 3905 Methodus

258 3899 511 3986 gendae
541 3905 731 3962 sunt:
778 3903 961 3976 ut,——-
2489 3916 2746 3983 therapeu-

2488 3979 2598 4030 tica.

262 4071 472 4141 [Form.
501 4069 659 4140 53.]··
696 4065 761 4146 R,
800 4067 1089 4122 Theriacae
1113 4066 1468 4121 Andromachi
1492 4069 1902 4138 sesquiunciam,

794 4155 1092 4209 conservae
1116 4152 1419 4206 Flavedinis
1441 4154 1820 4207 Amantiorum
1843 4153 2058 4206 unciam
2083 4168 2264 4216 unam,

794 4238 1093 4294 Diascordii
1114 4238 1475 4304 semiunciam,

794 4325 1101 4381 zinziberis
1124 4325 1361 4391 Conditi,

391 4450 425 4472 ⁸¹
461 4441 540 4492 cf.
568 4443 771 4491 Prot-ese.
798 4441 889 4487 [nt.
915 4454 955 4486 e.
981 4439 1058 4488 37.
1908 4437 1932 4462 ¹¹
1969 4433 2046 4484 ef.
2065 4433 2202 4483 form.
2229 4435 2338 4482 231.

1321 4537 1431 4598 1Ῥ
