3138 5006
352 434 621 483 Rnamul·

376 514 584 549 runos.

355 2280 437 2329 Ab
458 2278 639 2343 anody-

356 2346 433 2393 nis
456 2344 603 2391 absti-

355 2409 588 2465 nendum,

356 2488 563 2536 quorum

355 2553 451 2584 usu
474 2553 601 2586 mor·

357 2603 449 2649 bus
472 2603 582 2664 figl-

352 2671 447 2716 tur.

363 3112 479 3164 Quo
500 3121 625 3162 tem-

360 3193 475 3240 pore
502 3193 618 3240 pur-

358 3241 549 3302 gandua

360 3321 517 3368 aeger.

642 262 774 327 258
1248 259 1644 324 THOMAE
1691 258 2212 324 SYDENHAM

647 422 811 501 culo,
842 421 1321 506 quantumlibet
1360 421 1545 485 tenui
1589 420 2020 507 limpidoque3
2067 420 2302 506 quibus
2345 420 2671 486 substituo
2711 420 2860 507 jus·

648 526 794 591 cula
840 524 1213 603 hordeacea,
1263 544 1598 604 avenacea,
1648 524 2065 607 panatellam,
2115 532 2182 587 et
2233 524 2569 609 ejusmodi.
2661 525 2862 589 Cere-

648 630 873 694 visiam
901 635 1168 693 tenuem
1200 627 1552 710 mitemque
1582 648 1698 711 pro
1727 632 1890 710 potu
1917 633 2178 691 tantum
2201 626 2502 705 concede,
2533 627 2634 690 vel
2657 627 2862 691 etiam

655 734 843 818 (quae
884 731 1091 814 magis
1135 731 1216 795 ad
1246 752 1386 795 rem
1414 730 1614 811 facit,)
1657 730 1980 813 ptisanam
2023 750 2100 794 ex
2129 730 2389 810 horde0,
2419 732 2636 795 radice
2665 730 2859 814 liqui·

650 835 856 914 ritiae,
890 842 1197 912 acetosae,
1227 840 1372 911 etc„
1402 833 1475 896 in
1512 853 1680 916 aqua
1707 832 1980 897 fontana
2007 833 2296 899 incoctis.
2385 834 2555 899 Volo
2592 833 2860 897 interim

652 946 729 1003 ut
762 960 877 1023 per
920 939 1163 1021 aliquot
1207 937 1397 1001 horas
1432 936 1702 1019 singulis
1733 934 1960 1001 diebus
2003 936 2173 1002 lecto
2221 958 2290 1002 se
2329 936 2674 1015 abstineat,
2705 958 2859 1001 cum

654 1042 846 1122 calor,
878 1041 989 1125 qui
1018 1062 1059 1106 a
1076 1040 1223 1125 jugi
1253 1039 1558 1104 decubitu
1587 1038 1892 1119 nascitur,
1912 1038 2211 1104 morbum
2239 1046 2610 1125 promoveat
2638 1040 2860 1103 inten-

652 1146 915 1230 datque.

752 1248 873 1333 [6.]
930 1246 1054 1312 Die
1099 1254 1407 1332 sequente
1442 1246 1775 1330 sanguinis
1803 1246 2195 1312 tantundem
2234 1246 2490 1313 detrahi
2517 1244 2858 1333 praecipio,

656 1358 851 1435 atque
883 1352 1261 1416 intercalato
1302 1351 1403 1414 die
1442 1371 1576 1414 uno
1620 1349 1916 1429 alterove,
1947 1372 2065 1435 pro
2111 1352 2288 1435 aegri
2325 1351 2590 1430 viribuS,
2620 1350 2857 1428 terti03

655 1454 807 1519 dein
856 1454 1195 1537 interjecto
1252 1452 1450 1517 trium
1502 1460 1855 1536 quatuorve
1915 1454 2165 1518 dierum
2215 1454 2573 1532 intervallo,
2633 1454 2853 1537 (prout

660 1558 835 1639 aegri
878 1556 1062 1634 vires,
1110 1562 1305 1635 aetas,
1353 1555 1749 1633 constitutiO,
1804 1555 2090 1639 aliaeque
2137 1556 2660 1620 circumstantiae
2711 1574 2860 1619 suaa

660 1659 819 1723 dent
860 1659 1303 1741 monentque,)
1338 1664 1586 1741 quart0,
1619 1663 1810 1739 atque
1843 1658 2078 1722 ultimo
2103 1665 2182 1722 ut
2221 1659 2594 1743 plurimum,
2623 1678 2856 1721 venae-

660 1761 1010 1825 sectionem
1060 1765 1318 1843 repeto;
1383 1780 1531 1823 raro
1583 1759 1759 1823 enim
1811 1782 1936 1823 usu
1973 1760 2152 1824 venit
2203 1768 2279 1824 ut
2337 1760 2512 1824 ultra
2563 1766 2860 1843 quartam

658 1864 862 1928 vicem
889 1884 1119 1927 venam
1147 1862 1528 1940 incidamus,
1558 1861 1688 1925 nisi
1715 1862 1817 1925 vel
1845 1863 2134 1945 regimen
2155 1864 2336 1947 justo
2365 1863 2636 1927 calidius
2679 1882 2861 1946 prae-

660 1966 939 2044 cesserit,
969 1965 1071 2029 vel
1104 1964 1532 2029 medicamina
1560 1964 1864 2027 calidiora
1907 1986 2099 2047 aegro
2129 1972 2384 2047 praeter
2409 1964 2864 2028 necessitatem

658 2068 903 2131 fuerint
945 2068 1217 2149 ingesta.
1309 2066 1490 2131 Quin
1520 2072 1588 2131 et
1617 2067 1924 2148 anodyna,
1958 2066 2088 2131 sive
2119 2068 2518 2149 pareyorica‚
2551 2066 2726 2130 dicta
2759 2086 2863 2129 re-

662 2170 875 2235 media
896 2169 1257 2233 effusiorem
1280 2169 1613 2252 sanguinis
1635 2169 2006 2233 missionem
2027 2170 2396 2253 postulant:
2423 2167 2861 2252 quamobrem,

663 2280 816 2337 utut
860 2273 1097 2335 saeviat
1137 2271 1337 2349 dolor,
1374 2293 1489 2356 per
1530 2293 1794 2336 omnem
1831 2271 2027 2355 hujus
2069 2270 2282 2335 morbi
2323 2270 2684 2349 decursum,
2715 2270 2864 2334 reli·

666 2376 839 2459 giose
868 2374 1027 2439 mihi
1056 2376 1137 2439 ab
1168 2375 1268 2437 his
1295 2374 1792 2457 temperandum
1823 2374 2137 2452 existimo,
2169 2373 2382 2456 (modo
2397 2382 2428 2410 ⁸
2455 2373 2618 2436 mihi
2648 2372 2866 2436 animo

662 2478 747 2543 sit
786 2477 1181 2542 curationem
1213 2497 1254 2541 a
1280 2476 1612 2560 sanguinis
1651 2476 1955 2540 missione
1985 2477 2194 2540 solum
2235 2476 2496 2560 petere,)
2534 2495 2683 2539 cum
2722 2473 2864 2538 illo·-

664 2603 807 2645 rum
868 2602 993 2644 usu
1040 2581 1279 2663 figatur
1334 2580 1622 2657 morbus,
1671 2599 1881 2663 neque
1939 2587 2077 2642 tam
2125 2579 2313 2643 facile
2362 2577 2868 2642 venae-sectioni

666 2683 893 2760 cedat3
940 2705 1103 2767 quae
1136 2682 1300 2762 iden,
1340 2681 1423 2746 ob
1466 2681 1626 2745 haec
1668 2682 1809 2766 ipsa
1843 2681 2314 2746 medicamenta
2354 2679 2629 2744 officiose
2673 2679 2868 2742 nimis

660 2787 967 2865 exhibita,
1000 2785 1251 2869 saepius
1282 2806 1475 2869 quam
1505 2792 1644 2850 erat
1674 2805 1854 2868 opuS,
1877 2784 2260 2848 celebranda
2287 2789 2406 2846 est.
2486 2781 2663 2847 Quid
2693 2781 2870 2865 quod

658 2896 731 2954 et
760 2890 830 2953 in
858 2889 1070 2954 morbi
1100 2895 1275 2952 statu
1304 2908 1513 2971 neque
1542 2908 1688 2952 eam
1719 2909 1913 2972 quam
1952 2886 2144 2951 titulo
2173 2885 2558 2972 pollicentur
2585 2884 2868 2966 ἀναλγη-

664 2991 816 3056 σίαν
842 2992 1095 3056 valeant
1124 2999 1447 3075 praestare
1464 2991 1494 3053 ¹?

763 3094 888 3181 [7.]
923 3095 1197 3158 Interim
1221 3094 1376 3158 dum
1407 3093 1735 3177 praedicta
1760 3092 2048 3158 remedia
2069 3093 2408 3176 diaetaque
2429 3091 2653 3157 sedulo
2679 3110 2870 3155 usur-

664 3203 924 3281 pantur,
956 3217 1187 3260 enema
1225 3218 1261 3260 e
1300 3196 1467 3259 lacte
1510 3195 1879 3261 saccharato
1911 3196 2182 3260 subinde
2221 3195 2400 3280 injici
2435 3215 2608 3273 curo,
2642 3193 2872 3257 diebus

669 3299 909 3364 scilicet
938 3319 978 3361 a
1010 3297 1445 3382 phlebotomia
1472 3298 1708 3362 vacuis.
1800 3298 2002 3363 Porro
2041 3306 2117 3363 ut
2160 3298 2320 3362 haec
2349 3298 2568 3363 omnia
2611 3295 2694 3360 ad
2734 3295 2873 3359 dies

664 3401 1011 3467 minimum
1040 3409 1183 3464 octo
1222 3400 1304 3464 ab
1339 3400 1573 3465 ultima
1600 3401 2112 3466 venae-sectione
2154 3400 2499 3484 diligenter
2529 3399 2872 3464 observen-

668 3512 798 3582 tur,
830 3503 993 3568 serio
1020 3503 1244 3567 hortor
1272 3524 1630 3586 moneoque
1654 3529 1674 3582 3
1721 3503 1955 3588 quibus
1985 3503 2236 3587 elapsis,
2261 3503 2590 3585 potionem
2619 3500 2874 3566 cathar-

668 3605 867 3669 ticam
902 3625 938 3668 e
976 3605 1257 3668 lenitivis
1300 3605 1666 3689 praescribo
1702 3626 1894 3669 mane
1921 3604 2366 3683 hauriendam,
2398 3611 2466 3668 et
2501 3601 2875 3687 insequenti

670 3707 915 3790 vesperi
946 3705 1132 3770 dosin
1166 3707 1359 3790 paulo
1402 3708 1831 3772 liberaliorem
1876 3708 2096 3791 syrupi
2135 3707 2216 3772 de
2260 3708 2553 3772 meconio
2590 3707 2662 3770 in
2708 3727 2877 3790 aqua

672 3808 905 3873 florum
943 3810 1323 3894 paralyseoS,
1362 3831 1489 3892 quo
1529 3810 1768 3875 scilicet
1813 3810 2146 3891 sanguinis
2191 3831 2543 3893 orgasmus,
2585 3807 2762 3873 unde
2805 3811 2875 3871 et

670 3912 986 3976 recidivae
1032 3912 1389 3995 periculum
1448 3912 1634 3976 aliter
1683 3912 1996 3975 intentari
2045 3913 2303 3995 poterit,
2353 3912 2614 3996 penitus
2671 3910 2875 3994 repri-

672 4021 911 4079 matur.
1002 4013 1256 4080 Quibus
1306 4013 1430 4078 rite
1473 4015 1768 4097 peractis,
1813 4019 1892 4077 ut
1939 4013 2009 4077 in
2058 4015 2405 4098 pristinum
2444 4015 2616 4078 vitae
2669 4034 2877 4096 genus

684 4117 920 4202 (quoad
969 4117 1231 4197 victum,
1284 4118 1606 4196 exercitia,
1657 4125 1852 4200 atque
1900 4118 2160 4201 acrem)
2216 4117 2618 4201 pedetentim
2661 4137 2732 4180 se
2771 4137 2876 4182 re-

678 4221 894 4304 cipiat,
952 4219 1184 4284 lubens
1242 4221 1486 4304 patim-3
1544 4220 1643 4284 ita
1697 4227 1922 4284 tamen
1971 4227 2050 4283 ut
2105 4239 2317 4305 neque
2367 4220 2612 4299 vinum,
2665 4239 2879 4302 neque

678 4325 992 4409 liquorem
1024 4323 1435 4409 spirituosum
1466 4326 1837 4408 quemlibet,
1869 4345 2080 4409 neque
2109 4326 2308 4390 etiam
2336 4325 2531 4405 cibos,
2562 4325 2692 4389 sive
2721 4324 2878 4403 sale,

1364 4461 1385 4483 ⁸
1416 4454 1788 4518 modo—petere]
1813 4471 1907 4505 om.
1932 4456 2006 4504 ed.
2031 4455 2124 4506 ⁹26.
