3138 5006
695 322 779 383 10
1307 318 1697 384 THOMAE
1748 316 2259 383 SYDENHAM

383 489 663 603 Egnsszw
691 500 983 544 meorum
1012 479 1083 543 in
1111 480 1234 544 hoc
1264 480 1526 563 negotio
1555 485 1909 545 conatuum
1932 479 2255 563 specimen
2286 476 2595 561 aliquale’
2577 498 2648 541 m
2676 475 2898 539 lucem

693 582 865 646 dare.

788 685 877 767 [5.
882 685 911 768 ]
955 684 1178 749 Sentio
1201 691 1420 749 autem
1442 692 1701 750 nostrae
1722 684 1901 749 Artis
1922 684 2397 747 incrementum
2425 681 2497 744 in
2518 681 2620 744 his
2650 680 2897 744 consis-

689 793 846 865 tere,
895 793 972 850 ut
1015 786 1333 851 habeatur
1381 787 1590 870 primo
1639 786 1949 865 Historia,
1998 786 2128 849 sive
2170 783 2542 848 morborum
2595 782 2897 846 omnium

691 889 1032 971 descriptio
1077 889 1291 975 quoad
1333 890 1472 952 fieri
1514 896 1727 973 potest
1768 888 2071 971 graphica
2122 894 2186 950 et
2226 886 2575 962 naturalis3
2638 883 2895 961 deinde,

692 991 914 1054 Praxis
955 1012 1072 1054 seu
1115 990 1471 1055 Methodus
1515 992 1686 1054 circa
1720 990 1979 1054 eosdem
2024 988 2270 1051 stabilis
2308 1008 2381 1051 ac
2420 994 2895 1051 consummata.

693 1092 864 1156 Sane
910 1093 1168 1157 morbos
1212 1115 1420 1157 crasse
1465 1093 1811 1177 depingere
1848 1092 2001 1156 satis
2043 1090 2302 1155 obvium
2353 1096 2488 1167 est3
2534 1089 2716 1171 atqui
2758 1089 2897 1151 his-

687 1196 921 1258 toriam
981 1216 1200 1258 eorum
1259 1196 1354 1259 ita
1420 1194 1840 1273 conscribere,
1900 1200 1977 1257 ut
2034 1194 2309 1257 evitetur
2366 1211 2636 1255 censura
2694 1212 2895 1273 quam

687 1296 1074 1359 clarissimus
1111 1296 1528 1359 Verulamius
1579 1297 1651 1359 in
1706 1296 2054 1359 nonnullos
2114 1293 2427 1377 ejusmodi
2474 1292 2895 1375 promissores

685 1396 978 1476 vibravit,
1024 1398 1217 1480 longe
1269 1398 1528 1481 majoris
1577 1404 1675 1461 est
1718 1396 2002 1480 negotii:
2052 1401 2093 1432 “
2106 1396 2277 1459 Satis
2322 1394 2601 1457 scimus’'
2652 1393 2895 1476 (inquit

685 1500 782 1563 vir
798 1500 928 1563 nob
935 1500 1280 1584 ilissimus‚)
1307 1501 1581 1564 “haberi
1600 1499 1959 1565 Historiam
1977 1499 2386 1576 Naturalem,
2396 1497 2567 1561 mole
2585 1497 2891 1579 amplam,

681 1602 991 1666 varietate
1049 1608 1319 1684 gratam,
1369 1602 1706 1685 diligentia
1764 1602 2013 1684 saepius
2073 1601 2425 1664 curiosam:
2490 1605 2781 1663 attamen
2837 1598 2891 1661 si

685 1704 827 1787 quis
872 1724 950 1767 ex
995 1726 1072 1768 ea
1113 1703 1380 1781 fabulaS,
1434 1712 1501 1767 et
1546 1704 1893 1769 authorum
1936 1702 2293 1779 citationes,
2336 1707 2402 1765 et
2460 1702 2687 1765 inanes
2732 1722 2888 1765 con-

683 1806 1043 1885 troversias,
1084 1806 1498 1889 philologiam
1539 1807 1817 1888 denique
1870 1811 1936 1869 et
1980 1812 2361 1868 ornamenta
2394 1801 2654 1881 eximat,
2698 1804 2891 1885 (quae

686 1907 769 1970 ad
799 1907 1152 1971 convivales
1182 1928 1505 1971 sermones
1544 1908 2010 1989 hominumque
2046 1906 2381 1970 doctorum
2409 1911 2631 1968 noctes
2669 1903 2888 1987 potius

685 2030 880 2090 quam
905 2009 986 2072 ad
1006 2009 1474 2072 instituendam
1498 2009 1973 2091 Philosophiam
1996 2007 2250 2091 [3111115]ιι
2267 2006 2786 2088 accommodata)
2802 2006 2889 2069 ad

685 2109 782 2171 nil
809 2102 1032 2191 magni
1062 2130 1163 2172 res
1201 2109 1463 2173 recidet.
1555 2110 1783 2192 Longe
1821 2110 2107 2193 profecto
2146 2108 2329 2171 abest
2366 2106 2449 2170 ab
2478 2127 2557 2170 ea
2594 2106 2888 2169 Historia

687 2229 881 2291 quam
909 2208 1126 2271 animo
1161 2209 1530 2272 metimur.”
1562 2209 1807 2292 [Descr.
1826 2208 2007 2273 Globi
2026 2210 2230 2272 Intell.
2262 2228 2318 2272 c.
2342 2210 2404 2271 3.
2436 2206 2558 2271 vol.
2579 2207 2663 2270 xi.
2694 2230 2757 2290 p.
2779 2206 2873 2290 8.]

687 2310 1001 2373 Similiter
1037 2310 1230 2373 etiam
1273 2317 1340 2373 et
1386 2310 1759 2374 morborum
1800 2311 2162 2377 curationes
2204 2331 2322 2395 pro
2366 2331 2543 2373 more
2580 2308 2885 2373 facillime

685 2418 1172 2495 proponuntur;
1219 2412 1399 2494 atqui
1465 2412 1590 2475 hoc
1648 2412 1745 2475 ita
1802 2417 2145 2495 praestare,
2200 2418 2274 2475 ut
2332 2410 2526 2475 verba
2585 2411 2653 2473 in
2710 2410 2888 2474 facta

684 2520 1041 2592 transeant,
1074 2522 1268 2597 atque
1307 2521 1575 2578 eventus
1612 2514 1938 2597 promissis
1974 2514 2420 2597 respondeant,
2463 2514 2668 2596 magis
2698 2513 2885 2576 ardui

685 2615 1036 2681 moliminis
1073 2617 1170 2678 illi
1199 2616 1609 2699 judicabunt,
1652 2617 1763 2699 qui
1804 2615 2027 2680 vident
2071 2616 2297 2679 haberi
2334 2616 2508 2698 apud
2544 2615 2884 2698 scriptores

684 2718 998 2802 practicos
1033 2717 1291 2782 morbos
1335 2717 1713 2801 complures,
1747 2739 1905 2800 quos
1935 2737 2057 2781 nec
2084 2717 2181 2779 illi
2215 2717 2339 2800 ipsi
2378 2717 2731 2801 scriptores,
2762 2738 2885 2780 nec

687 2819 1004 2903 quispiam
1031 2820 1346 2883 hactenus
1375 2820 1771 2886 medicorum
1802 2839 2029 2882 sanare
2058 2818 2417 2882 valuerunt.
2500 2889 2505 2893 ,

779 2921 906 3005 [6.]
962 2921 1154 2987 Quod
1185 2930 1404 2985 autem
1435 2927 1680 3004 spectat
1711 2921 1792 2985 ad
1826 2920 2184 2984 Historiam
2215 2922 2605 2998 morborum,
2643 2918 2698 2982 si
2738 2919 2885 3002 quis

683 3043 822 3086 rem
863 3025 1174 3087 attentius
1213 3023 1587 3106 perpendat,
1619 3022 1805 3086 facile
1843 3021 2084 3085 videbit
2130 3021 2515 3085 scribentem
2551 3022 2634 3085 ad
2670 3021 2885 3085 multo

683 3126 869 3206 plura
928 3126 1217 3188 animum
1277 3124 1510 3188 debere
1569 3125 1917 3201 advertere,
1968 3144 2162 3205 quam
2219 3123 2413 3206 vulgo
2455 3123 2879 3187 existimatur.

687 3226 983 3290 Quorum
1013 3246 1218 3308 pauca
1244 3226 1402 3288 haec
1430 3226 2031 3309 impraesentiarum
2062 3225 2383 3307 attingere
2412 3225 2752 3306 suffecerit.

781 3327 906 3410 [⁷.]
961 3326 1199 3404 Prim0,
1233 3326 1489 3410 expedit
1517 3335 1595 3390 ut
1622 3327 1833 3390 morbi
1862 3347 2085 3390 omnes
2120 3325 2203 3390 ad
2232 3326 2530 3391 definitas
2560 3347 2633 3390 ac
2672 3332 2883 3390 certas

682 3428 926 3510 species
955 3435 1352 3506 revocentur,
1383 3430 1609 3493 eadem
1646 3450 1905 3512 prorsus
1950 3428 2285 3510 diligentia
2314 3448 2389 3491 ac
2417 3427 2731 3514 ἀκριβείᾳ,
2754 3450 2889 3510 qua

683 3530 753 3593 id
781 3530 1026 3593 factum
1053 3530 1343 3594 videmus
1374 3553 1413 3594 a
1438 3530 1755 3594 botanicis
1774 3530 2187 3613 scriptoribus
2208 3530 2281 3592 in
2309 3530 2441 3592 suis
2469 3530 2881 3613 phytologiis.

681 3631 943 3715 Quippe
969 3632 1381 3715 reperiuntur
1418 3631 1647 3710 morbi,
1678 3632 1789 3715 qui
1816 3631 1938 3695 sub
1978 3631 2204 3695 eodem
2234 3651 2469 3713 genere
2510 3653 2583 3695 ac
2611 3652 2881 3694 nomen-

679 3733 932 3795 clatura
968 3733 1232 3812 redacti,
1271 3753 1344 3797 ac
1380 3733 1591 3815 quoad
1623 3733 1941 3797 nonnulla
1982 3739 2415 3816 symptomata
2455 3732 2579 3796 sibi
2606 3733 2881 3796 invicem

677 3833 1066 3912 consimiles,
1096 3841 1319 3898 tamen
1349 3840 1416 3898 et
1453 3841 1691 3897 natura
1718 3834 1891 3898 inter
1919 3855 1987 3897 se
2017 3833 2294 3912 discreti,
2326 3833 2647 3898 diversum
2670 3834 2883 3898 etiam

681 3932 1046 3997 medicandi
1103 3934 1369 3998 modum
1426 3936 1777 4018 postulant.
1884 3935 2119 3998 Cardui
2177 3935 2441 4017 quidem
2495 3955 2738 3999 nomen
2798 3936 2883 4000 ad

679 4036 894 4118 plures
924 4035 1270 4099 herbarum
1303 4037 1541 4148 species
1573 4037 1825 4100 extendi
1859 4056 2047 4100 nemo
2076 4037 2323 4100 nescit:
2371 4043 2439 4100 at
2468 4057 2617 4100 vero
2646 4058 2875 4119 parum

675 4143 975 4200 accurate
1025 4135 1219 4200 faciet
1261 4136 1357 4199 rei
1400 4137 1731 4201 herbariae
1770 4137 2059 4220 scriptor,
2116 4137 2227 4219 qui
2274 4137 2639 4219 generalem
2683 4139 2879 4221 hujus

674 4239 936 4320 plantae
981 4237 1468 4320 descriptionem
1511 4241 1662 4321 (qua
1712 4236 1953 4302 scilicet
1999 4259 2038 4301 a
2084 4239 2351 4310 caeteris
2403 4239 2710 4322 stirpibus
2750 4239 2877 4302 dis-

673 4341 937 4423 crepat,)
973 4359 1327 4423 proponere
1379 4345 1742 4417 contentus,
1790 4340 2047 4423 propria
2096 4339 2359 4403 interim
2418 4347 2484 4404 et
2529 4341 2878 4423 peculiaria
2888 4367 2905 4425 j.

1168 4479 1193 4505 ι
1227 4465 1386 4530 [sunt]
1417 4467 1496 4514 Sic
1515 4467 1621 4529 ipse
1643 4467 1969 4525 Verulamius,
1992 4471 2085 4514 sint
2105 4466 2232 4515 malo
2258 4467 2373 4531 Syd.
