3138 5006
484 275 602 334 618

479 437 829 493 expurgentur,
861 431 956 481 458
975 451 988 488 3
1008 440 1012 445 ·
1029 432 1294 509 vomitione
1323 446 1410 495 per
1441 447 1641 481 crocum

483 494 792 542 metallorum
814 511 875 543 ex
897 497 1172 544 abdominis
1199 496 1404 545 cavitate
1424 504 1643 559 potenter

483 566 794 616 evacuantur,
818 560 944 615 4663
979 560 1063 607 sed
1086 575 1184 607 non
1209 561 1280 608 ita
1299 569 1523 623 prompte
1554 562 1640 609 ubi

482 618 607 667 levis
637 622 910 671 abdominis
941 630 1105 672 tumor
1125 624 1262 671 adest
1285 639 1434 686 qnam
1455 624 1541 672 ubi
1563 625 1642 672 in-

481 697 602 743 gens
636 700 874 749 aquarum
911 688 1050 749 copia
1083 694 1284 749 aggesta
1317 688 1479 745 suerit,
1513 690 1639 745 4683

483 749 724 807 quomodo
765 763 826 797 ex
859 751 1130 799 abdominis
1163 766 1282 799 cavo
1327 752 1382 799 in
1413 751 1645 801 intestina

482 816 704 860 transeau

543 816 896 924 &dorthffi
914 876 968 924 in
990 876 1286 938 gonorrhoea
1295 875 1457 935 virul„
1481 879 1594 928 310.

545 938 793 987 Arenulae
818 940 1146 1003 nephritidem
1173 942 1261 989 ubi
1281 949 1501 1000 causam,
1524 942 1646 1005 quid

482 1002 742 1063 agendum,
767 1006 882 1053 395.

544 1064 821 1127 Argentum
851 1068 1021 1115 vivum
1055 1066 1172 1130 plus
1199 1067 1320 1117 mali
1349 1083 1500 1131 quam
1527 1068 1645 1117 boni

479 1138 694 1190 praestat
715 1131 768 1178 in
787 1131 884 1179 ileo
906 1146 1036 1188 vero,
1060 1132 1142 1179 63.

545 1192 793 1271 Aromata·
813 1196 866 1243 in
899 1195 1112 1269 podagra
1130 1194 1498 1270 vitanda-4333
1533 1209 1641 1243 aro-

479 1264 660 1369 ῗέἑῖἳὲ
685 1257 1505 1385 {zfflffassussffitzffizffm
1524 1266 1645 1307 ’ω

547 1383 642 1433 Ars
665 1386 856 1433 medica
875 1386 1009 1433 haud
1029 1386 1208 1434 rectius
1230 1401 1380 1449 quam
1401 1386 1464 1434 ab
1485 1385 1643 1448 ipsius

479 1445 620 1495 Artis
651 1450 878 1497 exercitio
911 1460 1056 1512 atque
1087 1465 1184 1497 usu
1214 1450 1544 1511 perdiscenda,
1583 1452 1641 1507 43

481 1510 672 1559 duobus
692 1513 868 1560 mediis
887 1512 1092 1560 ulterius
1111 1513 1309 1576 provehi
1325 1519 1509 1575 potest:
1535 1520 1643 1561 tum

477 1587 570 1635 ope
609 1575 838 1623 historiae
885 1577 1164 1624 morborum
1214 1577 1503 1640 exquisitae,
1550 1578 1612 1625 10
1626 1594 1649 1633 3.

479 1642 587 1685 tum
629 1640 844 1687 methodi
882 1640 1110 1687 medendi
1144 1640 1270 1689 fixae
1315 1656 1372 1688 ac
1410 1655 1640 1688 consum-

479 1707 658 1761 matae,
683 1704 774 1759 143
807 1702 850 1751 si
871 1702 958 1751 ills
978 1703 1206 1751 methodo
1221 1718 1412 1767 semper
1430 1704 1642 1753 tradere-

479 1770 561 1812 tur
581 1773 639 1814 nt
657 1766 975 1815 indicationes
997 1782 1059 1813 ex
1085 1767 1290 1815 historia
1313 1767 1467 1815 morbi
1497 1767 1641 1816 elice-

479 1836 662 1887 rentur,
690 1837 740 1879 et
768 1831 862 1879 hoc
893 1829 1190 1893 experientia
1223 1831 1510 1888 firmaretur,
1543 1846 1644 1879 non

479 1892 744 1967 vilesceret,
781 1894 901 1969 quin
942 1894 1106 1957 potius
1146 1893 1488 1971 illustraretur,
1512 1896 1643 1971 2963

479 1955 1119 2084 ῗέἒῖῗῷἶὶἒῗῗὲῧῗεξῗ
1135 1958 1442 2021 ⁶¹⁸P¹²⁰¹⁸m
1459 1966 1647 2007 'mm'

547 2082 780 2133 Arthritis
797 2100 940 2148 saepe
951 2086 1172 2142 habetur,
1189 2085 1320 2147 quod
1335 2100 1479 2134 verns
1491 2085 1643 2133 rheu-

480 2147 739 2196 matismus
775 2155 864 2205 est,
886 2150 1079 2211 quando
1099 2148 1239 2197 hicce
1263 2164 1294 2197 a
1319 2149 1453 2197 febre
1473 2150 1642 2211 sejun-

480 2211 628 2272 gitur,
659 2212 783 2268 2563
842 2212 1062 2261 Naturae
1097 2212 1424 2260 medicatricis
1459 2211 1643 2261 instru-

480 2283 718 2332 mentum,
743 2276 832 2331 273
868 2277 1152 2323 scorbutum
1171 2276 1480 2339 quandonam
1502 2291 1643 2325 meu-

480 2337 646 2396 tiatur,
670 2340 792 2395 2593
827 2339 881 2386 in
913 2339 1166 2387 arthritide
1196 2340 1426 2388 materiae
1459 2340 1642 2388 morbi·

479 2401 601 2449 ficae
621 2417 844 2477 recursu-s
865 2402 1024 2477 fatum
1045 2402 1264 2479 accersit,
1292 2405 1401 2451 105.
1433 2466 1446 2479 ·

481 2464 1484 2593 AEr‘ssssuffiffiffiohssffi‘miffiu'ss
1515 2467 1642 2588 {3³3¹}

480 2593 536 2640 in
556 2593 906 2641 rheumatismo
919 2609 1064 2658 saepe
1075 2594 1402 2654 invertuntur,
1425 2601 1645 2644 cessante

474 2657 580 2719 jam
606 2657 781 2714 dolore,
805 2659 916 2706 256.

548 2721 707 2798 Attus
739 2721 792 2769 in
825 2721 1066 2796 podagrae
1097 2719 1378 2783 irregularis
1412 2737 1647 2785 paroxys-

481 2798 677 2832 morum
688 2785 956 2833 intervallis
969 2785 1210 2847 quomodo
1223 2801 1274 2833 se
1283 2786 1508 2842 habeant,
1523 2788 1643 2844 4143

480 2854 679 2896 artuum
710 2849 1000 2912 impotentia
1033 2849 1096 2897 ad
1121 2855 1315 2897 motum
1341 2849 1396 2897 in
1430 2850 1526 2912 pod
1617 2866 1648 2899 a

481 2913 724 2974 quomodo
743 2919 1099 2976 praecaveatur,
1123 2915 1246 2968 4443
1285 2919 1482 2960 artuum
1509 2913 1571 2962 do
1593 2929 1648 2964 or

479 2974 656 3037 ingens
689 2976 743 3024 in
774 2975 988 3034 variolis,
1019 2991 1078 3024 ac
1107 2977 1147 3022 si
1181 2991 1242 3024 ex
1274 2977 1645 3036 rheumatism0‚

481 3039 780 3088 confluentes
803 3056 885 3088 eas
907 3041 1007 3089 fore
1026 3040 1286 3103 praedicat,
1311 3041 1422 3088 346.

547 3105 742 3152 Ascites
783 3118 926 3152 verus
967 3119 1119 3167 aeque
1159 3109 1290 3152 certo
1322 3119 1380 3155 ac
1413 3103 1500 3154 alii
1531 3119 1645 3168 per-

479 3166 630 3215 multi
659 3169 813 3216 morbi
844 3168 1152 3230 subjugatur,
1183 3167 1307 3224 4743
1349 3167 1649 3218 inveteratus

483 3231 724 3294 quomodo
743 3232 1027 3280 insanabilis
1050 3230 1154 3288 fiat,
1172 3231 1286 3282 47⁸.

547 3295 850 3344 Asi-mure
897 3294 1030 3357 (De)
1079 3307 1422 3344 iuvari-:saro
1465 3307 1525 3343 m
1569 3307 1645 3343 ns

484 3371 578 3408 our
621 3358 938 3470 Saueugggo
969 3359 1432 3408 ‘Tzuraaumtro
1477 3371 1643 3408 raaz-

485 3434 598 3469 mr:
623 3435 682 3468 su
690 3435 776 3479 nr,
899 3455 913 3468 .

547 3484 762 3534 Asthma
780 3485 1104 3534 inveteratum
1135 3485 1188 3534 in
1221 3485 1419 3534 senibus
1447 3485 1646 3534 habitus

481 3546 712 3611 plenioris
743 3554 988 3597 tumorem
1007 3563 1235 3597 surarum
1255 3550 1438 3598 excitat
1461 3549 1643 3613 hydro-

482 3611 705 3674 picorum
735 3612 1000 3669 aemulum,
1033 3613 1160 3668 4553
1195 3613 1434 3676 quomodo
1455 3629 1486 3662 a
1516 3615 1643 3676 peri-

481 3676 776 3739 pneumonia
791 3677 942 3724 notha
961 3676 1292 3739 distinguitur,
1317 3679 1428 3735 254,
1451 3680 1564 3728 255.

547 3739 886 3802 Asu-ingentia
919 3739 972 3789 in
1010 3739 1203 3788 cholera
1243 3746 1352 3790 tuta
1391 3755 1493 3788 non
1530 3747 1646 3790 sunt

481 3803 534 3852 in
553 3803 725 3918 ιίιιὶῑῖεᾶ,
747 3805 868 3861 1643
907 3804 960 3852 in
1001 3803 1299 3866 gonorrhoes
1328 3803 1471 3854 virul.
1495 3805 1643 3865 mala,

483 3871 543 3916 31
585 3902 598 3925 ‚
621 3871 652 3916 3
718 3900 731 3916 .

545 3929 742 3992 ’Aratis
761 3931 1022 3995 spirituum
1057 3931 1446 3994 suppressionem
1471 3931 1643 3982 urinae

463 3996 642 4059 gignit
661 3996 715 4044 in
729 3995 942 4053 variolis,
961 3996 1051 4046 147
1070 4013 1082 4051 3
1107 4010 1134 4043 e
1152 3994 1434 4043 catharticis
1453 3993 1505 4043 in
1523 3995 1637 4059 dys-

479 4060 677 4118 enteria,
715 4059 836 4116 1713
901 4059 1084 4108 colicae
1115 4059 1296 4121 hyster.
1332 4073 1493 4118 causa,
1527 4061 1640 4118 201,

482 4125 608 4178 2023
655 4123 828 4186 opiatis
847 4123 1056 4181 sedatur,
1081 4123 1197 4180 278,
1217 4124 1339 4178 3493
1377 4122 1643 4172 affectionis

479 4187 663 4300 hpster.
705 4201 794 4235 seu
833 4185 1162 4250 hypochondr.
1207 4201 1370 4244 causa,
1413 4185 1502 4238 371
1549 4203 1641 4250 sq„

483 4254 513 4299 3
549 4255 608 4308 53
633 4267 662 4299 a
682 4250 899 4298 debiliori
922 4251 1182 4314 spirituum
1202 4251 1328 4298 crasi
1343 4251 1642 4312 producitur,

481 4314 594 4371 371,
621 4317 746 4371 3893
779 4315 840 4362 ab
869 4313 1084 4362 emeticis
1105 4319 1155 4362 ct
1176 4315 1450 4363 catharticis
1470 4329 1639 4378 prove-

478 4379 612 4426 hitur
637 4379 691 4426 in
720 4378 968 4426 affectione
999 4378 1200 4441 hyster„
1227 4379 1350 4433 3733
1383 4379 1643 4426 materiam

479 4442 684 4490 viridem
715 4441 888 4505 gignit,
909 4445 1022 4491 ibid,
1037 4460 1058 4498 ,-
1087 4442 1210 4491 item
1239 4442 1466 4491 humores
1487 4441 1643 4506 putri-

1375 277 1639 339 INDEX
1679 276 1987 337 RERUM.

1724 432 1828 489 dos,
1850 432 1965 489 377,
1988 430 2101 489 378,
2126 432 2253 487 3963
2293 430 2435 493 aquis
2466 427 2799 479 mineralibus
2836 440 2925 473 se-

1725 496 1883 554 datur,
1906 497 2035 553 3863
2070 510 2099 543 ο
2130 496 2409 543 catharticis
2438 496 2491 542 in
2524 494 2763 557 podagra,
2788 490 2927 547 42⁰,

1725 562 1819 607 421
1844 577 1859 615 3
1890 560 2011 608 etin
2032 559 2266 622 hydrope,
2289 560 2407 607 468.

1792 622 1982 671 Auctor
2003 638 2170 686 sapere
2190 638 2289 670 non
2312 624 2458 670 audet
2482 621 2613 669 ultra
2632 634 2793 683 quam
2825 632 2919 665 res

1727 685 1833 748 ipsa
1856 686 2088 749 loquitur,
2110 689 2232 742 2203
2266 701 2449 733 errores
2480 700 2595 733 suos
2628 686 2693 732 ab
2728 681 2920 731 amicis

1726 751 2043 814 reprehensos
2062 750 2217 813 cupit,
2240 752 2363 805 4833
2397 766 2463 797 an
2482 748 2566 797 alii
2592 748 2767 796 eadem
2784 761 2918 793 cum

1728 813 1835 876 ipso
1856 820 2089 871 asserant,
2107 829 2205 861 non
2226 821 2327 861 tam
2345 813 2546 876 quaerit,
2560 827 2713 873 quam
2733 818 2915 858 utrum

1727 892 1785 925 ea
1818 893 1945 939 quae
1986 877 2147 933 tradit,
2182 893 2299 925 cum
2334 877 2537 925 veritate
2574 874 2914 929 consentiant,

1730 942 1855 997 4083
1890 940 2009 1003 quid
2030 940 2091 988 de
2116 956 2317 1003 operum
2346 955 2549 989 suorum
2570 939 2781 1001 repetita
2804 936 2915 983 lee-

1728 1004 1861 1051 tione
1902 1004 2167 1067 promittat,
2209 1004 2323 1062 474,
2366 1006 2492 1059 4823
2544 1003 2598 1050 in
2636 1009 2911 1050 acutorum

1728 1068 2009 1116 morborum
2041 1068 2243 1115 historia
2261 1068 2495 1116 tradenda
2518 1081 2619 1114 non
2648 1073 2757 1113 tam
2790 1078 2909 1113 me-

1728 1138 1831 1178 tam
1853 1132 1959 1194 ipse
1992 1130 2115 1193 figit,
2138 1147 2287 1193 quam
2320 1131 2430 1179 aliis
2462 1130 2683 1177 animum
2718 1129 2911 1176 addere

1729 1201 1898 1252 tentat,
1922 1195 2005 1252 21,
2027 1194 2121 1245 307
2144 1214 2158 1250 3
2190 1194 2446 1257 objectioni
2469 1194 2741 1257 respondet,
2765 1193 2909 1255 quod

1730 1259 2009 1306 morborum
2030 1258 2326 1321 malignitati
2346 1273 2443 1305 non
2460 1258 2578 1305 satis
2594 1258 2907 1313 adversetur,

1730 1324 1822 1369 231
1844 1337 1949 1397 sqq
1982 1328 2031 1369 et
2051 1337 2191 1370 suam
2209 1322 2269 1369 de
2284 1320 2586 1397 malignitate
2602 1320 2907 1395 sententia-m

1727 1383 2907 1525 {ffffi‘ssffiefflzfisswsszfflsst

1727 1510 2903 1650 reurreffiffiffirfsszsstfr

1728 1640 1856 1687 dem.
1916 1640 2317 1689 constitutionum
2365 1639 2719 1687 vicissitudims
2770 1654 2898 1686 cau-

1728 1718 1809 1751 sas
1850 1704 2073 1751 nondum
2124 1703 2361 1765 expiscari
2398 1704 2574 1766 potuit,
2614 1704 2711 1758 303
2768 1717 2898 1765 quo-

1729 1767 1821 1815 ties
1854 1768 2061 1831 epidem.
2083 1768 2363 1816 constitutio
2404 1782 2531 1814 nova
2562 1765 2766 1828 ingruit,
2802 1782 2899 1813 an-

1729 1845 1845 1893 ceps
1876 1832 2057 1887 haeret,
2080 1846 2179 1894 qua
2202 1846 2379 1893 nempe
2406 1830 2487 1879 via
2516 1830 2715 1878 insistat
2734 1836 2793 1876 nt
2812 1844 2899 1877 ae—

1728 1894 1839 2005 ffi
1852 1894 2901 2020 sffisstsstssafssnsszssffsfflffi

1728 2020 1966 2079 habuerit,
2007 2022 2102 2077 363
2148 2038 2237 2085 per
2269 2022 2505 2084 maJorem
2536 2021 2665 2069 vitae
2704 2029 2899 2084 partem

1728 2085 1939 2147 podagra
1976 2086 2229 2143 multatus,
2274 2085 2389 2143 275,
2432 2086 2544 2144 409,
2588 2088 2717 2141 4543
2772 2085 2899 2133 item

1728 2148 1936 2207 calculo,
1977 2150 2071 2197 521
2117 2164 2219 2211 sq.3
2274 2149 2469 2197 morbos
2514 2149 2723 2211 epidem.
2776 2150 2899 2197 anni

1728 2210 1808 2263 ’77
1850 2227 1999 2275 quare
2036 2227 2136 2261 non
2172 2213 2427 2271 describat,
2466 2210 2593 2268 2793
2646 2213 2707 2259 in
2741 2212 2896 2260 febri-

1726 2275 1820 2323 bus
1842 2276 2169 2324 describendis
2201 2276 2365 2324 nullas
2394 2276 2641 2338 opiniones
2676 2291 2791 2323 suas
2812 2290 2898 2324 or·

1726 2338 1777 2385 bi
1798 2340 2005 2387 vendere
2027 2340 2181 2403 cupit,
2202 2341 2323 2396 2693
2355 2340 2545 2389 veniam
2567 2348 2721 2401 rogat,
2740 2340 2897 2402 quod,

1728 2402 1899 2514 gretie
1936 2402 2145 2452 aliorum
2182 2403 2398 2479 ¹iudiciis,
2437 2418 2525 2451 suo
2568 2405 2731 2465 magis
2770 2419 2895 2451 eon-

1788 2482 1864 2525 us,
1900 2468 2048 2516 rebus
2084 2482 2226 2516 novis
2258 2468 2511 2544 studuerit,
2544 2468 2666 2544 2693
2712 2467 2897 2516 fatetur

1730 2595 1913 2656 optime
1944 2594 2263 2652 consuluisse,
2287 2547 2512 2652 23Ψέ
2533 2531 2896 2644 ¹cuhflura‚tif-{11:¹2¹'dig-t

1728 2658 1893 2706 brium
1924 2659 2175 2707 intermitt.
2208 2659 2488 2708 adhucdum
2518 2659 2690 2721 ignota
2722 2661 2895 2722 queri·

1730 2728 1824 2780 tur,
1869 2723 1966 2779 793
2021 2738 2123 2772 non
2172 2723 2391 2785 desperat
2439 2723 2501 2770 de
2540 2723 2773 2771 methodo
2818 2723 2895 2771 fie-

1729 2785 1892 2834 brium
1933 2787 2191 2835 intermitt.
2218 2795 2441 2834 autumn.
2472 2788 2773 2835 sanationem
2808 2803 2897 2835 ac-

1731 2849 1973 2898 celerandi
2014 2850 2317 2909 invenienda,
2352 2851 2449 2906 863
2501 2850 2698 2898 cuidam
2735 2865 2897 2899 novae

1732 2913 1855 2961 febri
1876 2914 2159 2962 methodum
2184 2913 2421 2962 diversam
2444 2915 2505 2962 ab
2524 2929 2584 2962 ea
2637 2930 2757 2962 uam
2771 2914 2895 2963 hae-

1730 2983 1875 3025 tenus
1894 2992 2010 3026 cum
2033 2992 2265 3025 successu
2296 2979 2347 3026 in
2368 2978 2571 3040 hujnsm
2637 2979 2648 2989 “
2686 2979 2789 3026 fere
2820 2979 2893 3026 fe-

1729 3041 1895 3089 bribus
1922 3047 2256 3104 usurpaverat,
2280 3041 2507 3103 adaptare
2544 3042 2750 3104 cogitur,
2778 3044 2897 3100 109,

1733 3105 1822 3152 111
1846 3123 1857 3160 3
1888 3104 2240 3153 interturbatur
2268 3120 2523 3167 aeg-rorum
2554 3105 2750 3164 damno,
2812 3121 2897 3156 rae

1729 3169 2029 3216 adstantium
2078 3169 2335 3232 protervia,
2380 3184 2442 3216 ne
2484 3176 2587 3216 tam
2627 3169 2665 3217 li
2805 3170 2897 3217 ‘ter

1728 3230 2165 3280 venae-sectionem
2201 3232 2428 3280 instituat
2467 3232 2521 3280 in
2562 3233 2696 3282 fiebre
2735 3233 2892 3295 pesti-

1728 3294 1846 3344 lent.
1881 3302 2069 3358 pestem
2110 3295 2319 3345 Londin.
2342 3296 2577 3354 insecuta,
2603 3298 2691 3345 111
2716 3316 2730 3352 3
2776 3297 2896 3346 hinc

1729 3358 1789 3406 de
1819 3359 1965 3407 modo
1988 3360 2192 3407 curandi
2224 3375 2253 3408 a
2278 3361 2672 3409 venae-sectione
2700 3360 2895 3410 diverso

1728 3421 1924 3484 cogitat,
1953 3424 2073 3480 1113
2110 3423 2408 3472 curationem
2436 3424 2587 3486 hujus
2606 3423 2754 3472 febris
2775 3440 2891 3487 pes·

1728 3485 1887 3534 tilent.
1928 3487 2078 3534 aliam
2120 3501 2272 3550 quam
2317 3502 2402 3550 per
2448 3489 2893 3540 venae-sectionem

1727 3549 2115 3613 frequentiorem,
2178 3551 2393 3608 invenit„
2444 3552 2534 3599 101
2562 3569 2577 3608 3
2640 3551 2896 3614 hujusque

1728 3613 1952 3662 inventae
2000 3614 2218 3662 methodi
2274 3629 2545 3672 successus,
2602 3616 2714 3674 111,
2766 3616 2893 3670 1143

1726 3677 1868 3726 initio
1911 3693 2027 3725 suae
2062 3677 2272 3740 'praxeos
2311 3678 2550 3742 decipitur
2589 3693 2687 3727 usu
2722 3681 2899 3742 qmpi

1727 3741 1895 3804 spinae
1910 3741 2131 3789 cervinae
2142 3742 2196 3790 in
2212 3741 2442 3805 hydrope,
2459 3745 2582 3800 4503
2614 3743 2895 3806 hyatu-ricae

1727 3805 1883 3852 affect-
1921 3805 2175 3854 historiam
2212 3805 2360 3854 tradit
2389 3807 2534 3869 juxta
2569 3822 2687 3855 vera
2728 3805 2898 3856 Natu-

1726 3883 1809 3916 rae
1830 3868 2164 3932 phaenomena
2184 3875 2233 3918 et
2251 3869 2499 3932 propriam
2524 3871 2895 3934 experientiam,

1728 3933 1852 3988 3643
1886 3932 1949 3980 ad
1983 3933 2233 3983 Medicam
2270 3932 2631 3982 A1·tcmseD··¹
2662 3935 2899 3984 Doetoeis

1730 3995 1865 4045 Coxe
1897 3996 2343 4056 hortatuaocinxit,
2366 3999 2425 4054 33
2460 3999 2895 4060 qnareseadAr·

1726 4065 1829 4108 tem
1866 4059 2117 4108 Medicam
2156 4061 2377 4109 nondum
2413 4062 2689 4123 pervenisse
2729 4069 2899 4124 putet,

1728 4125 1852 4181 3063
1888 4125 2068 4187 quibus
2090 4125 2150 4172 de
2172 4125 2335 4172 causis
2366 4132 2626 4173 nactatmn
2647 4141 2799 4174 suum
2820 4128 2898 4176 De

1726 4189 1905 4236 Morbis
1926 4189 2096 4237 Aetatis
2116 4189 2316 4237 tandem
2345 4189 2399 4236 in
2426 4189 2645 4237 medium
2675 4190 2899 4252 proferre

1726 4251 2006 4310 decreverit,
2030 4254 2061 4299 3
2096 4267 2185 4314 sq„
2210 4253 2268 4308 93
2307 4253 2599 4316 perpulchre
2630 4253 2691 4300 de
2724 4253 2897 4302 Medi-

1726 4329 1897 4364 corum
1918 4317 1969 4364 in
1990 4316 2173 4364 morbis
2200 4317 2427 4365 curandis
2460 4317 2616 4365 nimia
2644 4317 2895 4366 festinati-

1726 4393 1819 4426 one
1839 4379 2169 4437 ratiocinatur,
2194 4381 2305 4438 213,
2328 4383 2456 4437 2143
2488 4381 2549 4429 de
2573 4381 2785 4428 Medicis
2808 4397 2898 4430 ca-

1726 4441 2083 4492 lumniantibus
2108 4444 2229 4508 quid
2256 4451 2464 4503 censeat,
2492 4447 2601 4504 134,
2628 4447 2748 4502 1353
2784 4461 2896 4494 me-

1729 2546 1780 2578 se
1799 2547 1899 2578 non
1918 2531 2071 2579 semel
2090 2538 2140 2579 et
2160 2532 2253 2579 sibi
2272 2538 2321 2580 et
