3138 5006
656 248 789 313 320
1295 242 1688 307 THOMAE
1737 238 2256 305 SYDENHAM

382 427 467 475 Da
492 425 607 473 Lm:
655 406 829 471 haud
872 404 1197 489 procedat,
1242 412 1386 467 tum
1438 424 1642 486 grana
1699 410 1848 466 octo
1896 400 2152 466 turbith
2199 398 2526 463 minei-alis
2583 398 2656 461 in
2707 419 2872 463 con-

346 493 631 571 Quas&
656 534 839 576 serva
884 530 1177 575 rosarum
1226 507 1572 571 rubrarum
1623 506 2052 570 exhibeantur
2101 526 2316 587 aegro,
2371 503 2484 586 qui
2533 509 2681 586 post
2729 504 2868 565 sin-

348 580 609 692 ξζζζιὶζῇ-
660 613 843 695 gulas
887 610 1269 675 vomitiones
1314 613 1429 671 aut
1478 607 1662 671 sedes
1709 614 1924 669 sumat
1975 606 2284 670 haustum
2327 603 2596 687 liquoris
2645 624 2872 687 posse-

346 708 575 757 ¹¹¹¹¹¹ffl¹¹²
658 714 773 779 tici
816 713 1039 777 calide.
1128 710 1297 775 Oum
1340 730 1617 793 expuere
1655 707 1989 790 inceperit,
2029 705 2097 771 id
2133 707 2273 789 jam
2309 704 2572 769 Medico
2616 704 2870 786 negotii

351 790 547 836 ‘³⁸⁶⁸’
657 822 919 879 tantum
958 821 1076 891 est,
1114 819 1193 875 ut
1238 810 1511 895 gradum
1550 809 1942 873 salivationis
1981 808 2351 890 scrupulose
2395 805 2738 889 expendat,
2777 826 2870 869 ne

351 853 619 963 fflwgggfo
660 914 965 978 invocatis
1006 920 1251 975 temere
1302 910 1613 994 suppetiis
1661 910 2100 974 salivationem
2145 930 2222 973 eo
2261 930 2468 991 usque
2514 906 2744 971 evehat
2787 914 2872 971 ut

352 981 607 1092 aixerun-
660 1036 849 1099 aeger
883 1013 965 1077 de
991 1014 1125 1077 vita
1154 1012 1577 1096 periclitetur.
1665 1010 1804 1075 Ubi
1829 1012 1968 1094 jam
1995 1010 2378 1094 ptyalismus
2409 1016 2656 1072 statum
2685 1005 2872 1071 debi-

658 1124 803 1181 tum
844 1115 1041 1179 fuerit
1084 1114 1373 1197 adeptus,
1421 1114 1514 1195 (in
1560 1134 1688 1196 quo
1731 1120 2104 1196 expuuntur
2143 1118 2221 1175 ut
2262 1111 2618 1195 plurimum
2659 1109 2870 1173 librae

661 1227 939 1302 quatuor
966 1216 1172 1301 spatio
1208 1214 1658 1300 nycthemeri,)
1703 1214 1803 1277 vel
1833 1217 2284 1297 symptomata,
2317 1210 2571 1275 etiamsi
2604 1210 2870 1293 parcius

661 1322 897 1402 expuat
942 1338 1153 1399 aeger,
1198 1315 1615 1392 evanuerint3
1674 1314 1872 1397 (quod
1912 1315 2294 1397 plerumque
2345 1314 2667 1397 contingit
2716 1319 2870 1396 post

664 1426 960 1503 quartam
981 1417 1155 1480 diem
1184 1438 1223 1479 a
1250 1422 1427 1479 statu
1456 1414 1848 1479 salivationis
1865 1416 1910 1496 3)
1947 1422 2016 1479 et
2045 1415 2380 1479 indusium
2409 1421 2476 1479 et
2504 1416 2632 1479 tori
2661 1414 2874 1479 lintea

662 1525 821 1603 aliis,
848 1544 1011 1607 quae
1040 1544 1079 1586 a
1101 1542 1229 1604 quo
1254 1520 1488 1583 ultimo
1516 1518 1900 1583 lavabantur
1927 1524 2239 1601 usurpata
2259 1518 2636 1601 aliquandiu
2662 1518 2870 1595 fuere,

662 1632 817 1689 sunt
854 1620 1315 1707 permutanda:
1368 1642 1521 1683 cum
1568 1620 1786 1703 priora.
1827 1620 1956 1684 ista
1991 1629 2330 1703 unguento
2369 1620 2612 1684 infecta
2643 1620 2868 1683 saliva-

662 1726 909 1789 tionem
952 1732 1019 1788 et
1056 1722 1261 1805 magis
1302 1744 1497 1805 quam
1540 1731 1681 1786 erat
1719 1745 1880 1808 opus
1923 1723 2282 1803 intendere,
2317 1732 2384 1788 et
2421 1725 2681 1807 longius
2719 1745 2870 1808 pro-

664 1826 919 1890 trahere
954 1846 1149 1909 quam
1183 1845 1375 1907 aegro
1414 1824 1729 1907 expediat,
1761 1832 1914 1910 apta
1945 1832 2103 1889 nata
2137 1826 2288 1890 sint.
2379 1826 2574 1893 Quod
2609 1826 2668 1889 si
2699 1827 2870 1891 forte

663 1928 843 2011 prius
882 1928 1291 2009 elanguescat
1330 1925 1619 1990 salivatio
1660 1950 1854 2011 quam
1889 1935 2324 2012 symptomata
2359 1928 2619 2012 penitus
2655 1928 2872 2011 dispa-

666 2030 937 2106 ruerint,
969 2026 1411 2092 extimulanda
1448 2025 1720 2092 subinde
1755 2036 1853 2092 est
1899 2028 2222 2093 mercurio
2259 2027 2430 2092 dulci
2479 2028 2562 2092 ad
2600 2048 2870 2111 scrupu-

668 2131 807 2193 lum
838 2151 1041 2194 unum
1069 2150 1186 2211 pro
1215 2127 1355 2191 dosi
1384 2127 1690 2192 exhibito.

364 2246 497 2296 Quid
520 2246 562 2293 ai
768 2230 933 2315 [2⁷.]
988 2230 1481 2312 Nonnunquam
1524 2229 1776 2307 accidit,
1815 2229 2192 2314 praesertim
2237 2231 2312 2295 in
2353 2230 2725 2314 corporibus
2769 2231 2872 2295 εὖ·

360 2318 647 2435 Ξξέξέηωῗ
670 2330 1118 2415 μεταβλήτοις,
1184 2331 1358 2415 quod
1420 2338 1566 2414 post
1641 2353 1843 2397 unam
1907 2332 2008 2395 vel
2083 2332 2354 2396 alteram
2417 2333 2870 2397 inunctionem

674 2434 930 2517 (nempe
981 2432 1173 2496 simul
1222 2452 1297 2495 ac
1341 2430 1744 2516 hydrargyro
1795 2432 2056 2516 sanguis
2106 2434 2271 2498 affici
2323 2434 2680 2518 inceperit,)
2729 2435 2874 2498 Na-

665 2542 818 2599 tura
844 2532 1014 2598 illico
1041 2554 1157 2617 per
1188 2532 1503 2597 intestina
1533 2532 1713 2596 hunc
1746 2533 2001 2600 hostem
2036 2535 2350 2619 expellere
2389 2543 2662 2618 satagat,
2693 2537 2872 2601 unde

665 2660 801 2703 non
840 2639 1049 2702 solum
1084 2636 1471 2720 dejectiones
1509 2657 1809 2700 mucosae
1848 2644 1916 2700 et
1952 2637 2238 2700 tormina
2268 2638 2532 2715 ventris,
2567 2644 2644 2702 ut
2680 2639 2755 2702 in
2791 2639 2874 2704 iis

667 2741 779 2825 qui
808 2739 1173 2825 dysenteria.
1197 2738 1515 2817 laborant,
1546 2737 1871 2816 eveniunt,
1900 2757 2124 2802 verum
2155 2739 2353 2803 etiam
2381 2740 2630 2804 curatio
2659 2742 2876 2810 morbi

666 2843 1035 2928 impeditur,
1076 2846 1302 2925 utpote
1341 2839 1453 2922 qui
1492 2838 1854 2902 salivationi
1891 2839 2346 2904 tantummodo
2379 2840 2606 2904 cedere
2645 2844 2873 2910 soleat.

670 2946 757 3010 In
799 2946 923 3011 hoc
964 2965 1119 3009 casu
1161 2964 1201 3006 a
1240 2940 1559 3005 mercurio
1619 2941 1748 3003 sive
1792 2947 1974 3005 extra
2017 2941 2337 3025 applicito,
2379 2943 2508 3006 sive
2549 2943 2732 3007 intra
2773 2965 2876 3007 as-

670 3055 949 3132 sumpto,
967 3065 1227 3131 prorsus
1256 3041 1718 3119 absistendum,
1743 3041 1946 3105 donec
1966 3041 2126 3106 haec
2157 3049 2590 3127 symptomata
2607 3045 2875 3128 penitus

672 3151 1085 3226 evanuerint3
1138 3155 1331 3228 atque
1348 3153 1372 3182 ⁰
1415 3165 1606 3228 porro
1654 3143 1864 3207 dietus
1907 3142 2032 3206 alvi
2065 3145 2276 3208 fluxus
2312 3145 2448 3229 (qui
2489 3146 2876 3229 plerumque

672 3251 905 3314 accidit
944 3257 1292 3331 antequam
1330 3245 1618 3310 salivatio
1655 3243 1820 3308 bene
1861 3247 2199 3328 assurgat,)
2245 3247 2569 3310 sistendus
2608 3255 2709 3310 est
2747 3269 2878 3311 usu

672 3351 935 3415 laudani
990 3349 1238 3432 liquidi,
1289 3347 1387 3411 ita
1429 3347 1635 3411 dosim
1687 3344 1982 3429 augendo
2035 3355 2230 3431 atque
2275 3349 2626 3432 repetendo
2677 3358 2876 3434 prout

672 3459 903 3534 urgeat
946 3459 1342 3536 symptoma3
1404 3456 1517 3514 aut
1558 3447 1894 3512 diascordii
1941 3449 2462 3532 sesquidrachma
2511 3452 2872 3535 aliquoties,

672 3560 865 3639 prout
922 3575 1082 3638 opus
1139 3552 1354 3630 fuerit,
1414 3549 1732 3614 devorata.
1821 3548 2180 3614 Diarrhoea
2240 3551 2509 3616 tandem
2567 3553 2872 3632 cohibita,

674 3656 963 3721 salivatio
1001 3653 1217 3718 debito
1256 3652 1447 3716 modo
1483 3651 1827 3734 procedere
1871 3651 2052 3730 solet,
2092 3672 2257 3735 quae
2301 3659 2496 3718 antea
2530 3653 2636 3718 vix
2680 3677 2878 3740 appa-

674 3766 867 3826 reret.

369 3873 632 3924 Convales-
772 3859 938 3946 [28]
994 3856 1490 3922 convalescente
1525 3854 1607 3918 de
1635 3857 1902 3920 cacteris
1938 3877 2150 3939 aegro,
2179 3856 2307 3920 nisi
2342 3856 2517 3942 quod
2549 3879 2621 3921 os
2661 3857 2876 3923 adhuc

368 3947 639 4068 ggtssoffi,
674 3963 1095 4039 exulceretur,
1145 3958 1279 4041 (qui
1326 3957 1647 4040 genuinus
1697 3965 1796 4022 est
1845 3958 2170 4042 ptyalismi
2217 3959 2514 4044 finctus)
2563 3961 2872 4039 salivatio,

368 4083 639 4197 {3¹33qu
676 4089 841 4152 quae
884 4067 1022 4150 jam
1062 4061 1270 4127 indies
1312 4061 1722 4141 inminuitur,
1762 4081 1883 4124 nec
1924 4059 2310 4144 purgatione
2345 4081 2469 4125 nec
2513 4061 2639 4124 alio
2681 4060 2876 4130 modo

742 4301 765 4328 ⁶
794 4287 1269 4356 atque-wppoereret]
1306 4303 1423 4350 quae
1458 4295 1511 4335 ut
1532 4285 1734 4348 facilius
1819 4303 1906 4350 que
1921 4303 2062 4349 porro
2076 4295 2128 4336 ut
2144 4291 2512 4337 eorwboroentum
2533 4303 2590 4336 ex
2609 4289 2872 4348 cephalica,

678 4366 966 4407 amoveantur
1002 4358 1115 4404 utile
1142 4357 1233 4402 erit
1266 4361 1321 4400 ut
1354 4355 1606 4400 dictandis·
1637 4367 1733 4400 ees·
1819 4360 1866 4400 et
1883 4355 1934 4399 id
1950 4369 2097 4414 genus
2117 4355 2240 4409 aliis,
2255 4355 2359 4400 vino
2373 4353 2630 4413 Hispa-‘co
2649 4358 2874 4398 coctorum

679 4425 1017 4485 quidraehmam
1032 4435 1171 4481 aeger
1182 4419 1424 4478 aliquoties
1444 4419 1643 4474 devoret,
1661 4424 1735 4464 at-
1817 4431 2027 4478 vaporm
2043 4419 2300 4480 recipientia
2316 4419 2431 4464 ulla
2439 4413 2682 4478 persor-ata
2699 4413 2870 4472 ea’eo,
