3138 5006
1274 1124 1458 1178 VITA

716 1345 1220 1435 THOMAE
1273 1344 2006 1474 SYDENHAM.

259 1592 652 1660 (Couscnma
671 1604 710 1643 A
730 1587 970 1647 canoto
989 1589 1056 1642 G.
1074 1573 1268 1653 Kiinn,
1289 1604 1408 1642 cun
1423 1604 1760 1648 omnusnau
1780 1603 1983 1642 Auens
1998 1604 2070 1640 m·
2084 1590 2464 1658 munuum-1³.)

349 1777 642 1840 Tunius
697 1775 1114 1853 SYnsNHAM,
1147 1797 1320 1840 anno
1383 1775 1573 1853 1624,
1604 1780 1797 1838 natus
1843 1775 1966 1860 fuit
2016 1777 2089 1839 in
2139 1796 2307 1858 pago
2356 1776 2464 1840 cui
2493 1785 2771 1844 A.D.1624,

259 1900 504 1944 nomen
562 1878 853 1960 anord
903 1879 1123 1960 Εαῃῑε,
1169 1879 1240 1940 in
1296 1876 1625 1962 provincia
1682 1877 2079 1957 Dorsetensi,
2138 1878 2255 1942 ubi
2322 1879 2461 1962 ejus
2492 1849 2772 1976 ξξὲἒιῗζω

258 1991 466 2068 pater,
491 1983 896 2060 Guilielmus,
925 1982 1022 2044 vir
1053 2001 1418 2064 generosuS,
1443 1981 1659 2063 plures
1690 2000 1923 2063 eosque
1953 1981 2197 2062 amplos
2226 1980 2463 2045 fundos
2491 1985 2633 2027 natus
2652 1987 2737 2027 esst-

257 2083 685 2168 possidebat⁸.
784 2082 916 2148 Qui
944 2082 1062 2146 filii
1091 2083 1546 2147 educationem
1590 2082 1849 2162 rexerit,
1882 2088 1993 2146 aut
2038 2105 2168 2166 qua
2210 2084 2461 2149 ratione
2491 2102 2570 2150 De
2590 2103 2697 2164 ejus

258 2189 404 2271 ejus
459 2185 738 2250 infantia
793 2191 1122 2250 transacta
1175 2184 1394 2263 fuerit,
1455 2191 1860 2267 compertum
1920 2206 2061 2249 non
2125 2187 2459 2252 habemus.
2489 2167 2773 2279 ffi‘gfssf'i'

258 2290 496 2373 Neque
542 2309 692 2352 vero
741 2289 960 2351 minus
1007 2287 1244 2350 incerti
1289 2286 1651 2365 haeremm,
1706 2294 1976 2366 mature,
2030 2309 2237 2354 necne
2286 2291 2463 2354 exhi-
2489 2305 2683 2360 portum
2694 2299 2773 2344 ha·

257 2390 477 2456 buerit
515 2391 794 2454 Thomas
830 2389 1220 2454 documenta
1259 2389 1506 2470 ingenii
1541 2389 1627 2452 ad
1654 2389 1948 2454 Naturae
1988 2392 2275 2456 studium
2317 2415 2461 2477 pro·
2488 2363 2673 2410 bemus.

257 2493 655 2560 movendum
683 2491 976 2575 inprimis
1008 2491 1162 2575 apti,
1193 2492 1294 2555 vel
1323 2490 1564 2575 aliquid
1597 2491 1821 2557 fecerit
1853 2494 2027 2559 unde
2060 2496 2465 2579 praesagium
2550 2508 2587 2519 ·’

258 2620 538 2681 magnae
595 2596 878 2661 nominis
937 2593 1330 2659 celebritatis
1387 2596 1524 2678 peti
1582 2602 1835 2679 poterat
1896 2618 2091 2681 quam
2142 2600 2465 2683 quondam

259 2701 631 2766 felicissimo
673 2699 974 2764 Medicae
1000 2698 1182 2762 Artis
1223 2698 1438 2762 studio
1475 2706 1645 2763 esset
1678 2696 2159 2766 consecuturus.
2252 2702 2467 2767 Quam

260 2805 346 2869 ob
379 2826 518 2868 rem
547 2802 906 2869 curiositati
934 2808 1214 2879 nostrae,
1249 2822 1378 2885 qua
1420 2803 1705 2866 naturali
1732 2804 1925 2868 modo
1956 2806 2038 2868 ad
2065 2806 2302 2889 primas
2329 2814 2468 2870 tam

258 2907 576 2991 praeclari
601 2906 852 2989 ingenii
885 2904 1384 2987 significationes
1425 2902 1872 2984 observandas,
1903 2928 2025 2971 nec
2052 2929 2188 2971 non
2216 2909 2315 2971 ad'
2330 2910 2469 2992 ejus

257 3009 594 3073 infantiles
643 3008 824 3092 quasi
863 3006 1336 3092 disquisitiones
1389 3012 1643 3071 attento
1704 3008 1921 3072 animo
1973 3011 2465 3093 persequendas,

260 3112 580 3191 ducimur,
612 3111 878 3176 modum
909 3116 1194 3174 statuere
1226 3110 1550 3173 debemus.
1634 3150 1639 3157 ·

313 3214 442 3299 [2.]
476 3215 563 3278 In
583 3212 1020 3299 Sydenhamio
1041 3220 1266 3276 nostro
1281 3213 1418 3295 jam
1443 3234 1480 3276 a
1496 3212 1721 3296 primis
1743 3214 2057 3297 pueritiae
2080 3215 2267 3279 annis
2286 3238 2467 3280 men-

258 3320 346 3382 tis
385 3317 610 3397 aciem,
636 3316 865 3400 judicii
905 3314 1356 3389 subtilitatem,
1389 3314 1805 3399 discendique
1843 3317 2135 3382 ardorem
2173 3318 2468 3402 viguisse,

259 3422 370 3485 vix
403 3421 474 3484 in
515 3420 787 3484 dubium
824 3418 1036 3484 vocari
1078 3423 1314 3502 potest,
1347 3417 1599 3481 etiamsi
1627 3418 1800 3483 inter
1843 3440 2106 3484 coaevos
2139 3422 2306 3484 nulli
2340 3421 2472 3484 sint

263 3523 376 3607 qui
403 3524 474 3587 id
503 3522 760 3587 disertis
788 3521 998 3586 verbis
1027 3528 1372 3585 testentur.
1463 3521 1731 3585 Etenim
1759 3523 1883 3587 hoc
1912 3523 2191 3588 Thomas
2225 3523 2471 3607 Syden-

261 3626 418 3691 ham
465 3646 614 3690 cum
665 3624 1002 3709 permultis
1055 3624 1214 3700 aliis,
1263 3624 1471 3707 iisque
1517 3624 2053 3705 celebratissimis,
2102 3626 2253 3690 viris
2300 3647 2471 3692 com-

265 3751 468 3794 mune
504 3730 721 3809 habet,
761 3728 933 3813 quod
967 3726 1212 3809 ingenii
1253 3726 1633 3791 excellentia
1680 3733 1746 3789 et
1786 3727 2167 3793 eruditionis
2208 3728 2472 3793 ubertas

267 3840 399 3899 noh
439 3832 567 3897 nisi
609 3854 688 3897 ex
726 3853 952 3896 eorum
995 3830 1248 3915 scriptis
1291 3829 1612 3913 rebusque
1656 3830 1857 3915 gestis
1900 3837 2192 3909 constet3
2240 3830 2473 3915 quibus

265 3944 489 4002 autem
545 3935 871 4020 magistris
937 3933 1100 3997 illud
1162 3932 1515 3997 excitatum
1575 3933 2051 4016 excultumque,
2114 3954 2315 4018 quave
2373 3934 2479 3997 via

265 4040 425 4105 haec
455 4038 724 4104 collecta
751 4045 820 4101 et
849 4044 1040 4101 aucta
1065 4036 1282 4114 fuerit,
1315 4056 1434 4100 nos
1462 4035 1724 4118 penitus
1753 4034 1973 4101 lateat.

365 4141 487 4225 [3.]
530 4140 714 4206 Quae
742 4162 892 4204 cum
920 4140 1015 4204 ita
1043 4139 1193 4217 sint,
1217 4138 1436 4221 paucis
1458 4136 1607 4215 illis,
1635 4159 1799 4220 quae
1830 4145 1945 4203 aut
1972 4139 2109 4223 ipse
2142 4140 2477 4223 Sydenha-

265 4243 456 4322 mins,
481 4250 594 4307 aut
615 4243 724 4307 alii
741 4243 810 4306 in
836 4242 1088 4325 scriptis
1111 4242 1244 4307 suis
1267 4240 1475 4305 obiter
1497 4240 1577 4303 de
1602 4241 1875 4323 juvenili
1896 4242 2037 4325 ejus
2059 4248 2269 4305 aetate
2288 4241 2475 4305 nobis

279 4484 290 4495 .
331 4428 353 4451 ⁸
385 4420 514 4534 Ὲῧὲἑιέε
549 4426 758 4469 stemma
792 4420 954 4467 videre
989 4424 1062 4467 est
1097 4418 1225 4480 apud
1259 4417 1496 4465 Joannem
1536 4416 1805 4475 Hutchins‚
1830 4420 1955 4467 Hist.
1982 4417 2038 4480 qs
2052 4422 2356 4478 Dorsetehire,
2379 4422 2473 4470 vol.

277 4500 306 4532 1.
330 4501 374 4548 p.
495 4521 508 4533 .
