3138 5006
1032 270 1559 336 TRAOTATUS
1607 270 1665 334 Ι.
1801 301 1808 311 ·
2321 273 2453 336 449

242 435 498 521 φλέβας
547 436 661 500 τοῦ
712 431 1028 497 δακτύλου
1073 431 1235 517 ὑπὲρ
1293 433 1407 495 τοῦ
1458 427 1768 495 κονδύλου
1825 429 2066 517 ὀλύγον·
2129 430 2328 496 καίειν
2385 427 2454 494 δὲ
2495 449 2578 498 Da
2603 449 2741 499 Pon-

241 534 583 620 ὠμολίνῳ]
624 535 667 598 1.
697 556 755 598 e.
787 535 956 597 Huic
984 533 1195 596 eadem
1225 553 1380 614 quae
1420 533 1752 596 articulari
1781 533 1988 596 morbo
2021 533 2359 615 conferunt,
2389 539 2452 597 et
2543 529 2701 565 ΛΟΜ·

241 643 458 721 lonym
486 638 727 720 quidem
758 639 860 700 hic
888 636 1133 700 morbus
1162 640 1251 698 est
1292 641 1351 698 et
1383 637 1618 717 ,oravi-9,
1652 636 1898 698 minime
1927 641 2132 699 tamen
2162 637 2408 699 lethalis
2425 664 2448 698 .-

242 741 411 823 quod
438 742 495 802 si
529 742 597 803 in
634 740 851 822 diqitis
890 740 1065 802 dolor
1097 743 1433 815 remaneat,
1464 758 1652 800 venas
1685 738 1754 800 in
1797 738 1992 819 digito
2021 740 2217 819 paulo
2255 758 2450 819 supra

240 845 575 907 articulum
618 844 893 914 inm-itm
940 843 1101 904 ustio
1141 847 1344 904 autem
1376 861 1499 922 per
1543 842 1734 904 linum
1774 841 2032 904 crudum
2048 841 2196 922 fiat.
2288 841 2447 924 Opi-

241 969 363 1011 nor
390 947 720 1011 neminem
755 966 941 1029 posse
980 945 1364 1022 existimare,
1396 965 1539 1008 eam
1589 965 1728 1008 esse
1769 944 2201 1008 differentiam
2245 945 2445 1029 speci·
2475 964 2612 1013 Nihil

242 1051 430 1113 ficam
458 1050 631 1113 inter
658 1049 986 1112 flammam
1014 1046 1117 1111 vel
1154 1069 1193 1111 a
1226 1046 1380 1124 linc,
1410 1046 1514 1109 vel
1541 1045 1622 1129 ab
1653 1046 1776 1110 hoc
1805 1067 2026 1110 musco
2057 1047 2305 1126 IndicO,
2337 1069 2443 1111 ex·
2469 1029 2670 1142 ἓξὲξ*

240 1152 524 1231 citatam,
556 1158 632 1215 ut
674 1151 833 1215 haec
876 1151 988 1214 illa
1029 1151 1101 1213 in
1146 1149 1479 1212 sanatione
1510 1149 1844 1232 Podagrae
1873 1150 2018 1233 plus
2048 1151 2278 1230 valeat,
2310 1172 2445 1215 non
2471 1173 2617 1234 upon
2639 1173 2704 1206 an

239 1255 446 1337 magis
477 1273 670 1337 quam
698 1251 1087 1335 reputaverit
1117 1250 1337 1333 ignem
1367 1271 1403 1315 e
1432 1233 1688 1314 roboris·
1721 1253 2072 1334 segmentis
2103 1274 2444 1318 accensum
2469 1222 2572 1337 {1²25
2602 1222 2752 1272 “¹⁰⁶⁰

240 1359 449 1440 majus
500 1345 742 1439 aliquid
790 1361 1114 1438 praestare
1160 1375 1344 1437 posse
1392 1354 1504 1417 illo
1556 1354 1669 1436 qui
1715 1355 1952 1418 fraxini
2001 1355 2182 1438 ligno
2227 1357 2441 1423 alitur.

243 1460 425 1523 Haec
474 1459 675 1543 partis
734 1457 999 1521 affectae
1056 1456 1368 1520 ustulatio
1420 1455 1665 1538 aliquid
1719 1458 2058 1540 pollicetur
2123 1456 2319 1541 (quod
2376 1467 2445 1523 et

238 1565 486 1628 efficere
516 1562 901 1647 quandoque
938 1561 1182 1644 possit,)
1224 1560 1305 1624 ad
1349 1561 1584 1624 doloris
1627 1562 2267 1644 commitigationem,
2298 1583 2442 1628 evo-

235 1675 383 1731 cata
426 1667 667 1730 scilicet
709 1664 954 1730 fomitis
996 1663 1312 1726 morbifici
1354 1670 1539 1746 parte
1586 1663 2006 1728 subtilissima
2049 1685 2123 1728 ac
2163 1665 2442 1730 maxime
2469 1684 2698 1734 Dolorem

237 1770 602 1852 spirituosa,
630 1767 702 1831 in
730 1767 1075 1830 articulum
1107 1767 1244 1850 jam
1292 1765 1601 1849 deposita.
1693 1767 2009 1832 Attamen
2050 1767 2441 1832 beneficium
2467 1748 2717 1862 ἒᾶξξξξ

239 1871 323 1935 ab
366 1871 491 1935 hoc
522 1869 807 1934 remedio
840 1876 1119 1953 partum,
1152 1890 1301 1932 cum
1346 1869 1865 1951 indigestionem,
1907 1893 2071 1955 quae
2109 1872 2442 1954 Podagrae
2467 1885 2565 1940 get,
2589 1879 2676 1927 sed

238 1995 434 2038 causa
462 1979 560 2038 est
590 1971 992 2050 antecedens,
1023 1971 1203 2035 nullo
1234 1970 1427 2034 modo
1458 1971 1760 2054 attingat,
1791 1972 1989 2055 fugax
2018 1994 2156 2038 esse
2186 1981 2442 2058 oportet
2468 1958 2718 2070 &aa

237 2098 313 2140 ac
340 2076 552 2139 breve.
628 2075 861 2157 Neque
890 2095 1049 2158 opus
1081 2080 1179 2136 est
1208 2080 1284 2136 ut
1315 2073 1524 2136 dicam
1552 2073 1716 2136 illud
1745 2073 1816 2136 in
1839 2074 2150 2158 Podagris
2177 2082 2442 2140 tantum
2467 2072 2754 2120 anteceden-

237 2178 696 2262 incipientibus
733 2177 946 2242 locum
987 2177 1261 2255 habere3
1310 2175 1567 2260 quando
1603 2177 1798 2256 enim,
1831 2177 1962 2240 sive
1992 2198 2031 2240 a
2059 2179 2269 2242 morbi
2299 2179 2439 2242 diu·
2465 2143 2687 2263 ῗιὲῃὲῗὲ

234 2282 569 2360 turnitate‚
602 2281 733 2345 sive
762 2281 841 2345 ab
871 2281 1244 2364 importuno
1274 2286 1468 2362 atque
1496 2278 1791 2344 indebito
1822 2280 2441 2346 medicamentorum
2467 2280 2732 2393 {335010252

234 2409 375 2466 usu,
406 2387 703 2469 Podagra
738 2387 835 2469 (ut
875 2384 1147 2448 subinde
1186 2385 1307 2466 fit,)
1344 2384 1428 2446 ad
1454 2389 1668 2467 partes
1712 2384 2003 2448 internas
2046 2383 2242 2449 fuerit
2288 2407 2438 2450 con-
2466 2381 2578 2458 runi
2600 2361 2672 2458 31¹

234 2511 435 2569 versa,
468 2512 541 2553 ac
570 2488 839 2573 proinde
869 2487 1288 2571 aegritudine,
1312 2486 1700 2552 torminibus
1723 2488 1986 2568 ventriS,
2018 2495 2214 2574 atque
2241 2491 2439 2575 longo
2464 2475 2684 2551 partibus

234 2591 607 2675 hujusmodi
630 2597 1135 2675 symptomatum
1156 2590 1433 2673 agmine,
1455 2590 1672 2673 potius
1696 2612 1889 2673 quam
1914 2591 2150 2671 dolore,
2172 2614 2439 2677 aegrum
2462 2547 2748 2661 azzexi-31:33:

233 2694 623 2773 multaverit,
655 2714 848 2757 nemo
877 2715 1070 2757 sanus
1098 2694 1251 2775 igne
1278 2692 1600 2756 utendum
1627 2714 1766 2757 esse
1795 2693 2231 2759 arbitrabitur.
2439 2684 2699 2781 {gagen

335 2797 449 2880 [69
457 2798 501 2882 .]
556 2799 663 2861 Ε11
690 2796 870 2860 vobis
908 2796 1125 2859 omnia
1161 2816 1325 2878 quae
1363 2794 1525 2858 mihi
1561 2795 1876 2859 hactenus
1917 2805 2244 2879 comperta
2282 2805 2436 2864 sunt
2462 2811 2542 2859 De
2567 2814 2726 2876 speci-

2463 2875 2568 2923 ficis
2591 2892 2753 2939 quan-

235 2900 308 2963 in
327 2900 523 2984 hujus
544 2898 756 2963 morbi
778 2898 1127 2962 curatione.
1179 2897 1250 2960 Si
1273 2896 1413 2980 quis
1446 2896 1727 2979 objiciat,
1754 2898 1962 2961 multa
1988 2920 2125 2963 esse
2153 2901 2439 2966 remedia
2463 2946 2512 2988 „a
2533 2940 2614 2989 hic
2637 2948 2686 2989 et

240 3003 535 3087 specifica
556 3003 639 3067 ad
660 2999 1041 3083 Podagram,
1065 3021 1187 3083 ego
1208 3020 1313 3063 me
1336 3020 1413 3063 ea
1440 3000 1689 3063 nescire
1717 2998 1950 3063 lubens
1970 2999 2214 3079 fateor3
2247 3010 2312 3066 et
2333 3024 2436 3067 ve-
2462 3004 2580 3052 alibi
2603 3006 2684 3053 de·

234 3126 381 3169 reor
396 3126 482 3169 ne
502 3104 915 3189 promissores
932 3104 1042 3167 isti
1058 3102 1323 3186 perinde
1344 3102 1475 3165 sint
1494 3101 1708 3184 ignari
1725 3123 1800 3165 ac
1823 3124 1968 3166 sum
1987 3124 2126 3187 ego·
2173 3104 2262 3167 Et
2281 3126 2437 3170 sane
2462 3076 2732 3119 cantentur.

233 3208 586 3273 dolendum
632 3215 731 3271 est
774 3205 1173 3271 Medicinam
1224 3205 1453 3288 (artem
1503 3203 2014 3289 nobilissimam,)
2063 3206 2436 3291 hujusmodi

234 3312 427 3394 nugis
477 3312 684 3395 (quae,
730 3309 859 3373 sive
916 3309 999 3373 ab
1057 3308 1313 3371 inscitia
1372 3306 1503 3371 sive
1556 3328 1596 3370 a
1651 3308 1968 3390 pravitate
2027 3310 2431 3393 scriptorum,

230 3414 505 3479 credulis
556 3412 994 3497 objiciuntur,)
1042 3432 1247 3495 usque
1300 3410 1459 3474 adeo
1516 3409 1882 3493 deturpari;
1945 3432 2097 3476 cum
2137 3413 2212 3476 in
2253 3414 2434 3478 omni

230 3516 365 3581 fere
424 3515 797 3579 morborum
855 3534 1091 3597 genere
1147 3512 1518 3596 hujusmodi
1578 3512 1822 3595 aliquid
1881 3534 1921 3576 a
1977 3514 2432 3596 nugivendulis

229 3626 544 3701 tanquam
589 3614 747 3708 θεῶν
794 3618 1001 3704 χεῖρες
1044 3615 1425 3679 decantetur
1483 3615 1676 3698 pleno
1727 3635 1837 3679 ore
1871 3641 1885 3679 ε
1954 3623 2021 3679 et
2079 3616 2272 3701 (quod
2332 3623 2432 3682 est

232 3720 439 3803 magis
477 3719 888 3801 mirandum,)
926 3718 1097 3801 quod
1130 3739 1266 3781 non
1304 3725 1565 3782 tantum
1607 3717 1677 3780 in
1706 3717 1946 3781 morbis
1987 3724 2143 3802 typo
2181 3719 2431 3783 indutis

229 3820 603 3905 hujusmodi
632 3820 1053 3884 deliramenta
1086 3819 1443 3897 obtineant,
1474 3820 1587 3883 sed
1617 3825 1684 3883 et
1711 3819 1783 3882 in
1817 3819 2086 3883 minime
2114 3819 2426 3900 formatiS,

231 3923 344 4006 qui
373 3922 455 3986 ab
486 3943 877 4005 organorum
910 3921 1191 3987 laesione
1228 3922 1441 4006 aliqua-
1480 3929 1595 3986 aut
1625 3920 1951 4008 προφάσει
1979 3929 2246 3987 externa
2281 3945 2426 4006 pro-

232 4026 579 4103 ducuntur,
608 4024 759 4088 viris
788 4025 985 4089 etiam
1015 4032 1267 4090 caetera
1301 4025 1578 4088 cordatis
1608 4024 1966 4107 imponant.
2056 4027 2276 4107 Atque
2305 4025 2430 4090 hoc

228 4128 384 4193 satis
435 4128 741 4192 evincunt
791 4128 1086 4211 specifica
1134 4128 1206 4191 in
1256 4127 1744 4191 contusionibus
1795 4127 1989 4208 vulgo
2038 4126 2427 4210 praedicata,

230 4232 444 4315 qualia
486 4237 639 4295 sunt
680 4252 931 4314 sperma
969 4231 1115 4309 ceti,
1146 4232 1369 4313 tegula
1410 4229 1781 4315 hybernica,
1820 4236 1964 4305 etc„
2009 4250 2171 4311 quae
2211 4230 2430 4293 omnia

229 4334 302 4397 id
326 4341 588 4399 tantum
617 4340 967 4417 praestant,
1000 4341 1076 4398 ut
1103 4333 1503 4411 methodum,
1537 4355 1666 4415 qua
1693 4331 1960 4395 tractari
1983 4330 2293 4395 debuerat
2322 4332 2428 4396 hic
2455 4355 2745 4405 Venae-see-

229 4437 516 4518 affectus,
576 4438 933 4503 divertant:
1002 4443 1195 4521 prout
1252 4435 1350 4499 illi
1407 4436 1561 4500 satis
1613 4432 1935 4498 constabit
1989 4434 2099 4518 qui
2157 4435 2428 4519 experiri
2454 4426 2587 4553 ἓὲιξξ
2595 4437 2737 4535 ξιξ,

1270 4541 1313 4601 3
1347 4558 1399 4600 u
