3138 5006
718 310 1211 379 scurnum
1250 264 1787 381 momorum
1811 312 1972 381 ·111.
2317 318 2448 383 525

247 465 543 551 diligenti
590 491 745 536 cum
792 492 949 537 cura
1002 474 1362 539 tenendum
1420 478 1565 559 est,)
1629 498 1738 541 me
1792 476 2056 556 reficio}
2127 476 2351 543 statim
2407 500 2452 544 a
2475 492 2752 543 Delum-ru

242 571 515 653 prandio
555 594 671 656 per
713 573 1000 657 singulos
1044 576 1181 641 dies
1213 577 1349 641 vini
1389 578 1700 643 Canarini
1741 579 1888 663 plus
1929 577 2175 663 aliquid
2219 587 2450 665 quarta
2496 557 2730 673 {3⁰3¹}ss

243 680 429 755 parte
457 674 658 740 librae
694 676 833 759 (seu
852 678 1118 761 pintae)
1167 680 1465 763 vulgaris,
1498 679 1583 744 ad
1619 680 2122 765 promovendam
2155 682 2450 747 ciborum

245 774 315 838 in
360 777 716 842 ventriculo
760 780 1262 860 concoctionem,
1309 789 1377 845 et
1424 782 1509 847 ad
1554 782 1962 847 arthritidem
2013 805 2054 847 a.
2101 783 2448 849 visceribus

244 878 467 958 procul
510 880 873 959 arcendam,
901 882 1161 947 haurire
1200 882 1393 948 soleo.
1486 885 1769 949 Pransus
1801 886 2044 949 iterum
2077 884 2280 950 rheda
2303 908 2448 951 vec-

245 985 367 1057 tor,
398 987 483 1059 et,
516 982 763 1065 quoties
790 1004 907 1067 per
935 986 1385 1069 occupationes
1412 1007 1590 1051 meas
1617 1009 1753 1052 non
1781 985 2109 1067 distineor,
2131 1008 2244 1051 rus
2270 996 2446 1072 peto,

244 1081 413 1145 aEris
471 1083 837 1149 salubrioris
902 1086 1261 1171 inspirandi
1323 1088 1549 1171 gratia,
1619 1088 1728 1153 ad·
1773 1088 2072 1153 milliaria.
2143 1089 2275 1155 duo
2342 1092 2450 1155 vel

243 1182 387 1246 tria.
478 1186 832 1253 cerevisiae
857 1189 1167 1253 tenuioris
1195 1190 1465 1255 haustus
1494 1191 1656 1253 mihi
1683 1211 1800 1275 pro
1828 1212 2029 1256 coena
2056 1197 2190 1270 est3
2237 1192 2350 1257 sed
2377 1200 2445 1257 et

243 1284 420 1350 hunc
456 1295 679 1372 repeto
715 1291 909 1355 etiam
942 1291 1015 1355 in
1055 1293 1314 1371 lectulo,
1344 1314 1450 1357 me
1486 1294 1626 1377 jam
1667 1294 1754 1357 ad
1795 1315 2096 1358 somnum
2131 1295 2444 1377 composi·

242 1393 465 1467 turus,
510 1389 705 1473 idque
748 1413 825 1456 eo
864 1394 1015 1473 fine,
1045 1401 1124 1457 ut
1162 1394 1287 1459 hoc
1322 1395 1571 1479 julapio
1615 1416 1836 1461 succos
1875 1416 2052 1460 acres
2082 1395 2444 1479 calidosque

240 1488 312 1551 in
337 1491 627 1557 Renibus
658 1494 1076 1576 stabulantes,
1100 1518 1136 1562 e
1159 1497 1391 1580 quibus
1414 1498 1489 1561 fit
1518 1498 1821 1578 calculus,
1851 1498 2222 1583 refrigerem
2251 1498 2446 1565 simul

243 1611 319 1655 ac
347 1592 609 1659 diluam.
697 1597 843 1680 Ego
866 1617 1016 1663 vero
1046 1605 1112 1663 et
1140 1599 1247 1663 hic
1290 1606 1357 1663 et
1389 1598 1565 1664 inter
1593 1600 2044 1683 prandendum
2073 1600 2444 1665 cerevisiam

240 1700 508 1760 tenuem
555 1699 935 1782 lupulatam,
983 1699 1317 1765 cerevisiae
1362 1722 1500 1765 non
1556 1701 1905 1784 lupulatae,
1965 1701 2443 1784 quantumlibet

239 1798 429 1861 tenui
470 1819 545 1863 ac
587 1800 753 1878 miti,
791 1802 1276 1885 praeferendam
1328 1823 1595 1869 censeo:
1653 1804 1808 1867 licet
1859 1801 2034 1866 enim
2072 1824 2208 1867 non
2248 1803 2440 1886 lupu-

239 1898 391 1977 lata,
422 1902 690 1967 mollitie
719 1924 793 1967 ac
820 1904 1185 1971 lubricitate
1216 1927 1343 1989 qua
1382 1906 1603 1990 pollet,
1634 1905 1718 1970 ad
1761 1902 2254 1969 subducendum
2293 1904 2440 1968 Cal-

240 2001 461 2065 culum
511 2004 649 2087 jam
706 2004 779 2068 in
830 2004 1119 2071 Renibus
1162 2015 1555 2087 concretum,
1601 2007 1808 2091 magis
1851 2007 2082 2085 faciat3
2149 2012 2442 2070 attamen

237 2103 546 2186 lupulata‚
583 2106 667 2171 ob
705 2107 912 2172 levem
952 2108 1133 2173 illam
1176 2110 1638 2195 stypticitatem
1678 2130 1872 2193 quam
1916 2108 2298 2191 impertiunt
2339 2108 2440 2171 lu-

236 2205 393 2288 puli,
437 2207 655 2273 minus
696 2210 851 2275 facit
900 2211 985 2276 ad
1029 2212 1237 2276 sabuli
1282 2213 1384 2277 vel
1424 2210 1732 2276 materiae
1775 2210 2130 2275 calculosae
2173 2230 2438 2293 genera-

235 2310 501 2389 tionem,
532 2334 727 2396 quam
767 2314 923 2379 facit
956 2337 1093 2380 non
1133 2316 1445 2401 lupulata,
1478 2317 1664 2401 cujus
1706 2322 1774 2381 et
1816 2314 2111 2380 viscidior
2150 2322 2250 2380 est
2285 2317 2438 2381 sub-

230 2416 496 2495 stantia,
526 2425 594 2481 et
622 2418 1044 2484 lutulentior¹.
1104 2420 1279 2485 Mihi
1305 2441 1497 2484 curae
1526 2427 1645 2499 est,
1673 2418 2050 2503 praesertim
2078 2418 2330 2503 hyeme,
2361 2428 2438 2485 ut

235 2515 481 2581 lectum
507 2523 859 2604 temporius
886 2529 1103 2606 petam
1124 2549 1147 2602 3
1192 2545 1319 2608 quo
1347 2523 1513 2586 nihil
1544 2523 1752 2606 magis
1781 2522 2032 2587 confert
2060 2521 2144 2586 ad
2173 2543 2436 2588 concoc-

234 2618 446 2683 tiones
474 2627 649 2686 recte
672 2625 1113 2706 perficiendas,
1137 2632 1204 2690 et
1232 2625 1317 2690 ad
1343 2626 1850 2690 conservandum
1878 2625 2119 2710 pariter
2145 2631 2437 2691 tenorem

234 2723 423 2787 illum
465 2732 659 2808 atque
698 2727 1009 2806 ordinem,
1046 2729 1159 2812 qui
1200 2729 1499 2793 Naturae
1532 2728 1682 2812 jure
1723 2728 2036 2793 debetur:
2103 2727 2314 2807 sicuti,
2357 2750 2439 2794 ex

236 2823 524 2903 adverso,
553 2833 911 2892 nocturnae
938 2829 1417 2895 lucubrationes
1445 2851 1675 2894 senum
1703 2851 1854 2894 cum
1883 2830 2109 2894 morbo
2139 2829 2440 2894 chronico

236 2931 666 3016 qualicunque
712 2932 1221 2998 conflictantium
1264 2941 1413 2998 tum
1462 2935 1906 3000 concoctiones
1955 2956 2180 2999 omnes
2225 2934 2438 2998 immi-

234 3041 453 3098 nuunt
502 3055 577 3098 ac
629 3035 999 3119 depravant,
1044 3043 1193 3100 tum
1230 3036 1584 3101 eorundem
1625 3034 1940 3118 principio
1983 3033 2161 3098 vitali
2203 3035 2438 3098 vulnus

230 3135 411 3200 haud
436 3134 621 3200 facile
649 3136 1025 3202 medicabile
1052 3138 1379 3222 infligunt.
1468 3137 1644 3202 Illud
1683 3139 1882 3202 etiam
1923 3137 2144 3201 sedulo
2173 3137 2438 3202 observo

234 3240 319 3305 ad
346 3239 857 3326 praecavendum
886 3261 927 3304 a
958 3241 1222 3305 Calculo
1252 3241 1533 3304 Mictum
1567 3239 2032 3322 Sanguineum,
2057 3244 2153 3315 ut,
2187 3237 2437 3320 quoties

230 3364 349 3426 per
390 3345 635 3428 plateas
682 3343 765 3406 ad
813 3342 1071 3426 longius
1111 3343 1370 3427 aliquod
1412 3342 1826 3407 intervallum
1870 3361 2066 3406 curru
2107 3340 2436 3406 vehendus

234 3449 374 3528 sim,
412 3447 708 3532 (gestatio
752 3447 945 3526 enim,
975 3448 1077 3511 vel
1121 3448 1203 3511 ad
1247 3447 1594 3511 maximam
1638 3445 1990 3530 quamlibet
2035 3444 2432 3523 distantiam,

230 3573 348 3634 per
374 3552 505 3615 vias
532 3550 851 3634 lapidibus
879 3571 1016 3614 non
1058 3557 1291 3614 stratas
1328 3549 1595 3614 minime
1625 3549 1820 3613 officit
1853 3547 2058 3630 mihi,)
2093 3568 2229 3612 non
2254 3547 2436 3631 prius

232 3655 501 3718 rhedam
556 3653 883 3736 ingredior
946 3675 1141 3737 quam
1198 3653 1506 3717 haustum
1562 3651 1901 3716 cerevisiae
1968 3651 2184 3714 tenuis
2241 3650 2436 3732 paulo

232 3755 659 3820 liberaliorem
702 3754 1069 3837 ingessero3
1115 3775 1310 3838 quem
1352 3755 1596 3838 pariter
1651 3754 1818 3819 itero
1867 3759 2020 3818 ante
2069 3773 2435 3835 regressum

234 3861 502 3923 domum
544 3879 781 3938 versus,
814 3859 871 3922 si
906 3858 1073 3922 forte
1116 3858 1351 3922 alicubi
1394 3859 1640 3922 diutius
1681 3857 1916 3921 fuerim
1960 3862 2434 3921 commoratus:

235 3983 366 4046 quo
392 3969 582 4046 pacto
612 3982 863 4046 semper
888 3960 1051 4024 mihi
1087 3982 1128 4024 a
1156 3961 1372 4025 Mictu
1405 3960 1776 4044 Sanguineo
1812 3958 1966 4023 satis
2005 3963 2102 4021 est
2131 3977 2434 4040 praecau-

230 4073 395 4129 tum.
468 4065 589 4150 [8.]
608 4064 643 4109 k
670 4067 763 4130 At
787 4064 999 4148 quoad
1019 4064 1369 4147 podagram
1397 4062 1521 4128 hoc
1540 4084 1751 4126 unum
1773 4060 2088 4146 adjiciam.
2150 4059 2434 4142 Nuperis
2463 4084 2599 4137 Quid
2623 4085 2676 4134 in

231 4169 407 4233 hisce
436 4168 642 4247 annis,
673 4189 754 4233 ex
783 4187 993 4232 errore
1022 4166 1235 4250 aliquo
1267 4167 1435 4232 circa
1464 4188 1574 4231 sex
1602 4186 1706 4230 res
1734 4162 2228 4228 non-naturales
2259 4183 2432 4227 com-
2457 4150 2742 4203 ¹0¹⁵²⁰⁰⁶⁸⁸⁵·

301 4373 313 4406 ¹
345 4369 635 4433 lutulemior]
674 4373 773 4424 Quo
794 4373 869 4419 die
892 4372 1095 4420 cathani
1115 4365 1281 4430 ἁψικ-
1368 4369 1610 4432 mperbibo
1632 4366 1740 4416 add.
1765 4364 1840 4414 cd.
1865 4365 1960 4414 ⁹86.

228 4451 333 4497 gor,
350 4452 405 4483 ex
424 4439 543 4497 pulli
559 4431 777 4484 carnibus
792 4437 1041 4496 prandiam
1060 4437 1171 4482 mila·
1180 4441 1249 4482 eet
1264 4453 1281 4488 ,-
1436 4429 1461 4464 ¹⁸
1495 4433 1646 4482 Deest
1667 4433 1692 4493 ἦ
1717 4434 1746 4480 8
1769 4430 1821 4478 in
1843 4429 1917 4479 ed.
1943 4429 2040 4477 ’86.

232 4503 385 4548 vinum
418 4507 568 4550 tamen
604 4502 882 4550 Canarinum
918 4515 1007 4562 pro
1039 4515 1157 4548 more
1191 4515 1285 4546 meo
