3138 5006
673 277 806 340 354
1301 275 1424 342 ΤΗ
1433 275 1695 340 ΟΜΑΕ
1744 273 2271 341 SYDENHAM

373 453 458 501 1³1:
481 451 652 502 vnn:
677 438 933 518 citatus,
965 443 1063 502 est
1089 437 1610 522 praecavendus,)
1646 436 1777 502 duo
1822 443 1977 500 sunt
2007 437 2189 521 quasi
2218 436 2513 501 cardines
2542 433 2619 498 in
2654 436 2917 519 quibus

369 519 652 632 οξὶζξζξ·
679 541 888 604 omnis
932 540 1124 625 hujus
1159 538 1368 605 morbi
1401 541 1649 604 curatio
1676 539 1992 617 vertitur3
2040 537 2561 622 quandoquidem
2600 560 2777 621 quae
2824 560 2915 602 ex

375 651 646 662 *-
679 664 756 707 eo
807 643 1104 706 oriuntur
1153 643 1342 720 mala,
1394 643 1566 726 quod
1620 643 1877 725 utrique
1922 642 2077 705 huic
2124 640 2477 706 discrimini
2532 661 2677 704 non
2742 641 2915 704 satis

675 753 1137 823 occurreretur,
1167 745 1428 809 funesta
1469 745 1584 809 illa
1610 750 2045 828 symptomata
2087 742 2363 808 invitant
2393 741 2628 827 quibus
2658 742 2913 806 Vario-

676 849 888 912 larum
935 846 1271 930 tragoedia
1314 846 1685 911 absolvitur.
1778 845 2097 912 Quocirca
2142 867 2291 910 cum
2331 845 2717 929 praecipuae
2764 843 2913 908 hae

675 950 918 1014 fuerint
947 949 1370 1015 indicationes
1400 949 1742 1027 curativae,
1765 949 1881 1013 ubi
1908 949 1987 1012 iis
2015 949 2208 1012 modo
2232 947 2369 1032 jam
2398 947 2640 1011 tradito
2672 948 2913 1011 fecero

677 1053 850 1130 satiS,
873 1053 1038 1116 nihil
1067 1053 1340 1136 amplius
1369 1051 1530 1114 mihi
1557 1057 1759 1116 restat
1790 1050 2157 1134 agendum3
2200 1049 2273 1114 in
2295 1057 2614 1134 quantum
2636 1050 2911 1114 scilicet

677 1154 976 1218 Medicus
1007 1177 1171 1234 sum,
1195 1176 1330 1218 non
1359 1175 1509 1218 vero
1537 1153 1963 1219 formularum
1990 1154 2388 1217 medicatum
2416 1152 2909 1236 praescriptor3

677 1279 835 1340 quas
866 1279 987 1340 ego
1015 1257 1196 1335 duas,
1227 1256 1356 1321 sive
1387 1263 1575 1334 artes,
1608 1256 1737 1320 sive
1768 1256 1958 1335 dotes,
1990 1255 2119 1320 sive
2150 1255 2345 1320 etiam
2362 1256 2747 1336 provincia-3,
2774 1277 2909 1338 ap-

675 1359 915 1444 pellare
943 1358 1161 1438 libeat,
1190 1365 1332 1423 toto
1361 1359 1539 1423 coelo
1569 1380 1608 1423 a
1638 1379 1706 1422 se
1733 1359 2008 1423 invicem
2038 1358 2276 1422 distare
2306 1357 2598 1422 arbitror.

373 1461 469 1540 Di}
495 1464 614 1540 ¹0⁸?
775 1457 940 1544 [43]
999 1461 1225 1523 Unum
1269 1459 1520 1544 adjicio,
1551 1459 1607 1523 si
1644 1460 2023 1544 epispastico
2066 1482 2229 1545 opus
2271 1461 2488 1539 fuerit,
2526 1460 2594 1525 id
2628 1481 2908 1544 peram-

369 1537 628 1640 {ffipffii‘
675 1561 858 1646 plum
881 1569 948 1626 et
977 1563 1131 1626 satis
1162 1583 1306 1626 acre
1335 1563 1512 1645 aegri
1531 1563 1784 1626 nuchae
1808 1562 2258 1646 applicandum
2280 1588 2299 1641 3
2346 1563 2518 1646 quod
2537 1563 2628 1626 ita
2648 1585 2905 1646 oppor-

366 1655 602 1782 ἓξὲξ·
679 1673 843 1780 tuno
864 1673 1155 1779 tempore
1182 1665 1322 1728 fieri
1351 1663 1563 1778 debet,
1586 1670 1664 1729 ut
1684 1686 1897 1780 neque
1919 1671 2326 1780 praemature
2356 1663 2721 1747 appositum
2751 1663 2907 1727 vim

368 1781 504 1842 dum,
681 1773 1127 1852 epispasticam
1155 1773 1309 1831 ante
1339 1765 1511 1830 diem
1539 1767 1977 1845 undecimum,
2008 1789 2081 1830 m
2111 1787 2239 1849 quo
2268 1766 2349 1831 de
2380 1786 2631 1829 summa
2656 1787 2903 1829 rerum

680 1869 914 1952 agitur,
955 1869 1275 1947 amiserit3
1319 1889 1532 1952 neque
1578 1866 1649 1931 in
1693 1891 1845 1933 eum
1883 1869 2096 1952 ipsum
2140 1869 2315 1932 diem
2356 1867 2702 1953 rejiciatur,
2752 1889 2905 1952 quo

669 1971 809 2054 jam
836 1971 1084 2036 tardius
1106 1971 1454 2036 adveniens
1475 1971 1585 2034 illo
1601 1970 1911 2054 temporis
1940 1970 2210 2034 articulo
2232 1968 2455 2034 obesse
2482 1969 2700 2053 possit,
2724 1983 2905 2052 prae

675 2073 884 2138 calore
936 2083 1001 2137 et
1052 2081 1238 2137 aestu
1283 2094 1476 2156 quem
1527 2073 1831 2158 sanguini
1872 2071 2183 2157 imprimit
2226 2093 2379 2136 cum
2424 2071 2600 2136 febre
2644 2093 2901 2136 secun—

675 2174 855 2240 daria
881 2175 984 2239 vix
1013 2177 1151 2260 pari
1181 2175 1400 2240 Marte
1421 2181 1584 2240 tunc
1605 2175 1981 2241 decertanti.
2070 2175 2627 2259 Opportunissime
2653 2175 2905 2258 itaque

675 2277 1100 2361 applicabitur
1119 2277 1566 2361 epispasticum
1590 2285 1781 2342 nocte
1801 2279 1914 2342 illa
1935 2299 2099 2362 quae
2126 2299 2433 2361 magnam
2453 2278 2658 2342 morbi
2680 2278 2901 2344 crisin

673 2381 1019 2464 praecedit,
1048 2401 1200 2445 mox
1241 2379 1324 2444 ab
1355 2387 1685 2464 assumpto
1713 2379 2101 2465 paregorico,
2134 2380 2306 2464 quod
2334 2387 2494 2444 tunc
2530 2387 2665 2444 erat
2696 2381 2901 2446 exhi-

372 2487 432 2594 οἱ
441 2495 614 2544 qum-
673 2481 982 2547 bendum.
1071 2481 1388 2567 Apposito
1422 2502 1538 2566 per
1569 2482 1639 2547 id
1681 2481 1987 2567 temporis
2022 2483 2413 2563 vesicatorio,
2452 2481 2647 2564 dolor,
2678 2506 2895 2567 quem

371 2562 400 2594 ⁰
433 2562 549 2597 rem.
675 2582 963 2667 ejusdem
992 2605 1243 2648 morsus
1273 2582 1537 2662 adferet,
1567 2605 1829 2668 prorsus
1863 2584 2116 2651 desinet
2150 2593 2303 2651 ante
2334 2586 2505 2651 diem
2530 2586 2717 2651 illum
2748 2610 2897 2672 quo

674 2706 866 2769 aeger
892 2687 993 2751 vel
1021 2686 1494 2770 agonizaturus‚
1527 2691 1592 2749 et
1628 2685 1937 2751 materiae
1974 2685 2271 2771 peccanti
2300 2708 2376 2752 eo
2416 2687 2556 2770 ipso
2582 2694 2897 2771 temporo

674 2786 934 2853 dabitur
977 2788 1186 2853 exitus
1231 2810 1360 2871 quo
1403 2808 1479 2853 eo
1523 2793 1623 2852 est
1667 2809 1828 2872 opus
1873 2790 1955 2854 ad
1982 2790 2300 2856 vincenda
2338 2790 2511 2855 mala
2544 2792 2667 2855 ista
2710 2814 2891 2875 qnae

674 2891 860 2956 illum
889 2892 1061 2956 diem
1089 2891 1587 2976 praestolantur.
1660 2890 1809 2955 Hoc
1840 2892 2013 2956 enim
2044 2892 2326 2977 primum
2353 2899 2645 2977 tempore
2677 2893 2889 2977 (quod

675 2993 744 3055 in
771 2992 968 3076 hujus
1001 2992 1212 3056 morbi
1239 2991 1509 3056 historia
1549 2990 1835 3075 [observ.
1867 2994 2042 3057 Med.
2074 2994 2164 3057 iii.
2196 2996 2261 3061 2.
2296 2997 2399 3075 14,
2432 2998 2519 3060 22
2550 2995 2691 3078 δια]
2732 2994 2889 3063 fuse

676 3094 957 3177 deduxi,)
1007 3094 1218 3172 facies,
1268 3112 1433 3177 quae
1479 3092 1799 3159 hactenus
1849 3094 2350 3179 inturgescebat‚
2390 3096 2531 3181 jam
2582 3097 2885 3162 detume-

675 3215 851 3258 scere
879 3192 1124 3278 incipit,
1157 3201 1222 3258 et
1253 3193 1562 3274 salivatio,
1596 3217 1761 3279 quae
1795 3196 2131 3285 hucusque
2159 3200 2351 3284 pleno
2390 3220 2581 3264 amne
2610 3199 2883 3281 fluebat,

676 3295 1058 3374 decrescere,
1105 3296 1500 3363 condensato
1530 3298 1671 3384 jam
1724 3305 1790 3363 et
1838 3318 1977 3364 non
2025 3299 2154 3364 nisi
2202 3322 2393 3384 aegre
2440 3306 2717 3379 excretn,
2762 3302 2885 3385 qui

674 3421 818 3465 eam
847 3397 1188 3477 excitabat,
1216 3399 1507 3465 humore.
1598 3398 1699 3464 Ut
1744 3420 1895 3465 vero
1923 3400 2281 3479 mittamus,
2312 3400 2770 3485 epispasticum
2796 3402 2881 3465 ila

671 3502 787 3565 lud
814 3508 960 3567 tum
987 3501 1176 3566 faciei
1205 3502 1773 3583 detumescentiae,
1804 3509 1949 3568 tum
1994 3503 2193 3568 etiam
2236 3496 2618 3567 imminutae
2648 3502 2881 3568 saliva-

671 3603 855 3682 tioni,
879 3604 1334 3690 quadantenus
1363 3604 1689 3685 substitui,
1714 3604 1879 3671 febri
1906 3606 2172 3690 insuper
2202 3606 2614 3670 semmdariae
2642 3606 2881 3690 perdo-

670 3707 947 3772 mandae
977 3707 1382 3791 aliquatenus
1411 3706 1753 3785 conducit3
1790 3726 1955 3791 quae
1976 3728 2153 3772 nunc
2178 3698 2881 3791 temporis'invalescit,

671 3808 988 3892 sanguine
1010 3807 1192 3891 quasi
1212 3807 1445 3874 obruto
1467 3815 1534 3873 et
1563 3810 1824 3893 penitus
1852 3809 2094 3876 infecto
2122 3810 2300 3895 puris
2321 3810 2505 3894 copia
2532 3832 2573 3874 a
2598 3809 2881 3876 totidem

369 3922 465 3999 1330
489 3924 610 4001 13³⁰
672 3910 1048 3975 abscessulis
1091 3914 1419 3993 resorpta3
1465 3910 1635 3974 adeo
1654 3917 1730 3975 ut
1768 3910 1841 3975 in
1877 3911 2177 3976 omnibus
2214 3911 2349 3975 fere
2384 3932 2543 3995 quos
2580 3932 2883 3996 unquam

363 3996 624 4114 ζζῇἓζω
671 4016 943 4081 tractavi
962 4012 1240 4078 Variolis
1267 4012 1654 4091 laborantes,
1678 4012 2143 4079 observaverim
2164 4014 2424 4099 pulsum
2451 4014 2523 4077 in
2550 4034 2743 4098 carpo
2774 4036 2879 4079 sa·-

671 4120 939 4183 lientem
961 4137 1152 4201 aegre
1173 4114 1412 4199 percipi
1433 4135 1618 4198 posse
1640 4114 1763 4180 hoc
1784 4124 2093 4202 tempore,
2110 4122 2265 4181 utut
2284 4116 2471 4181 facile
2494 4138 2565 4181 se
2582 4124 2647 4181 et
2668 4117 2879 4201 pridie

671 4222 866 4305 hujus
897 4218 1042 4299 diei,
1075 4226 1141 4283 et
1169 4217 1476 4302 postridie
1505 4217 1723 4298 etiam,
1756 4218 1961 4303 digito
1990 4219 2375 4304 exploratori
2402 4240 2471 4283 se
2498 4218 2819 4303 proderet.

367 4328 558 4405 auium
575 4330 652 4379 in-
771 4320 938 4405 [44.]
997 4320 1128 4384 Sed
1180 4320 1354 4384 inter
1407 4340 1485 4384 ea
1527 4341 1694 4403 quae
1736 4342 1779 4385 a
1818 4322 2030 4406 capite
2073 4322 2205 4386 sive
2256 4320 2549 4386 derivant
2592 4322 2724 4385 sive
2768 4342 2877 4387 re-

365 4408 540 4521 ἓξὲξ,
561 4422 650 4507 an‘-
675 4423 941 4501 vellunt,
988 4422 1154 4487 nihil
1201 4442 1404 4527 aeque
1445 4422 1610 4489 mihi
1650 4422 1905 4491 videtur
1948 4424 2199 4509 operari
2242 4444 2317 4490 ac
2360 4423 2586 4489 allium
2626 4424 2878 4510 pedum
