3138 5006
524 286 1313 353 OBSERVATIONUM
1358 254 1932 351 MEDIOARUM
1982 292 2098 347 111.
2134 298 2186 346 2.
2337 286 2466 351 149

258 447 428 513 tium
480 468 554 511 ac
604 447 1089 511 discutientium
1147 447 1388 530 (quales
1448 453 1601 511 sunt
1651 447 1914 525 malvae,
1959 445 2112 509 folia
2159 443 2462 524 verbasci,
2490 461 2772 513 vmoms·

259 549 569 629 sambuci,
598 549 783 628 lauri,
815 572 965 613 cum
992 548 1254 614 floribus
1284 549 1726 613 chamomillae
1756 555 1821 611 et
1849 548 2162 629 meliloti,)
2199 548 2270 610 in
2297 548 2464 612 lacte
2490 525 2768 638 ῗξζξζῂξξ

258 657 588 713 coctarum
614 649 801 713 facile
828 650 1113 733 fugatur.
1194 650 1413 733 Atque
1441 651 1602 714 haec
1631 651 1712 714 de
1740 650 2008 714 historia
2037 658 2102 715 et
2122 652 2464 715 ‘curatione
2521 654 2727 705 ’67-'69-

259 753 691 832 Variolarum,
723 774 887 836 quae
915 775 1031 837 per
1060 753 1220 817 duos
1246 754 1439 817 hosce
1480 774 1684 817 annos
1726 760 2047 837 grassatae
2077 761 2254 833 sunt,
2285 776 2461 837 quas»,

258 864 337 920 ut
367 856 448 920 ab
494 857 631 921 aliis
672 856 1002 940 speciebus
1040 878 1201 940 quae
1238 856 1567 922 insecutae
1613 864 1767 921 sunt
1807 856 2124 936 dirimam,
2157 858 2466 939 leyitimas

260 959 581 1055 appellare
608 958 819 1023 libuit.

391 1132 538 1194 Quae
559 1141 842 1203 sequuntur
864 1152 923 1185 ea
944 1142 1067 1187 sunt
1090 1132 1152 1185 de
1174 1132 1363 1203 quibus
1386 1134 1506 1186 dixi
1528 1150 1642 1204 sup.
1665 1150 1752 1203 pp.
1785 1136 1903 1198 120,
1932 1136 2050 1198 135,
2080 1136 2197 1198 139,
2227 1138 2340 1187 141.

578 1243 684 1292 Ine.
722 1244 849 1292 Sect.
884 1244 948 1291 iv.
976 1244 1030 1291 in
1065 1244 1170 1293 edd.
1198 1242 1280 1292 '66
1317 1244 1390 1307 (p.
1424 1242 1577 1303 123.),
1602 1244 1681 1291 ’68
1709 1243 1779 1306 (p.
1809 1242 1958 1305 127.)‚
1983 1244 2150 1291 sic:—

325 1343 361 1367 “
372 1338 781 1403 Quandoquidem
794 1340 847 1387 in
864 1355 994 1387 more
1002 1340 1215 1403 positum
1227 1348 1315 1398 est,

256 1410 317 1452 ut
342 1406 427 1468 qui
449 1405 508 1451 de
530 1404 767 1452 Febribus
790 1405 1070 1460 disseruere,
1093 1405 1315 1453 Variolas

256 1469 425 1525 etiam,
446 1476 495 1516 et
506 1467 764 1516 Morbillos
778 1468 1033 1530 attingant,
1044 1482 1133 1529 ego
1142 1468 1315 1516 iisdem

256 1548 455 1595 quoque
486 1532 705 1595 vestigiis
738 1532 1061 1579 insistendum
1094 1532 1314 1591 arbitror,

257 1597 345 1644 sed
368 1604 632 1657 utrumque
654 1596 881 1643 morbum
900 1595 992 1643 sub
1008 1595 1315 1644 Variolarum

258 1660 419 1722 eapite
472 1660 791 1723 complectar-3
838 1660 1015 1723 partim
1067 1659 1315 1708 brevitatis

258 1739 426 1780 eausa,
443 1725 623 1786 partim
641 1723 867 1787 quoniam
891 1732 1095 1785 uterque
1110 1724 1313 1771 eandem

256 1788 526 1835 curationis
546 1788 833 1835 methodum
850 1787 941 1834 sibi
963 1787 1219 1835 vendicare
1240 1788 1315 1835 vi-

256 1852 412 1911 detur,
429 1860 859 1915 quantumcunque
872 1850 1129 1898 discrimen
1148 1867 1209 1899 ex
1222 1867 1313 1899 na-

1403 1354 1509 1387 sam
1541 1340 1595 1387 in
1627 1339 1898 1403 malignam
1931 1340 2162 1403 aliquam,
2195 1347 2343 1402 atque
2373 1356 2460 1389 ve·

1402 1413 1632 1452 nenatam
1669 1405 1922 1451 materiam
1953 1404 2006 1451 in
2037 1404 2290 1465 sanguinis
2329 1405 2462 1454 mole

1401 1468 1746 1531 hospitantem,
1762 1474 1907 1530 atque
1925 1468 1984 1515 ab
2001 1468 2171 1516 eadem
2189 1468 2459 1531 expulsam,

1402 1532 1643 1594 rejiciunt.
1713 1532 1887 1595 Neque
1913 1532 2044 1579 enim
2073 1532 2214 1580 video
2243 1532 2329 1594 qui
2360 1533 2460 1591 fiat,

1402 1604 1473 1652 ut,
1510 1602 1757 1643 momento
1791 1595 1934 1658 quasi
1975 1596 2220 1658 temporis,
2261 1598 2462 1659 sanguia

1402 1659 1628 1722 alicujus,
1649 1674 1796 1721 quem
1817 1675 1934 1707 mox
1953 1660 2048 1706 ista
2071 1659 2292 1722 eontagie
2313 1660 2458 1709 affee-

1400 1729 1509 1771 tum
1532 1738 1875 1787 supponemus,
1889 1729 2025 1771 tanto
2045 1723 2304 1785 purulento
2325 1724 2460 1773 illius

1398 1787 1630 1835 materiae
1652 1794 1887 1850 apparatu
1905 1788 2174 1835 instructus
2199 1788 2277 1844 sit,
2303 1803 2459 1851 quan·

1400 1857 1481 1898 tus
1506 1852 1559 1899 in
1585 1852 1680 1899 hoe
1703 1852 1873 1899 morbo
1899 1850 2176 1900 secernitur.
2247 1851 2336 1899 Uti
2364 1868 2458 1901 nee

256 1920 373 1963 tura
396 1932 485 1963 sua
512 1916 815 1979 propriisque
836 1915 1101 1963 rationibus
1133 1916 1309 1964 admit-

258 1986 383 2037 tant,
409 1980 469 2027 de
501 1995 599 2042 quo
630 1981 738 2043 jam
770 1994 867 2027 non
900 1979 1018 2027 libet
1052 1979 1315 2042 quiequam

260 2043 519 2106 disputare.

328 2111 360 2135 ⁴⁶
376 2108 623 2155 Existimo
650 2107 815 2170 itaque
834 2106 1057 2155 Variolas
1084 2110 1314 2157 morbum

250 2186 367 2219 esse
408 2172 633 2234 sanguini
676 2171 1091 2234 superinductum,
1128 2187 1313 2221 novum

259 2236 505 2297 quendam
528 2243 707 2283 statum
732 2235 870 2299 quasi
892 2234 1149 2283 affectanti.
1218 2236 1314 2285 Est

256 2300 392 2347 enim
418 2300 617 2361 sanguis
636 2300 883 2347 humanus
902 2298 1203 2347 luxuriantis
1223 2315 1310 2348 eu-

248 2363 455 2425 jusdam
492 2379 549 2411 ac
588 2363 866 2427 praedivitis
898 2370 1100 2411 naturae
1136 2364 1311 2427 liquor,

258 2427 540 2491 multosque
560 2428 611 2475 in
634 2443 687 2475 se
710 2442 881 2475 succos
903 2427 1155 2489 opulentos
1178 2443 1310 2477 com-

256 2491 503 2556 plectitur,
524 2492 740 2554 adeoque
758 2508 845 2555 per
864 2496 1025 2539 totum
1046 2492 1175 2540 vitae
1201 2509 1311 2541 eur-

252 2557 473 2604 ·riculum
489 2557 543 2604 in
559 2557 723 2605 eodem
738 2563 869 2604 statu
880 2557 1124 2603 rarissime
1138 2559 1316 2620 persis-

256 2621 349 2676 tit;
382 2636 553 2668 verum
576 2621 792 2684 deposito
810 2621 1066 2684 (tanquam
1083 2621 1313 2684 exuviis,)

254 2685 423 2732 nativo
439 2685 596 2748 genio,
613 2691 759 2748 atque
778 2691 1029 2740 contextu,
1048 2685 1198 2732 semel
1214 2686 1312 2734 sal-

258 2755 363 2796 tem
383 2749 435 2796 in
452 2749 567 2807 vita,
583 2749 827 2811 insignem
845 2748 1061 2810 aliquam
1082 2751 1313 2796 mutatio-

258 2827 377 2860 nem
408 2813 567 2860 subire
597 2820 739 2875 aptus
764 2818 910 2860 natus
930 2819 1021 2869 est,
1044 2827 1315 2875 novamque

256 2875 345 2938 (ut
367 2875 436 2923 sic
456 2875 665 2938 loquar,)
676 2874 877 2937 formam
892 2876 1103 2924 induere.
1149 2878 1315 2940 Atque

258 2939 382 2987 haee
404 2939 524 2988 mihi
545 2941 605 2988 de
624 2940 703 2988 his
718 2941 861 2988 rebus
883 2955 1024 3002 saepe
1044 2941 1314 3000 meditanti,

256 3018 361 3052 non
380 3004 605 3052 inidonea
625 3004 747 3052 ratio
766 3005 875 3052 visa
896 3011 985 3061 est,
1009 3019 1097 3051 cur
1116 3005 1315 3054 illorum

258 3067 477 3130 sanguis,
505 3070 590 3130 qui
606 3069 825 3116 nondum
846 3068 973 3115 hanc
997 3069 1316 3118 mutationem

350 3147 435 3179 sus
464 3141 551 3189 est,
576 3133 778 3180 eandem
813 3138 916 3179 tam
945 3132 1087 3179 facile
1116 3133 1311 3181 subeat:

252 3147 509 3244 fxissimo
536 3197 667 3244 enim
694 3195 913 3259 impulsu
946 3195 1066 3244 illue
1096 3195 1315 3256 inclinat,

255 3259 340 3307 vel
378 3275 439 3307 ex
472 3260 592 3323 ipsis
628 3259 835 3307 effluviis
868 3275 929 3306 ex
962 3263 1315 3322 aegrotantium

256 3323 499 3386 sanguine
548 3323 874 3381 transmissis3
922 3339 1020 3371 non
1074 3339 1214 3372 secus
1256 3341 1315 3374 ae

256 3401 431 3462 poma,
446 3388 703 3464 quqejpsa
722 3395 917 3435 matura
937 3395 1067 3444 sunt,
1091 3388 1237 3436 etiam
1261 3405 1318 3437 ea

254 3458 1085 3578 33:32tzzntziffn5s‘a‘aesffiffizss
1112 3453 1317 3579 ⁰5:¹53

248 3579 391 3627 idem
412 3578 465 3626 in
490 3579 661 3627 multis
687 3579 797 3627 aliis
820 3579 1101 3642 corporibus
1124 3595 1317 3629 eernere

248 3647 351 3700 est,
376 3658 503 3705 quae
531 3643 610 3691 vel
634 3644 822 3705 junctis
852 3643 1211 3706 superficiebus,
1236 3645 1316 3693 vel

245 3705 453 3754 influxu
474 3707 685 3769 quodam
702 3723 729 3754 e
750 3707 1016 3771 longinquo
1033 3723 1085 3754 se
1104 3707 1315 3756 invicem

244 3769 505 3826 *afficiuntg
536 3777 585 3818 et
604 3771 720 3819 licet
734 3770 963 3834 pleraque
982 3771 1179 3819 illorum
1202 3787 1311 3820 san-

248 3833 441 3897 guinea
466 3849 630 3882 massa
657 3836 805 3899 (quae
828 3835 1035 3883 tenerior
1064 3842 1153 3894 est,
1170 3843 1316 3898 atque

246 3895 629 3962 εὐμετάβολοςὴ
662 3899 822 3946 multo
856 3899 1023 3946 minus
1058 3899 1121 3948 ad
1149 3907 1313 3947 muta-

246 3963 443 4010 tionem
460 3978 613 4025 prona
624 3963 895 4021 videantur,
908 3963 1139 4024 utrinque
1152 3969 1317 4012 tamen

246 4027 319 4074 ad
335 4025 711 4074 similitudinem
726 4027 967 4075 accedunt
978 4043 1033 4075 ae
1052 4028 1092 4074 si
1110 4027 1315 4075 eandem

246 4097 550 4153 appeterent.
636 4090 706 4138 Et
756 4091 956 4154 quidem
996 4091 1089 4140 hae
1130 4092 1314 4139 ratione

250 4153 585 4216 contagiosum
611 4155 761 4217 hujus
784 4155 942 4202 morbi
970 4161 1194 4203 naturam
1218 4170 1317 4203 non

254 4218 436 4266 minori
450 4218 625 4266 saltem
636 4218 1061 4267 verisimilitudine
1074 4219 1315 4267 declarare

250 4281 387 4340 lieet,
424 4297 573 4344 quam
608 4298 665 4330 ea
698 4297 823 4345 quae
859 4296 921 4330 ex
957 4283 1175 4344 ejusdem
1210 4299 1315 4330 ma-

252 4345 481 4407 lignitate
510 4346 685 4394 adduci
727 4346 874 4402 solet3
912 4347 1030 4409 quin
1074 4354 1123 4395 et
1162 4347 1317 4394 multo

250 4409 437 4457 melius
466 4411 619 4457 nodos
650 4409 761 4458 illos
792 4411 1017 4474 explicat,
1046 4426 1169 4473 quos
1202 4426 1315 4458 nee-

248 4479 359 4525 ·tere
382 4473 473 4522 sibi
496 4475 737 4533 videntur,
762 4475 849 4537 qui
872 4475 1177 4524 Variolarum
1201 4491 1316 4524 eau-

1400 1914 1526 1964 illud
1552 1922 1718 1963 mente
1746 1930 1990 1977 assequor,
2019 1915 2259 1978 siquidem
2289 1923 2453 1963 eonta-

1398 1979 1539 2041 gium
1550 1996 1580 2027 a
1593 1979 1810 2041 maligna
1821 1980 1984 2041 aliqua
1995 1995 2143 2027 causa
2155 1986 2456 2041 suggeratur,

1402 2044 1716 2105 quamobrem
1733 2044 1792 2099 is,
1811 2044 1894 2105 qui
1913 2043 1999 2091 illo
2016 2043 2240 2099 afficitur,
2259 2050 2406 2105 atque
2427 2060 2456 2093 e

1400 2109 1571 2155 morbo
1597 2124 1685 2155 suo
1714 2108 1974 2163 convaluit,
2001 2108 2310 2170 postmodum
2339 2109 2456 2157 novi

1400 2173 1614 2234 contagii
1635 2187 1732 2219 non
1756 2179 1855 2219 tam
1877 2186 2030 2234 capax
2053 2172 2130 2228 sit,
2149 2179 2294 2233 atque
2314 2178 2456 2221 antea

1398 2236 1571 2293 fuerat,
1596 2252 1656 2283 ex
1684 2237 2014 2283 Variolatorum
2048 2234 2129 2295 (ut
2157 2236 2226 2282 sie
2250 2235 2452 2297 dieam,)

1398 2300 1640 2348 convictu.
1717 2300 1860 2347 Certe
1911 2299 1964 2346 in
2005 2299 2114 2347 aliis
2165 2300 2350 2347 morbis
2391 2316 2454 2349 ex

1398 2364 1618 2426 maligna
1642 2364 1808 2426 aliqua
1829 2378 1975 2411 causa
2001 2363 2382 2425 dependentibus
2399 2364 2454 2413 id

1401 2428 1617 2489 quotidie
1637 2428 1906 2483 cernimus;
1943 2428 2027 2491 qui
2055 2427 2186 2475 enim
2207 2443 2322 2475 eum
2349 2428 2451 2475 foe-

1400 2492 1535 2540 mina
1564 2508 1668 2541 rem
1694 2491 1920 2540 habuerit
1948 2491 2030 2540 lue
2058 2506 2262 2540 venerea
2288 2491 2454 2555 inqui-

1400 2564 1527 2614 nata,
1542 2573 1641 2604 non
1663 2557 1842 2614 minus,
1857 2556 2003 2604 etiam
2024 2563 2282 2619 postquam
2303 2557 2455 2605 semel

1400 2627 1545 2683 atque
1560 2622 1740 2669 iterum
1761 2636 1822 2668 ex
1843 2621 1936 2668 isto
1959 2621 2125 2668 morbo
2141 2620 2454 2680 convaluerit,

1400 2685 1453 2731 in
1478 2686 1687 2732 eundem
1715 2684 1942 2747 proclivis
1973 2690 2060 2742 est,
2082 2699 2232 2746 quam
2257 2684 2300 2730 si
2324 2699 2453 2732 nun-

1434 2763 1549 2796 uam
1599 2750 1836 2796 hactenus
1885 2763 1941 2796 eo
1996 2748 2217 2795 detentus
2268 2748 2454 2799 fuisset.

1456 2829 1579 2876 eque
1615 2828 1727 2860 vero
1769 2813 1946 2870 nescio,
1981 2812 2068 2873 qui
2104 2811 2326 2860 Variolas
2361 2812 2454 2859 aliss

1402 2878 1597 2938 quando
1613 2877 1742 2939 passi
1759 2883 1888 2934 sunt,
1903 2890 2255 2937 nonnunquam
2279 2876 2329 2922 in
2347 2891 2454 2924 eas.

1402 2941 1513 2988 dem
1544 2941 1703 2988 denuo
1727 2939 1941 3002 prolabi;
1986 2938 2070 2987 sed
2098 2954 2272 3002 nempe
2297 2940 2456 2991 rarius

1400 3004 1494 3052 hoe
1522 3005 1776 3066 contingit,
1801 3019 1950 3066 quam
1981 3009 2036 3050 ut
2064 3018 2236 3050 causae
2264 3010 2456 3052 nostrae

1402 3068 1668 3132 quiequam
1715 3067 2011 3116 incommodi
2061 3067 2228 3114 afferre
2272 3067 2452 3129 possitg

1400 3131 1668 3180 universim
1711 3132 1844 3180 enim
1886 3131 2141 3194 loquendo,
2173 3130 2257 3192 qui
2298 3131 2454 3178 semel

1403 3194 1613 3244 Variolis
1644 3196 1903 3244 defunctus
1933 3203 2020 3252 est,
2045 3195 2103 3243 de
2134 3195 2298 3242 futuro
2321 3202 2455 3242 tutus

1401 3260 1462 3307 ab
1479 3275 1646 3308 earum
1669 3261 1870 3308 incursu
1886 3265 2148 3322 reputatur.
2217 3257 2456 3306 Materiae

1400 3331 1565 3372 autem
1581 3332 1800 3372 exeretae
1815 3323 2072 3386 impuritas
2088 3321 2387 3384 foeditasque
2401 3324 2456 3374 in

1400 3387 1493 3435 hoc
1516 3389 1699 3446 morbo,
1723 3387 2002 3451 praesertim
2030 3386 2220 3449 quando
2241 3393 2340 3434 tem
2405 3403 2452 3434 s-

1402 3458 1500 3499 tate
1514 3452 1789 3500 autumnali
1811 3451 2056 3507 invaserit,
2076 3451 2282 3512 spectari
2298 3465 2350 3498 so
2373 3451 2453 3510 'ta‚

1401 3530 1499 3563 non
1520 3516 1680 3578 magis
1707 3515 1976 3577 malignam
2003 3521 2146 3576 atque
2168 3521 2454 3562 venenatam

1401 3579 1535 3626 illius
1552 3589 1776 3628 naturam
1801 3579 2054 3642 signifieat,
2073 3592 2220 3640 quam
2237 3579 2280 3639 ej
2287 3578 2455 3626 usdem

1402 3644 1674 3706 contagiem
1697 3643 1748 3691 id
1768 3643 2066 3706 significasse
2081 3641 2185 3703 jam
2205 3641 2421 3689 diximus
2433 3656 2452 3689 ⁶.

1400 3709 1602 3770 sanguis
1633 3708 1766 3756 enim
1797 3713 1964 3769 coepta
1995 3706 2086 3753 hac
2116 3705 2456 3754 immutatione

1400 3772 1764 3819 renovationem
1799 3771 1879 3818 sui
1911 3769 2133 3826 moliens,
2162 3784 2226 3816 ex
2259 3769 2456 3844 propria

1399 3849 1564 3884 massa
1581 3835 1844 3910 particulas
1864 3833 2102 3896 ejusmodi
2127 3832 2310 3895 selegit,
2333 3848 2458 3896 quae

1398 3905 1597 3947 tametsi
1653 3914 1766 3947 cum
1816 3905 1918 3946 tota
1963 3897 2090 3945 mole
2141 3896 2457 3958 aequabiliter

1400 3963 1704 4021 commistae,
1735 3962 1852 4010 satis
1888 3977 2040 4024 purae
2079 3961 2292 4017 suerunt,
2323 3976 2456 4008 nune

1398 4033 1565 4076 tamen
1603 4034 1904 4090 aggregatae,
1937 4040 2218 4087 novumque
2255 4031 2453 4072 contex-

1400 4098 1506 4139 tum
1529 4091 1744 4154 adeptae,
1763 4089 2061 4152 corruptelae
2080 4089 2293 4151 speciem
2308 4088 2452 4135 indu-

1402 4163 1518 4212 unt;
1551 4170 1648 4202 non
1677 4155 1816 4202 aliter
1845 4169 1993 4216 quam
2025 4153 2104 4214 (ut
2129 4152 2244 4200 alibi
2272 4152 2456 4199 dictum

1402 4219 1517 4282 est,)
1542 4219 1814 4266 ventriculo
1845 4219 2144 4279 ingestorum
2175 4223 2334 4278 partes
2364 4215 2454 4262 ali-

1402 4299 1542 4346 quae,
1566 4291 1826 4345 postquam
1845 4282 1899 4329 in
1913 4295 2110 4343 corpore
2129 4288 2292 4327 nostro
2308 4297 2456 4338 μετα·

1403 4346 1562 4404 βολήν
1585 4347 1851 4394 subierunt.

1460 4416 1491 4438 ‘⁶
1504 4412 1655 4458 Porro
1677 4425 1832 4486 neque
1848 4408 1973 4456 illud
1994 4407 2346 4470 malignitatem
2355 4405 2458 4452 ‘Va-

1407 4476 1639 4524 riolarum
1681 4481 1798 4522 satis
1837 4485 2037 4536 arguere
2079 4472 2284 4529 videtur,
2329 4470 2458 4532 quod
