<?xml version="1.0" encoding="UTF-8"?>
<!DOCTYPE html PUBLIC "-//W3C//DTD XHTML 1.0 Transitional//EN"
    "http://www.w3.org/TR/xhtml1/DTD/xhtml1-transitional.dtd">
<html xmlns="http://www.w3.org/1999/xhtml" xml:lang="en" lang="en">
 <head>
  <title>
</title>
<meta http-equiv="Content-Type" content="text/html;charset=utf-8" />
  <meta name='ocr-system' content='tesseract 3.04.00' />
  <meta name='ocr-capabilities' content='ocr_page ocr_carea ocr_par ocr_line ocrx_word'/>
</head>
<body>
  <div class='ocr_page' id='page_1' title='image "./operaomnia00khgoog_0393.png"; bbox 0 0 3138 5006; ppageno 0'>
   <div class='ocr_carea' id='block_1_1' title="bbox 643 243 2220 308">
    <p class='ocr_par' dir='ltr' id='par_1_1' title="bbox 643 243 2220 308">
     <span class='ocr_line' id='line_1_1' title="bbox 643 243 2220 308; baseline 0.001 -2"><span class='ocrx_word' id='word_1_1' title='bbox 643 243 774 308; x_wconf 81' lang='lat'><strong>370</strong></span> <span class='ocrx_word' id='word_1_2' title='bbox 1267 243 1655 308; x_wconf 81' lang='lat' dir='ltr'><strong>&#39;l&#39;HoMAE</strong></span> <span class='ocrx_word' id='word_1_3' title='bbox 1704 243 2220 308; x_wconf 83' lang='lat' dir='ltr'><strong>SYDENHAM</strong></span> 
     </span>
    </p>
   </div>
   <div class='ocr_carea' id='block_1_2' title="bbox 341 403 2855 797">
    <p class='ocr_par' dir='ltr' id='par_1_2' title="bbox 341 403 2855 797">
     <span class='ocr_line' id='line_1_2' title="bbox 375 403 2855 489; baseline -0 -21"><span class='ocrx_word' id='word_1_4' title='bbox 375 419 460 468; x_wconf 71' lang='lat' dir='ltr'><strong>Du:</strong></span> <span class='ocrx_word' id='word_1_5' title='bbox 487 419 586 468; x_wconf 72' lang='lat' dir='ltr'><strong>Ar·</strong></span> <span class='ocrx_word' id='word_1_6' title='bbox 649 423 724 468; x_wconf 86' lang='lat' dir='ltr'><strong>ac</strong></span> <span class='ocrx_word' id='word_1_7' title='bbox 761 403 1008 488; x_wconf 84' lang='lat' dir='ltr'><strong>judicio</strong></span> <span class='ocrx_word' id='word_1_8' title='bbox 1057 405 1292 482; x_wconf 80' lang='lat' dir='ltr'><strong>valent,</strong></span> <span class='ocrx_word' id='word_1_9' title='bbox 1345 404 1585 488; x_wconf 89' lang='lat' dir='ltr'><strong>quique</strong></span> <span class='ocrx_word' id='word_1_10' title='bbox 1630 413 1699 470; x_wconf 88' lang='lat' dir='ltr'><strong>et</strong></span> <span class='ocrx_word' id='word_1_11' title='bbox 1746 405 2245 470; x_wconf 74' lang='lat' dir='ltr'><strong>meditationum</strong></span> <span class='ocrx_word' id='word_1_12' title='bbox 2286 404 2729 489; x_wconf 77' lang='lat' dir='ltr'><strong>profunditate</strong></span> <span class='ocrx_word' id='word_1_13' title='bbox 2780 412 2855 468; x_wconf 88' lang='lat' dir='ltr'><strong>et</strong></span> 
     </span>
     <span class='ocr_line' id='line_1_3' title="bbox 343 483 2854 597; baseline -0.001 -25"><span class='ocrx_word' id='word_1_14' title='bbox 343 497 491 597; x_wconf 47' lang='grc' dir='ltr'><strong>’ἓξὲξ</strong></span> <span class='ocrx_word' id='word_1_15' title='bbox 499 483 620 596; x_wconf 49' lang='grc' dir='ltr'><strong>ᾖξ’</strong></span> <span class='ocrx_word' id='word_1_16' title='bbox 651 506 969 590; x_wconf 86' lang='lat' dir='ltr'><strong>sapientia</strong></span> <span class='ocrx_word' id='word_1_17' title='bbox 1011 508 1320 572; x_wconf 84' lang='lat' dir='ltr'><strong>orationis</strong></span> <span class='ocrx_word' id='word_1_18' title='bbox 1363 509 1555 592; x_wconf 90' lang='lat' dir='ltr'><strong>longe</strong></span> <span class='ocrx_word' id='word_1_19' title='bbox 1597 529 1707 573; x_wconf 88' lang='lat' dir='ltr'><strong>eos</strong></span> <span class='ocrx_word' id='word_1_20' title='bbox 1758 515 2081 592; x_wconf 86' lang='lat' dir='ltr'><strong>superant,</strong></span> <span class='ocrx_word' id='word_1_21' title='bbox 2116 529 2389 592; x_wconf 89' lang='lat' dir='ltr'><strong>quorum</strong></span> <span class='ocrx_word' id='word_1_22' title='bbox 2446 516 2699 572; x_wconf 77' lang='lat' dir='ltr'><strong>mentes</strong></span> <span class='ocrx_word' id='word_1_23' title='bbox 2746 507 2854 570; x_wconf 83' lang='lat' dir='ltr'><strong>his</strong></span> 
     </span>
     <span class='ocr_line' id='line_1_4' title="bbox 346 608 2851 692; baseline -0.001 -18"><span class='ocrx_word' id='word_1_24' title='bbox 346 615 449 690; x_wconf 67' lang='lat' dir='ltr'><strong>bu·</strong></span> <span class='ocrx_word' id='word_1_25' title='bbox 472 639 550 688; x_wconf 75' lang='lat' dir='ltr'><strong>hi·</strong></span> <span class='ocrx_word' id='word_1_26' title='bbox 506 655 608 688; x_wconf 60' lang='lat'><strong>„02</strong></span> <span class='ocrx_word' id='word_1_27' title='bbox 649 608 1118 692; x_wconf 78' lang='lat' dir='ltr'><strong>cogitationum</strong></span> <span class='ocrx_word' id='word_1_28' title='bbox 1155 610 1392 674; x_wconf 79' lang='lat' dir='ltr'><strong>aculeis</strong></span> <span class='ocrx_word' id='word_1_29' title='bbox 1431 631 1771 692; x_wconf 87' lang='lat' dir='ltr'><strong>nunquam</strong></span> <span class='ocrx_word' id='word_1_30' title='bbox 1798 610 2041 674; x_wconf 84' lang='lat' dir='ltr'><strong>fuerint</strong></span> <span class='ocrx_word' id='word_1_31' title='bbox 2070 610 2419 674; x_wconf 74' lang='lat' dir='ltr'><strong>excitatae:</strong></span> <span class='ocrx_word' id='word_1_32' title='bbox 2464 611 2561 673; x_wconf 88' lang='lat' dir='ltr'><strong>ita</strong></span> <span class='ocrx_word' id='word_1_33' title='bbox 2598 618 2675 672; x_wconf 90' lang='lat' dir='ltr'><strong>ut</strong></span> <span class='ocrx_word' id='word_1_34' title='bbox 2710 629 2851 672; x_wconf 90' lang='lat' dir='ltr'><strong>non</strong></span> 
     </span>
     <span class='ocr_line' id='line_1_5' title="bbox 341 705 2851 797; baseline -0 -23"><span class='ocrx_word' id='word_1_35' title='bbox 341 705 596 753; x_wconf 52' lang='lat' dir='ltr'><strong>&#39;stetim‘</strong></span> <span class='ocrx_word' id='word_1_36' title='bbox 653 710 792 776; x_wconf 89' lang='lat' dir='ltr'><strong>sine</strong></span> <span class='ocrx_word' id='word_1_37' title='bbox 819 711 1070 776; x_wconf 89' lang='lat' dir='ltr'><strong>ratione</strong></span> <span class='ocrx_word' id='word_1_38' title='bbox 1100 711 1524 777; x_wconf 78' lang='lat' dir='ltr'><strong>observaverit</strong></span> <span class='ocrx_word' id='word_1_39' title='bbox 1551 712 1930 777; x_wconf 82' lang='lat' dir='ltr'><strong>Aristoteles</strong></span> <span class='ocrx_word' id='word_1_40' title='bbox 1970 713 2305 797; x_wconf 81' lang='lat' dir='ltr'><strong>[Problem.</strong></span> <span class='ocrx_word' id='word_1_41' title='bbox 2331 734 2475 776; x_wconf 87' lang='lat' dir='ltr'><strong>xxx.</strong></span> <span class='ocrx_word' id='word_1_42' title='bbox 2504 715 2563 775; x_wconf 90' lang='lat'><strong>1.</strong></span> <span class='ocrx_word' id='word_1_43' title='bbox 2591 715 2649 775; x_wconf 92' lang='lat' dir='ltr'><strong>l.</strong></span> <span class='ocrx_word' id='word_1_44' title='bbox 2654 711 2683 794; x_wconf 95' lang='lat'>]</span> <span class='ocrx_word' id='word_1_45' title='bbox 2712 733 2851 773; x_wconf 90' lang='lat' dir='ltr'><strong>me-</strong></span> 
     </span>
    </p>
   </div>
   <div class='ocr_carea' id='block_1_3' title="bbox 338 776 2002 899">
    <p class='ocr_par' dir='ltr' id='par_1_3' title="bbox 338 776 1982 899">
     <span class='ocr_line' id='line_1_6' title="bbox 343 776 591 818; baseline -0.016 0"><span class='ocrx_word' id='word_1_46' title='bbox 343 776 591 818; x_wconf 76' lang='lat' dir='ltr'><strong>tentantur</strong></span> 
     </span>
     <span class='ocr_line' id='line_1_7' title="bbox 338 813 2002 899; baseline 0 -19"><span class='ocrx_word' id='word_1_47' title='bbox 338 832 390 880; x_wconf 76' lang='lat' dir='ltr'><strong>in</strong></span> <span class='ocrx_word' id='word_1_48' title='bbox 359 849 452 896; x_wconf 77' lang='lat' dir='ltr'><strong>neg</strong></span> <span class='ocrx_word' id='word_1_49' title='bbox 453 834 535 882; x_wconf 86' lang='lat' dir='ltr'><strong>nio</strong></span> <span class='ocrx_word' id='word_1_50' title='bbox 557 841 613 882; x_wconf 81' lang='lat' dir='ltr'><strong>ut</strong></span> <span class='ocrx_word' id='word_1_51' title='bbox 651 813 1040 880; x_wconf 86' lang='lat' dir='ltr'><strong>lancholicos</strong></span> <span class='ocrx_word' id='word_1_52' title='bbox 1069 815 1336 880; x_wconf 82' lang='lat' dir='ltr'><strong>caeteris</strong></span> <span class='ocrx_word' id='word_1_53' title='bbox 1362 815 1630 898; x_wconf 89' lang='lat' dir='ltr'><strong>ingenio</strong></span> <span class='ocrx_word' id='word_1_54' title='bbox 1656 823 2002 899; x_wconf 84' lang='lat' dir='ltr'><strong>praestare.</strong></span> 
     </span>
    </p>
   </div>
   <div class='ocr_carea' id='block_1_4' title="bbox 331 898 2853 4486">
    <p class='ocr_par' dir='ltr' id='par_1_4' title="bbox 331 898 2853 4486">
     <span class='ocr_line' id='line_1_8' title="bbox 342 898 2853 1010; baseline -0 -34"><span class='ocrx_word' id='word_1_55' title='bbox 342 898 613 1010; x_wconf 52' lang='grc' dir='ltr'><strong>ΡῙῇηῐῗῗω</strong></span> <span class='ocrx_word' id='word_1_56' title='bbox 748 913 914 997; x_wconf 81' lang='grc'><strong>[76.]</strong></span> <span class='ocrx_word' id='word_1_57' title='bbox 971 917 1061 977; x_wconf 91' lang='lat' dir='ltr'><strong>At</strong></span> <span class='ocrx_word' id='word_1_58' title='bbox 1091 935 1239 978; x_wconf 86' lang='lat' dir='ltr'><strong>vero</strong></span> <span class='ocrx_word' id='word_1_59' title='bbox 1276 921 1412 978; x_wconf 89' lang='lat' dir='ltr'><strong>tam</strong></span> <span class='ocrx_word' id='word_1_60' title='bbox 1453 916 1811 980; x_wconf 89' lang='lat' dir='ltr'><strong>horrendus</strong></span> <span class='ocrx_word' id='word_1_61' title='bbox 1856 917 2055 980; x_wconf 88' lang='lat' dir='ltr'><strong>animi</strong></span> <span class='ocrx_word' id='word_1_62' title='bbox 2095 924 2321 994; x_wconf 86' lang='lat' dir='ltr'><strong>status,</strong></span> <span class='ocrx_word' id='word_1_63' title='bbox 2354 915 2607 999; x_wconf 90' lang='lat' dir='ltr'><strong>qualem</strong></span> <span class='ocrx_word' id='word_1_64' title='bbox 2652 935 2853 996; x_wconf 88' lang='lat' dir='ltr'><strong>supra</strong></span> 
     </span>
     <span class='ocr_line' id='line_1_9' title="bbox 340 975 2847 1102; baseline -0.001 -21"><span class='ocrx_word' id='word_1_65' title='bbox 340 975 402 1024; x_wconf 77' lang='lat'><strong>1’0</strong></span> <span class='ocrx_word' id='word_1_66' title='bbox 441 977 468 1011; x_wconf 80' lang='lat' dir='ltr'><strong>e</strong></span> <span class='ocrx_word' id='word_1_67' title='bbox 650 1015 1128 1094; x_wconf 84' lang='lat' dir='ltr'><strong>delineavimus,</strong></span> <span class='ocrx_word' id='word_1_68' title='bbox 1153 1038 1288 1080; x_wconf 89' lang='lat' dir='ltr'><strong>non</strong></span> <span class='ocrx_word' id='word_1_69' title='bbox 1310 1017 1449 1082; x_wconf 89' lang='lat' dir='ltr'><strong>aliis</strong></span> <span class='ocrx_word' id='word_1_70' title='bbox 1467 1019 1777 1101; x_wconf 89' lang='lat' dir='ltr'><strong>competit</strong></span> <span class='ocrx_word' id='word_1_71' title='bbox 1807 1039 1999 1102; x_wconf 87' lang='lat' dir='ltr'><strong>quam</strong></span> <span class='ocrx_word' id='word_1_72' title='bbox 2016 1019 2114 1098; x_wconf 90' lang='lat' dir='ltr'><strong>iis,</strong></span> <span class='ocrx_word' id='word_1_73' title='bbox 2141 1021 2270 1102; x_wconf 89' lang='lat' dir='ltr'><strong>qui,</strong></span> <span class='ocrx_word' id='word_1_74' title='bbox 2294 1019 2409 1083; x_wconf 90' lang='lat' dir='ltr'><strong>diu</strong></span> <span class='ocrx_word' id='word_1_75' title='bbox 2436 1017 2847 1099; x_wconf 79' lang='lat' dir='ltr'><strong>multumque</strong></span> 
     </span>
     <span class='ocr_line' id='line_1_10' title="bbox 649 1118 2849 1206; baseline 0 -24"><span class='ocrx_word' id='word_1_76' title='bbox 649 1139 801 1182; x_wconf 88' lang='lat' dir='ltr'><strong>cum</strong></span> <span class='ocrx_word' id='word_1_77' title='bbox 829 1119 951 1182; x_wconf 89' lang='lat' dir='ltr'><strong>hoc</strong></span> <span class='ocrx_word' id='word_1_78' title='bbox 979 1118 1206 1184; x_wconf 89' lang='lat' dir='ltr'><strong>morbo</strong></span> <span class='ocrx_word' id='word_1_79' title='bbox 1243 1120 1615 1199; x_wconf 85' lang='lat' dir='ltr'><strong>conflictati,</strong></span> <span class='ocrx_word' id='word_1_80' title='bbox 1646 1121 2037 1205; x_wconf 76' lang='lat' dir='ltr'><strong>tandemque</strong></span> <span class='ocrx_word' id='word_1_81' title='bbox 2078 1121 2426 1206; x_wconf 87' lang='lat' dir='ltr'><strong>subjugati,</strong></span> <span class='ocrx_word' id='word_1_82' title='bbox 2446 1120 2627 1204; x_wconf 86' lang='lat' dir='ltr'><strong>quasi</strong></span> <span class='ocrx_word' id='word_1_83' title='bbox 2644 1120 2849 1182; x_wconf 85' lang='lat' dir='ltr'><strong>victas</strong></span> 
     </span>
     <span class='ocr_line' id='line_1_11' title="bbox 649 1221 2847 1304; baseline 0 -18"><span class='ocrx_word' id='word_1_84' title='bbox 649 1242 881 1286; x_wconf 85' lang='lat' dir='ltr'><strong>manus</strong></span> <span class='ocrx_word' id='word_1_85' title='bbox 911 1221 1106 1300; x_wconf 82' lang='lat' dir='ltr'><strong>dant3</strong></span> <span class='ocrx_word' id='word_1_86' title='bbox 1147 1222 1426 1288; x_wconf 87' lang='lat' dir='ltr'><strong>maxime</strong></span> <span class='ocrx_word' id='word_1_87' title='bbox 1457 1223 1511 1286; x_wconf 92' lang='lat' dir='ltr'><strong>si</strong></span> <span class='ocrx_word' id='word_1_88' title='bbox 1538 1244 1641 1288; x_wconf 90' lang='lat' dir='ltr'><strong>res</strong></span> <span class='ocrx_word' id='word_1_89' title='bbox 1671 1225 1988 1304; x_wconf 86' lang='lat' dir='ltr'><strong>adversae,</strong></span> <span class='ocrx_word' id='word_1_90' title='bbox 2012 1225 2213 1288; x_wconf 85' lang='lat' dir='ltr'><strong>animi</strong></span> <span class='ocrx_word' id='word_1_91' title='bbox 2241 1245 2581 1302; x_wconf 74' lang='lat' dir='ltr'><strong>moeroreS,</strong></span> <span class='ocrx_word' id='word_1_92' title='bbox 2614 1222 2847 1286; x_wconf 88' lang='lat' dir='ltr'><strong>sollici-</strong></span> 
     </span>
     <span class='ocr_line' id='line_1_12' title="bbox 649 1323 2849 1408; baseline -0.001 -20"><span class='ocrx_word' id='word_1_93' title='bbox 649 1323 1004 1402; x_wconf 87' lang='lat' dir='ltr'><strong>tudinesve,</strong></span> <span class='ocrx_word' id='word_1_94' title='bbox 1033 1323 1234 1388; x_wconf 86' lang='lat' dir='ltr'><strong>nimia</strong></span> <span class='ocrx_word' id='word_1_95' title='bbox 1273 1323 1346 1390; x_wconf 90' lang='grc' dir='ltr'><strong>ιιι</strong></span> <span class='ocrx_word' id='word_1_96' title='bbox 1387 1325 1721 1390; x_wconf 88' lang='lat' dir='ltr'><strong>literarum</strong></span> <span class='ocrx_word' id='word_1_97' title='bbox 1765 1325 1979 1390; x_wconf 89' lang='lat' dir='ltr'><strong>studio</strong></span> <span class='ocrx_word' id='word_1_98' title='bbox 2018 1327 2375 1405; x_wconf 87' lang='lat' dir='ltr'><strong>assiduitas,</strong></span> <span class='ocrx_word' id='word_1_99' title='bbox 2407 1333 2600 1408; x_wconf 89' lang='lat' dir='ltr'><strong>atque</strong></span> <span class='ocrx_word' id='word_1_100' title='bbox 2644 1323 2849 1387; x_wconf 88' lang='lat' dir='ltr'><strong>animi</strong></span> 
     </span>
     <span class='ocr_line' id='line_1_13' title="bbox 651 1427 2847 1514; baseline 0 -24"><span class='ocrx_word' id='word_1_101' title='bbox 651 1427 1000 1506; x_wconf 89' lang='lat' dir='ltr'><strong>eontentio,</strong></span> <span class='ocrx_word' id='word_1_102' title='bbox 1037 1449 1186 1492; x_wconf 89' lang='lat' dir='ltr'><strong>cum</strong></span> <span class='ocrx_word' id='word_1_103' title='bbox 1235 1449 1430 1511; x_wconf 87' lang='lat' dir='ltr'><strong>prava</strong></span> <span class='ocrx_word' id='word_1_104' title='bbox 1469 1430 1750 1514; x_wconf 86' lang='lat' dir='ltr'><strong>corporis</strong></span> <span class='ocrx_word' id='word_1_105' title='bbox 1794 1430 2069 1495; x_wconf 88' lang='lat' dir='ltr'><strong>diathesi</strong></span> <span class='ocrx_word' id='word_1_106' title='bbox 2120 1429 2579 1513; x_wconf 85' lang='lat' dir='ltr'><strong>conspirantes,</strong></span> <span class='ocrx_word' id='word_1_107' title='bbox 2628 1428 2847 1492; x_wconf 88' lang='lat' dir='ltr'><strong>oleum</strong></span> 
     </span>
     <span class='ocr_line' id='line_1_14' title="bbox 649 1528 1303 1613; baseline 0.005 -22"><span class='ocrx_word' id='word_1_108' title='bbox 649 1528 903 1593; x_wconf 86' lang='lat' dir='ltr'><strong>camino</strong></span> <span class='ocrx_word' id='word_1_109' title='bbox 931 1530 1303 1613; x_wconf 82' lang='lat' dir='ltr'><strong>adjecerint.</strong></span> 
     </span>
     <span class='ocr_line' id='line_1_15' title="bbox 347 1631 2849 1718; baseline 0 -23"><span class='ocrx_word' id='word_1_110' title='bbox 347 1657 561 1707; x_wconf 77' lang='lat' dir='ltr'><strong>Difficile</strong></span> <span class='ocrx_word' id='word_1_111' title='bbox 746 1631 911 1716; x_wconf 70' lang='lat'><strong>[⁷⁷]</strong></span> <span class='ocrx_word' id='word_1_112' title='bbox 965 1632 1122 1697; x_wconf 89' lang='lat' dir='ltr'><strong>Dies</strong></span> <span class='ocrx_word' id='word_1_113' title='bbox 1151 1649 1257 1697; x_wconf 87' lang='lat' dir='ltr'><strong>me</strong></span> <span class='ocrx_word' id='word_1_114' title='bbox 1285 1633 1605 1713; x_wconf 85' lang='lat' dir='ltr'><strong>deficeret,</strong></span> <span class='ocrx_word' id='word_1_115' title='bbox 1636 1635 1691 1698; x_wconf 91' lang='lat' dir='ltr'><strong>si</strong></span> <span class='ocrx_word' id='word_1_116' title='bbox 1720 1635 1939 1699; x_wconf 88' lang='lat' dir='ltr'><strong>omnia</strong></span> <span class='ocrx_word' id='word_1_117' title='bbox 1960 1655 2123 1718; x_wconf 87' lang='lat' dir='ltr'><strong>quae</strong></span> <span class='ocrx_word' id='word_1_118' title='bbox 2144 1633 2435 1699; x_wconf 84' lang='lat' dir='ltr'><strong>Affectus</strong></span> <span class='ocrx_word' id='word_1_119' title='bbox 2469 1632 2849 1716; x_wconf 83' lang='lat' dir='ltr'><strong>Hysterieos</strong></span> 
     </span>
     <span class='ocr_line' id='line_1_16' title="bbox 339 1723 2849 1836; baseline 0.001 -40"><span class='ocrx_word' id='word_1_120' title='bbox 339 1723 604 1836; x_wconf 43' lang='lat'><strong>33:¹²³·</strong></span> <span class='ocrx_word' id='word_1_121' title='bbox 649 1742 917 1816; x_wconf 85' lang='lat' dir='ltr'><strong>gravant</strong></span> <span class='ocrx_word' id='word_1_122' title='bbox 948 1743 1378 1820; x_wconf 78' lang='lat' dir='ltr'><strong>symptomata</strong></span> <span class='ocrx_word' id='word_1_123' title='bbox 1421 1757 1799 1802; x_wconf 88' lang='lat' dir='ltr'><strong>enumerare</strong></span> <span class='ocrx_word' id='word_1_124' title='bbox 1832 1738 2043 1816; x_wconf 85' lang='lat' dir='ltr'><strong>velim,</strong></span> <span class='ocrx_word' id='word_1_125' title='bbox 2073 1745 2209 1802; x_wconf 87' lang='lat' dir='ltr'><strong>tam</strong></span> <span class='ocrx_word' id='word_1_126' title='bbox 2244 1737 2493 1800; x_wconf 87' lang='lat' dir='ltr'><strong>diversa</strong></span> <span class='ocrx_word' id='word_1_127' title='bbox 2528 1743 2727 1820; x_wconf 88' lang='lat' dir='ltr'><strong>atque</strong></span> <span class='ocrx_word' id='word_1_128' title='bbox 2764 1735 2849 1798; x_wconf 89' lang='lat' dir='ltr'><strong>ad</strong></span> 
     </span>
     <span class='ocr_line' id='line_1_17' title="bbox 343 1835 2850 1924; baseline 0.001 -26"><span class='ocrx_word' id='word_1_129' title='bbox 343 1851 562 1900; x_wconf 65' lang='lat' dir='ltr'><strong>affictus</strong></span> <span class='ocrx_word' id='word_1_130' title='bbox 648 1835 925 1902; x_wconf 87' lang='lat' dir='ltr'><strong>invicem</strong></span> <span class='ocrx_word' id='word_1_131' title='bbox 971 1840 1292 1906; x_wconf 83' lang='lat' dir='ltr'><strong>contraria</strong></span> <span class='ocrx_word' id='word_1_132' title='bbox 1340 1840 1547 1922; x_wconf 89' lang='lat' dir='ltr'><strong>specie</strong></span> <span class='ocrx_word' id='word_1_133' title='bbox 1598 1841 1930 1919; x_wconf 81' lang='lat' dir='ltr'><strong>variantia,</strong></span> <span class='ocrx_word' id='word_1_134' title='bbox 1976 1862 2173 1924; x_wconf 88' lang='lat' dir='ltr'><strong>quam</strong></span> <span class='ocrx_word' id='word_1_135' title='bbox 2210 1861 2330 1904; x_wconf 87' lang='lat' dir='ltr'><strong>nec</strong></span> <span class='ocrx_word' id='word_1_136' title='bbox 2374 1841 2645 1903; x_wconf 86' lang='lat' dir='ltr'><strong>Proteus</strong></span> <span class='ocrx_word' id='word_1_137' title='bbox 2688 1839 2850 1902; x_wconf 89' lang='lat' dir='ltr'><strong>lusit</strong></span> 
     </span>
     <span class='ocr_line' id='line_1_18' title="bbox 335 1914 2849 2028; baseline 0 -25"><span class='ocrx_word' id='word_1_138' title='bbox 335 1914 562 2028; x_wconf 59' lang='lat' dir='ltr'><strong>{¹0{⁸‡{¹J&#39;</strong></span> <span class='ocrx_word' id='word_1_139' title='bbox 649 1959 958 2022; x_wconf 88' lang='lat' dir='ltr'><strong>unquam,</strong></span> <span class='ocrx_word' id='word_1_140' title='bbox 987 1963 1110 2006; x_wconf 87' lang='lat' dir='ltr'><strong>nec</strong></span> <span class='ocrx_word' id='word_1_141' title='bbox 1139 1941 1454 2006; x_wconf 88' lang='lat' dir='ltr'><strong>coloratus</strong></span> <span class='ocrx_word' id='word_1_142' title='bbox 1484 1949 1813 2025; x_wconf 88' lang='lat' dir='ltr'><strong>spectatur</strong></span> <span class='ocrx_word' id='word_1_143' title='bbox 1838 1943 2269 2007; x_wconf 82' lang='lat' dir='ltr'><strong>chamaeleon.</strong></span> <span class='ocrx_word' id='word_1_144' title='bbox 2360 1941 2641 2005; x_wconf 81' lang='lat' dir='ltr'><strong>Proinde</strong></span> <span class='ocrx_word' id='word_1_145' title='bbox 2669 1949 2849 2003; x_wconf 90' lang='lat' dir='ltr'><strong>recte</strong></span> 
     </span>
     <span class='ocr_line' id='line_1_19' title="bbox 337 2041 2847 2128; baseline 0.007 -39"><span class='ocrx_word' id='word_1_146' title='bbox 337 2057 537 2094; x_wconf 74' lang='lat' dir='ltr'><strong>metm.</strong></span> <span class='ocrx_word' id='word_1_147' title='bbox 649 2041 810 2104; x_wconf 84' lang='lat' dir='ltr'><strong>mihi</strong></span> <span class='ocrx_word' id='word_1_148' title='bbox 837 2042 1092 2106; x_wconf 86' lang='lat' dir='ltr'><strong>videtur</strong></span> <span class='ocrx_word' id='word_1_149' title='bbox 1119 2044 1436 2108; x_wconf 89' lang='lat' dir='ltr'><strong>rationem</strong></span> <span class='ocrx_word' id='word_1_150' title='bbox 1469 2045 1849 2110; x_wconf 87' lang='lat' dir='ltr'><strong>subduxisse</strong></span> <span class='ocrx_word' id='word_1_151' title='bbox 1878 2045 2305 2122; x_wconf 79' lang='lat' dir='ltr'><strong>Democritus,</strong></span> <span class='ocrx_word' id='word_1_152' title='bbox 2340 2042 2847 2128; x_wconf 86' lang='lat' dir='ltr'><strong>(quantumlibet</strong></span> 
     </span>
     <span class='ocr_line' id='line_1_20' title="bbox 645 2140 2843 2230; baseline 0.001 -26"><span class='ocrx_word' id='word_1_153' title='bbox 645 2140 716 2204; x_wconf 92' lang='lat' dir='ltr'><strong>in</strong></span> <span class='ocrx_word' id='word_1_154' title='bbox 775 2143 983 2208; x_wconf 87' lang='lat' dir='ltr'><strong>morbi</strong></span> <span class='ocrx_word' id='word_1_155' title='bbox 1033 2165 1226 2208; x_wconf 88' lang='lat' dir='ltr'><strong>causa</strong></span> <span class='ocrx_word' id='word_1_156' title='bbox 1268 2145 1815 2230; x_wconf 88' lang='lat' dir='ltr'><strong>hallucinaretur,)</strong></span> <span class='ocrx_word' id='word_1_157' title='bbox 1864 2146 1979 2211; x_wconf 87' lang='lat' dir='ltr'><strong>ubi</strong></span> <span class='ocrx_word' id='word_1_158' title='bbox 2036 2147 2099 2212; x_wconf 84' lang='lat' dir='ltr'><strong>in</strong></span> <span class='ocrx_word' id='word_1_159' title='bbox 2144 2145 2413 2229; x_wconf 88' lang='lat' dir='ltr'><strong>epistola</strong></span> <span class='ocrx_word' id='word_1_160' title='bbox 2461 2145 2544 2208; x_wconf 89' lang='lat' dir='ltr'><strong>ad</strong></span> <span class='ocrx_word' id='word_1_161' title='bbox 2590 2145 2843 2227; x_wconf 81' lang='lat' dir='ltr'><strong>Hippo·</strong></span> 
     </span>
     <span class='ocr_line' id='line_1_21' title="bbox 645 2247 2843 2334; baseline 0.001 -24"><span class='ocrx_word' id='word_1_162' title='bbox 645 2252 888 2310; x_wconf 87' lang='lat' dir='ltr'><strong>cratem</strong></span> <span class='ocrx_word' id='word_1_163' title='bbox 916 2247 1112 2311; x_wconf 89' lang='lat' dir='ltr'><strong>missa</strong></span> <span class='ocrx_word' id='word_1_164' title='bbox 1150 2248 1382 2331; x_wconf 89' lang='lat' dir='ltr'><strong>[tom.</strong></span> <span class='ocrx_word' id='word_1_165' title='bbox 1365 2250 1454 2312; x_wconf 89' lang='grc' dir='ltr'><strong>ιιι.</strong></span> <span class='ocrx_word' id='word_1_166' title='bbox 1486 2272 1550 2334; x_wconf 89' lang='lat' dir='ltr'><strong>p.</strong></span> <span class='ocrx_word' id='word_1_167' title='bbox 1584 2251 1762 2334; x_wconf 66' lang='lat'><strong>826]</strong></span> <span class='ocrx_word' id='word_1_168' title='bbox 1804 2251 2037 2314; x_wconf 86' lang='lat' dir='ltr'><strong>diserte</strong></span> <span class='ocrx_word' id='word_1_169' title='bbox 2068 2248 2353 2314; x_wconf 84' lang='lat' dir='ltr'><strong>asserit‘</strong></span> <span class='ocrx_word' id='word_1_170' title='bbox 2356 2254 2843 2312; x_wconf 86' lang='lat' dir='ltr'><strong>‘sexcentarum</strong></span> 
     </span>
     <span class='ocr_line' id='line_1_22' title="bbox 647 2349 2843 2437; baseline 0.003 -27"><span class='ocrx_word' id='word_1_171' title='bbox 647 2365 1102 2414; x_wconf 77' lang='lat' dir='ltr'><strong>aerumnarum</strong></span> <span class='ocrx_word' id='word_1_172' title='bbox 1151 2349 1763 2437; x_wconf 86' lang='lat' dir='ltr'><strong>innumerarumque</strong></span> <span class='ocrx_word' id='word_1_173' title='bbox 1814 2352 2253 2417; x_wconf 79' lang='lat' dir='ltr'><strong>calamitatum</strong></span> <span class='ocrx_word' id='word_1_174' title='bbox 2306 2353 2643 2416; x_wconf 88' lang='lat' dir='ltr'><strong>authorem</strong></span> <span class='ocrx_word' id='word_1_175' title='bbox 2702 2373 2843 2417; x_wconf 88' lang='lat' dir='ltr'><strong>esse</strong></span> 
     </span>
     <span class='ocr_line' id='line_1_23' title="bbox 643 2451 2847 2539; baseline 0.003 -26"><span class='ocrx_word' id='word_1_176' title='bbox 643 2451 969 2515; x_wconf 88' lang='lat' dir='ltr'><strong>uterum.&#39;&#39;</strong></span> <span class='ocrx_word' id='word_1_177' title='bbox 1058 2451 1292 2537; x_wconf 91' lang='lat' dir='ltr'><strong>Neque</strong></span> <span class='ocrx_word' id='word_1_178' title='bbox 1319 2461 1579 2519; x_wconf 87' lang='lat' dir='ltr'><strong>tantum</strong></span> <span class='ocrx_word' id='word_1_179' title='bbox 1598 2454 1949 2520; x_wconf 89' lang='lat' dir='ltr'><strong>multifaria</strong></span> <span class='ocrx_word' id='word_1_180' title='bbox 1974 2463 2129 2521; x_wconf 89' lang='lat' dir='ltr'><strong>sunt</strong></span> <span class='ocrx_word' id='word_1_181' title='bbox 2158 2455 2301 2535; x_wconf 87' lang='lat' dir='ltr'><strong>ista,</strong></span> <span class='ocrx_word' id='word_1_182' title='bbox 2327 2454 2437 2519; x_wconf 87' lang='lat' dir='ltr'><strong>sed</strong></span> <span class='ocrx_word' id='word_1_183' title='bbox 2468 2475 2587 2519; x_wconf 87' lang='lat' dir='ltr'><strong>nee</strong></span> <span class='ocrx_word' id='word_1_184' title='bbox 2615 2455 2847 2539; x_wconf 88' lang='lat' dir='ltr'><strong>regula</strong></span> 
     </span>
     <span class='ocr_line' id='line_1_24' title="bbox 644 2552 2845 2642; baseline 0.003 -26"><span class='ocrx_word' id='word_1_185' title='bbox 644 2552 858 2637; x_wconf 83' lang='lat' dir='ltr'><strong>aliqua</strong></span> <span class='ocrx_word' id='word_1_186' title='bbox 886 2562 1000 2619; x_wconf 88' lang='lat' dir='ltr'><strong>aut</strong></span> <span class='ocrx_word' id='word_1_187' title='bbox 1027 2563 1183 2641; x_wconf 83' lang='lat' dir='ltr'><strong>typo</strong></span> <span class='ocrx_word' id='word_1_188' title='bbox 1211 2558 1518 2623; x_wconf 86' lang='lat' dir='ltr'><strong>uniformi</strong></span> <span class='ocrx_word' id='word_1_189' title='bbox 1547 2580 1615 2623; x_wconf 86' lang='lat' dir='ltr'><strong>se</strong></span> <span class='ocrx_word' id='word_1_190' title='bbox 1638 2559 1955 2623; x_wconf 86' lang='lat' dir='ltr'><strong>contineri</strong></span> <span class='ocrx_word' id='word_1_191' title='bbox 1982 2558 2337 2642; x_wconf 86' lang='lat' dir='ltr'><strong>patiuntur,</strong></span> <span class='ocrx_word' id='word_1_192' title='bbox 2376 2558 2569 2641; x_wconf 91' lang='lat' dir='ltr'><strong>(quod</strong></span> <span class='ocrx_word' id='word_1_193' title='bbox 2595 2558 2667 2621; x_wconf 92' lang='lat' dir='ltr'><strong>in</strong></span> <span class='ocrx_word' id='word_1_194' title='bbox 2698 2559 2845 2623; x_wconf 87' lang='lat' dir='ltr'><strong>aliis</strong></span> 
     </span>
     <span class='ocr_line' id='line_1_25' title="bbox 641 2652 2845 2744; baseline 0.004 -27"><span class='ocrx_word' id='word_1_195' title='bbox 641 2652 981 2721; x_wconf 88' lang='lat' dir='ltr'><strong>hominum</strong></span> <span class='ocrx_word' id='word_1_196' title='bbox 1010 2658 1344 2723; x_wconf 80' lang='lat' dir='ltr'><strong>affectibus</strong></span> <span class='ocrx_word' id='word_1_197' title='bbox 1371 2666 1595 2724; x_wconf 81' lang='lat' dir='ltr'><strong>tamen</strong></span> <span class='ocrx_word' id='word_1_198' title='bbox 1622 2682 1747 2724; x_wconf 87' lang='lat' dir='ltr'><strong>usu</strong></span> <span class='ocrx_word' id='word_1_199' title='bbox 1773 2660 1993 2744; x_wconf 87' lang='lat' dir='ltr'><strong>venit‚)</strong></span> <span class='ocrx_word' id='word_1_200' title='bbox 2028 2661 2141 2725; x_wconf 88' lang='lat' dir='ltr'><strong>sed</strong></span> <span class='ocrx_word' id='word_1_201' title='bbox 2180 2662 2361 2744; x_wconf 84' lang='lat' dir='ltr'><strong>quasi</strong></span> <span class='ocrx_word' id='word_1_202' title='bbox 2394 2662 2649 2744; x_wconf 86' lang='lat' dir='ltr'><strong>farrago</strong></span> <span class='ocrx_word' id='word_1_203' title='bbox 2683 2672 2845 2726; x_wconf 87' lang='lat' dir='ltr'><strong>sunt</strong></span> 
     </span>
     <span class='ocr_line' id='line_1_26' title="bbox 643 2756 2843 2846; baseline 0.003 -26"><span class='ocrx_word' id='word_1_204' title='bbox 643 2756 958 2838; x_wconf 82' lang='lat' dir='ltr'><strong>quaedam</strong></span> <span class='ocrx_word' id='word_1_205' title='bbox 1016 2758 1407 2844; x_wconf 76' lang='grc' dir='ltr'><strong>φαινομένων</strong></span> <span class='ocrx_word' id='word_1_206' title='bbox 1459 2761 1887 2845; x_wconf 88' lang='lat' dir='ltr'><strong>incomposita</strong></span> <span class='ocrx_word' id='word_1_207' title='bbox 1942 2770 2135 2846; x_wconf 88' lang='lat' dir='ltr'><strong>atque</strong></span> <span class='ocrx_word' id='word_1_208' title='bbox 2194 2763 2601 2842; x_wconf 81' lang='lat' dir='ltr'><strong>inordinata3</strong></span> <span class='ocrx_word' id='word_1_209' title='bbox 2662 2765 2843 2828; x_wconf 88' lang='lat' dir='ltr'><strong>unde</strong></span> 
     </span>
     <span class='ocr_line' id='line_1_27' title="bbox 640 2860 2381 2948; baseline 0.002 -23"><span class='ocrx_word' id='word_1_210' title='bbox 640 2860 1031 2943; x_wconf 84' lang='lat' dir='ltr'><strong>perarduum</strong></span> <span class='ocrx_word' id='word_1_211' title='bbox 1053 2872 1149 2928; x_wconf 89' lang='lat' dir='ltr'><strong>est</strong></span> <span class='ocrx_word' id='word_1_212' title='bbox 1179 2864 1374 2948; x_wconf 86' lang='lat' dir='ltr'><strong>hujus</strong></span> <span class='ocrx_word' id='word_1_213' title='bbox 1401 2864 1611 2929; x_wconf 87' lang='lat' dir='ltr'><strong>morbi</strong></span> <span class='ocrx_word' id='word_1_214' title='bbox 1640 2865 1973 2930; x_wconf 84' lang='lat' dir='ltr'><strong>historiam</strong></span> <span class='ocrx_word' id='word_1_215' title='bbox 2002 2866 2381 2931; x_wconf 87' lang='lat' dir='ltr'><strong>describere.</strong></span> 
     </span>
     <span class='ocr_line' id='line_1_28' title="bbox 339 2965 2841 3051; baseline 0.001 -20"><span class='ocrx_word' id='word_1_216' title='bbox 339 2995 412 3043; x_wconf 83' lang='lat' dir='ltr'>c</span> <span class='ocrx_word' id='word_1_217' title='bbox 382 3010 528 3045; x_wconf 69' lang='lat' dir='ltr'><strong>um</strong></span> <span class='ocrx_word' id='word_1_218' title='bbox 742 2965 908 3049; x_wconf 66' lang='lat'>[⁷8]</span> <span class='ocrx_word' id='word_1_219' title='bbox 963 2966 1213 3031; x_wconf 88' lang='lat' dir='ltr'><strong>Causae</strong></span> <span class='ocrx_word' id='word_1_220' title='bbox 1257 2974 1474 3031; x_wconf 88' lang='lat' dir='ltr'><strong>autem</strong></span> <span class='ocrx_word' id='word_1_221' title='bbox 1517 2966 1715 3051; x_wconf 80' lang='lat' dir='ltr'><strong>hujus</strong></span> <span class='ocrx_word' id='word_1_222' title='bbox 1758 2968 1965 3032; x_wconf 88' lang='lat' dir='ltr'><strong>morbi</strong></span> <span class='ocrx_word' id='word_1_223' title='bbox 2008 2969 2525 3051; x_wconf 84' lang='lat' dir='ltr'><strong>procatarcticae,</strong></span> <span class='ocrx_word' id='word_1_224' title='bbox 2570 2990 2683 3033; x_wconf 89' lang='lat' dir='ltr'><strong>seu</strong></span> <span class='ocrx_word' id='word_1_225' title='bbox 2730 2990 2841 3033; x_wconf 84' lang='lat' dir='ltr'><strong>ex-</strong></span> 
     </span>
     <span class='ocr_line' id='line_1_29' title="bbox 333 3068 2841 3185; baseline 0.002 -56"><span class='ocrx_word' id='word_1_226' title='bbox 333 3074 504 3107; x_wconf 75' lang='lat' dir='ltr'><strong>eorum</strong></span> <span class='ocrx_word' id='word_1_227' title='bbox 641 3072 882 3144; x_wconf 90' lang='lat' dir='ltr'><strong>ternae,</strong></span> <span class='ocrx_word' id='word_1_228' title='bbox 929 3068 1032 3132; x_wconf 86' lang='lat' dir='ltr'><strong>vel</strong></span> <span class='ocrx_word' id='word_1_229' title='bbox 1077 3077 1232 3134; x_wconf 89' lang='lat' dir='ltr'><strong>sunt</strong></span> <span class='ocrx_word' id='word_1_230' title='bbox 1287 3068 1795 3135; x_wconf 82' lang='lat' dir='ltr'><strong>vehementiores</strong></span> <span class='ocrx_word' id='word_1_231' title='bbox 1852 3070 2131 3185; x_wconf 80' lang='lat' dir='ltr'><strong>corporis</strong></span> <span class='ocrx_word' id='word_1_232' title='bbox 2188 3078 2421 3149; x_wconf 87' lang='lat' dir='ltr'><strong>motus,</strong></span> <span class='ocrx_word' id='word_1_233' title='bbox 2482 3071 2583 3134; x_wconf 87' lang='lat' dir='ltr'><strong>vel</strong></span> <span class='ocrx_word' id='word_1_234' title='bbox 2639 3071 2841 3134; x_wconf 87' lang='lat' dir='ltr'><strong>etiam</strong></span> 
     </span>
     <span class='ocr_line' id='line_1_30' title="bbox 331 3130 2841 3254; baseline 0 -20"><span class='ocrx_word' id='word_1_235' title='bbox 331 3130 550 3236; x_wconf 43' lang='lat' dir='ltr'><strong>afficte.</strong></span> <span class='ocrx_word' id='word_1_236' title='bbox 643 3166 850 3233; x_wconf 86' lang='lat' dir='ltr'><strong>multo</strong></span> <span class='ocrx_word' id='word_1_237' title='bbox 877 3171 1128 3252; x_wconf 88' lang='lat' dir='ltr'><strong>saepius</strong></span> <span class='ocrx_word' id='word_1_238' title='bbox 1155 3170 1434 3236; x_wconf 87' lang='lat' dir='ltr'><strong>violenta</strong></span> <span class='ocrx_word' id='word_1_239' title='bbox 1463 3172 1777 3254; x_wconf 83' lang='lat' dir='ltr'><strong>quaedam</strong></span> <span class='ocrx_word' id='word_1_240' title='bbox 1806 3170 2007 3235; x_wconf 90' lang='lat' dir='ltr'><strong>animi</strong></span> <span class='ocrx_word' id='word_1_241' title='bbox 2035 3172 2399 3250; x_wconf 89' lang='lat' dir='ltr'><strong>commoti0‚</strong></span> <span class='ocrx_word' id='word_1_242' title='bbox 2430 3193 2471 3235; x_wconf 91' lang='lat' dir='ltr'><strong>a</strong></span> <span class='ocrx_word' id='word_1_243' title='bbox 2496 3172 2841 3254; x_wconf 87' lang='lat' dir='ltr'><strong>repentino</strong></span> 
     </span>
     <span class='ocr_line' id='line_1_31' title="bbox 641 3268 2837 3353; baseline 0.003 -22"><span class='ocrx_word' id='word_1_244' title='bbox 641 3268 874 3353; x_wconf 91' lang='lat' dir='ltr'><strong>aliquo,</strong></span> <span class='ocrx_word' id='word_1_245' title='bbox 905 3272 1036 3337; x_wconf 87' lang='lat' dir='ltr'><strong>sive</strong></span> <span class='ocrx_word' id='word_1_246' title='bbox 1077 3272 1229 3350; x_wconf 80' lang='lat' dir='ltr'><strong>irae,</strong></span> <span class='ocrx_word' id='word_1_247' title='bbox 1261 3272 1392 3337; x_wconf 87' lang='lat' dir='ltr'><strong>sive</strong></span> <span class='ocrx_word' id='word_1_248' title='bbox 1436 3274 1689 3353; x_wconf 86' lang='lat' dir='ltr'><strong>doloris,</strong></span> <span class='ocrx_word' id='word_1_249' title='bbox 1720 3274 1851 3338; x_wconf 86' lang='lat' dir='ltr'><strong>sive</strong></span> <span class='ocrx_word' id='word_1_250' title='bbox 1893 3274 2089 3338; x_wconf 83' lang='lat' dir='ltr'><strong>etiam</strong></span> <span class='ocrx_word' id='word_1_251' title='bbox 2130 3274 2401 3352; x_wconf 91' lang='lat' dir='ltr'><strong>timoris,</strong></span> <span class='ocrx_word' id='word_1_252' title='bbox 2430 3282 2497 3339; x_wconf 87' lang='lat' dir='ltr'><strong>et</strong></span> <span class='ocrx_word' id='word_1_253' title='bbox 2528 3273 2837 3337; x_wconf 84' lang='lat' dir='ltr'><strong>similium</strong></span> 
     </span>
     <span class='ocr_line' id='line_1_32' title="bbox 335 3372 2835 3461; baseline 0.001 -25"><span class='ocrx_word' id='word_1_254' title='bbox 335 3372 613 3436; x_wconf 59' lang='lat' dir='ltr'><strong>magmas,</strong></span> <span class='ocrx_word' id='word_1_255' title='bbox 639 3372 1104 3453; x_wconf 87' lang='lat' dir='ltr'><strong>pathematum,</strong></span> <span class='ocrx_word' id='word_1_256' title='bbox 1135 3374 1402 3441; x_wconf 82' lang='lat' dir='ltr'><strong>insultu.</strong></span> <span class='ocrx_word' id='word_1_257' title='bbox 1465 3376 1737 3441; x_wconf 81' lang='lat' dir='ltr'><strong>Quoties</strong></span> <span class='ocrx_word' id='word_1_258' title='bbox 1764 3376 1983 3461; x_wconf 90' lang='lat' dir='ltr'><strong>itaque</strong></span> <span class='ocrx_word' id='word_1_259' title='bbox 2010 3397 2117 3441; x_wconf 88' lang='lat' dir='ltr'><strong>me</strong></span> <span class='ocrx_word' id='word_1_260' title='bbox 2145 3376 2493 3441; x_wconf 86' lang='lat' dir='ltr'><strong>consulunt</strong></span> <span class='ocrx_word' id='word_1_261' title='bbox 2513 3375 2835 3439; x_wconf 85' lang='lat' dir='ltr'><strong>foeminae</strong></span> 
     </span>
     <span class='ocr_line' id='line_1_33' title="bbox 640 3472 2835 3564; baseline 0.002 -25"><span class='ocrx_word' id='word_1_262' title='bbox 640 3472 722 3539; x_wconf 87' lang='lat' dir='ltr'><strong>de</strong></span> <span class='ocrx_word' id='word_1_263' title='bbox 764 3474 886 3539; x_wconf 92' lang='lat' dir='ltr'><strong>hoc</strong></span> <span class='ocrx_word' id='word_1_264' title='bbox 919 3475 1104 3540; x_wconf 87' lang='lat' dir='ltr'><strong>illove</strong></span> <span class='ocrx_word' id='word_1_265' title='bbox 1143 3478 1421 3561; x_wconf 88' lang='lat' dir='ltr'><strong>corporis</strong></span> <span class='ocrx_word' id='word_1_266' title='bbox 1465 3479 1719 3558; x_wconf 84' lang='lat' dir='ltr'><strong>affectu,</strong></span> <span class='ocrx_word' id='word_1_267' title='bbox 1750 3480 1935 3564; x_wconf 88' lang='lat' dir='ltr'><strong>cujus</strong></span> <span class='ocrx_word' id='word_1_268' title='bbox 1976 3479 2139 3543; x_wconf 85' lang='lat' dir='ltr'><strong>ratio</strong></span> <span class='ocrx_word' id='word_1_269' title='bbox 2184 3500 2220 3543; x_wconf 90' lang='lat' dir='ltr'><strong>e</strong></span> <span class='ocrx_word' id='word_1_270' title='bbox 2256 3479 2627 3563; x_wconf 85' lang='lat' dir='ltr'><strong>vulgaribus</strong></span> <span class='ocrx_word' id='word_1_271' title='bbox 2662 3502 2835 3544; x_wconf 89' lang='lat' dir='ltr'><strong>mor-</strong></span> 
     </span>
     <span class='ocr_line' id='line_1_34' title="bbox 637 3574 2834 3664; baseline 0.003 -25"><span class='ocrx_word' id='word_1_272' title='bbox 637 3574 871 3639; x_wconf 89' lang='lat' dir='ltr'><strong>borum</strong></span> <span class='ocrx_word' id='word_1_273' title='bbox 915 3576 1496 3660; x_wconf 80' lang='lat' dir='ltr'><strong>dignoscendorum</strong></span> <span class='ocrx_word' id='word_1_274' title='bbox 1535 3582 1869 3646; x_wconf 85' lang='lat' dir='ltr'><strong>axiomatis</strong></span> <span class='ocrx_word' id='word_1_275' title='bbox 1912 3588 2191 3664; x_wconf 87' lang='lat' dir='ltr'><strong>nequeat</strong></span> <span class='ocrx_word' id='word_1_276' title='bbox 2236 3580 2439 3659; x_wconf 89' lang='lat' dir='ltr'><strong>reddi,</strong></span> <span class='ocrx_word' id='word_1_277' title='bbox 2494 3602 2834 3663; x_wconf 87' lang='lat' dir='ltr'><strong>nunquam</strong></span> 
     </span>
     <span class='ocr_line' id='line_1_35' title="bbox 637 3678 2837 3767; baseline 0.004 -26"><span class='ocrx_word' id='word_1_278' title='bbox 637 3698 771 3743; x_wconf 89' lang='lat' dir='ltr'><strong>non</strong></span> <span class='ocrx_word' id='word_1_279' title='bbox 800 3678 1152 3762; x_wconf 84' lang='lat' dir='ltr'><strong>diligentur</strong></span> <span class='ocrx_word' id='word_1_280' title='bbox 1180 3682 1261 3746; x_wconf 90' lang='lat' dir='ltr'><strong>ab</strong></span> <span class='ocrx_word' id='word_1_281' title='bbox 1293 3683 1384 3747; x_wconf 87' lang='lat' dir='ltr'><strong>eis</strong></span> <span class='ocrx_word' id='word_1_282' title='bbox 1413 3684 1696 3767; x_wconf 82' lang='lat' dir='ltr'><strong>exquiro,</strong></span> <span class='ocrx_word' id='word_1_283' title='bbox 1728 3706 1813 3749; x_wconf 89' lang='lat' dir='ltr'><strong>an</strong></span> <span class='ocrx_word' id='word_1_284' title='bbox 1840 3705 1975 3747; x_wconf 89' lang='lat' dir='ltr'><strong>non</strong></span> <span class='ocrx_word' id='word_1_285' title='bbox 1997 3704 2073 3747; x_wconf 88' lang='lat' dir='ltr'><strong>eo</strong></span> <span class='ocrx_word' id='word_1_286' title='bbox 2096 3683 2173 3747; x_wconf 88' lang='lat' dir='ltr'><strong>de</strong></span> <span class='ocrx_word' id='word_1_287' title='bbox 2197 3705 2323 3766; x_wconf 92' lang='lat' dir='ltr'><strong>quo</strong></span> <span class='ocrx_word' id='word_1_288' title='bbox 2346 3692 2837 3767; x_wconf 85' lang='lat' dir='ltr'><strong>conqueruntur</strong></span> 
     </span>
     <span class='ocr_line' id='line_1_36' title="bbox 637 3780 2834 3869; baseline 0.004 -25"><span class='ocrx_word' id='word_1_289' title='bbox 637 3780 808 3845; x_wconf 85' lang='lat' dir='ltr'><strong>malo</strong></span> <span class='ocrx_word' id='word_1_290' title='bbox 849 3788 995 3845; x_wconf 88' lang='lat' dir='ltr'><strong>tum</strong></span> <span class='ocrx_word' id='word_1_291' title='bbox 1036 3786 1376 3869; x_wconf 88' lang='lat' dir='ltr'><strong>praecipue</strong></span> <span class='ocrx_word' id='word_1_292' title='bbox 1413 3785 1787 3869; x_wconf 83' lang='lat' dir='ltr'><strong>fatigentur,</strong></span> <span class='ocrx_word' id='word_1_293' title='bbox 1825 3806 1975 3850; x_wconf 90' lang='lat' dir='ltr'><strong>cum</strong></span> <span class='ocrx_word' id='word_1_294' title='bbox 2016 3786 2298 3864; x_wconf 87' lang='lat' dir='ltr'><strong>tristitia,</strong></span> <span class='ocrx_word' id='word_1_295' title='bbox 2344 3808 2672 3866; x_wconf 82' lang='lat' dir='ltr'><strong>aerumna,</strong></span> <span class='ocrx_word' id='word_1_296' title='bbox 2716 3795 2834 3853; x_wconf 90' lang='lat' dir='ltr'><strong>aut</strong></span> 
     </span>
     <span class='ocr_line' id='line_1_37' title="bbox 636 3880 2833 3973; baseline 0.005 -29"><span class='ocrx_word' id='word_1_297' title='bbox 636 3880 763 3945; x_wconf 87' lang='lat' dir='ltr'><strong>alia</strong></span> <span class='ocrx_word' id='word_1_298' title='bbox 800 3882 1014 3967; x_wconf 87' lang='lat' dir='ltr'><strong>aliqua</strong></span> <span class='ocrx_word' id='word_1_299' title='bbox 1055 3885 1475 3967; x_wconf 84' lang='lat' dir='ltr'><strong>perturbatio,</strong></span> <span class='ocrx_word' id='word_1_300' title='bbox 1507 3907 1615 3951; x_wconf 85' lang='lat' dir='ltr'><strong>eas</strong></span> <span class='ocrx_word' id='word_1_301' title='bbox 1642 3888 1811 3953; x_wconf 84' lang='lat' dir='ltr'><strong>male</strong></span> <span class='ocrx_word' id='word_1_302' title='bbox 1839 3886 2126 3952; x_wconf 77' lang='lat' dir='ltr'><strong>habeat?</strong></span> <span class='ocrx_word' id='word_1_303' title='bbox 2172 3888 2345 3973; x_wconf 89' lang='lat' dir='ltr'><strong>quod</strong></span> <span class='ocrx_word' id='word_1_304' title='bbox 2373 3889 2429 3953; x_wconf 89' lang='lat' dir='ltr'><strong>si</strong></span> <span class='ocrx_word' id='word_1_305' title='bbox 2456 3891 2833 3969; x_wconf 88' lang='lat' dir='ltr'><strong>annuerint,</strong></span> 
     </span>
     <span class='ocr_line' id='line_1_38' title="bbox 627 3982 2833 4073; baseline 0.003 -26"><span class='ocrx_word' id='word_1_306' title='bbox 627 3982 765 4066; x_wconf 86' lang='lat' dir='ltr'><strong>jam</strong></span> <span class='ocrx_word' id='word_1_307' title='bbox 795 3986 949 4049; x_wconf 86' lang='lat' dir='ltr'><strong>satis</strong></span> <span class='ocrx_word' id='word_1_308' title='bbox 980 4007 1297 4071; x_wconf 87' lang='lat' dir='ltr'><strong>superque</strong></span> <span class='ocrx_word' id='word_1_309' title='bbox 1339 3987 1502 4051; x_wconf 88' lang='lat' dir='ltr'><strong>mihi</strong></span> <span class='ocrx_word' id='word_1_310' title='bbox 1543 3995 1815 4066; x_wconf 88' lang='lat' dir='ltr'><strong>constat,</strong></span> <span class='ocrx_word' id='word_1_311' title='bbox 1846 3986 2146 4053; x_wconf 89' lang='lat' dir='ltr'><strong>morbum</strong></span> <span class='ocrx_word' id='word_1_312' title='bbox 2174 3988 2247 4051; x_wconf 91' lang='lat' dir='ltr'><strong>in</strong></span> <span class='ocrx_word' id='word_1_313' title='bbox 2274 3988 2396 4052; x_wconf 88' lang='lat' dir='ltr'><strong>hac</strong></span> <span class='ocrx_word' id='word_1_314' title='bbox 2425 3989 2506 4053; x_wconf 89' lang='lat' dir='ltr'><strong>de</strong></span> <span class='ocrx_word' id='word_1_315' title='bbox 2538 4010 2667 4073; x_wconf 85' lang='lat' dir='ltr'><strong>qua</strong></span> <span class='ocrx_word' id='word_1_316' title='bbox 2693 3991 2833 4073; x_wconf 85' lang='lat' dir='ltr'><strong>agi-</strong></span> 
     </span>
     <span class='ocr_line' id='line_1_39' title="bbox 632 4088 2834 4174; baseline 0.002 -22"><span class='ocrx_word' id='word_1_317' title='bbox 632 4106 779 4153; x_wconf 88' lang='lat' dir='ltr'><strong>mus</strong></span> <span class='ocrx_word' id='word_1_318' title='bbox 807 4088 986 4153; x_wconf 87' lang='lat' dir='ltr'><strong>tribu</strong></span> <span class='ocrx_word' id='word_1_319' title='bbox 1012 4089 1448 4169; x_wconf 83' lang='lat' dir='ltr'><strong>censendum3</strong></span> <span class='ocrx_word' id='word_1_320' title='bbox 1491 4090 1867 4173; x_wconf 88' lang='lat' dir='ltr'><strong>praesertim</strong></span> <span class='ocrx_word' id='word_1_321' title='bbox 1885 4112 2037 4155; x_wconf 86' lang='lat' dir='ltr'><strong>vero</strong></span> <span class='ocrx_word' id='word_1_322' title='bbox 2056 4090 2113 4153; x_wconf 90' lang='lat' dir='ltr'><strong>si</strong></span> <span class='ocrx_word' id='word_1_323' title='bbox 2134 4090 2471 4174; x_wconf 80' lang='lat' dir='ltr'><strong>diagnosin</strong></span> <span class='ocrx_word' id='word_1_324' title='bbox 2500 4092 2569 4156; x_wconf 89' lang='lat' dir='ltr'><strong>id</strong></span> <span class='ocrx_word' id='word_1_325' title='bbox 2597 4092 2834 4157; x_wconf 88' lang='lat' dir='ltr'><strong>clarius</strong></span> 
     </span>
     <span class='ocr_line' id='line_1_40' title="bbox 631 4186 2831 4277; baseline 0.002 -21"><span class='ocrx_word' id='word_1_326' title='bbox 631 4186 928 4269; x_wconf 79' lang='lat' dir='ltr'><strong>illustret,</strong></span> <span class='ocrx_word' id='word_1_327' title='bbox 961 4191 1129 4273; x_wconf 89' lang='lat' dir='ltr'><strong>quod</strong></span> <span class='ocrx_word' id='word_1_328' title='bbox 1168 4190 1410 4255; x_wconf 85' lang='lat' dir='ltr'><strong>scilicet</strong></span> <span class='ocrx_word' id='word_1_329' title='bbox 1445 4192 1636 4255; x_wconf 85' lang='lat' dir='ltr'><strong>certis</strong></span> <span class='ocrx_word' id='word_1_330' title='bbox 1679 4192 1921 4275; x_wconf 85' lang='lat' dir='ltr'><strong>aliquot</strong></span> <span class='ocrx_word' id='word_1_331' title='bbox 1964 4194 2361 4277; x_wconf 86' lang='lat' dir='ltr'><strong>temporibus</strong></span> <span class='ocrx_word' id='word_1_332' title='bbox 2396 4196 2653 4260; x_wconf 88' lang='lat' dir='ltr'><strong>urinam</strong></span> <span class='ocrx_word' id='word_1_333' title='bbox 2682 4196 2831 4259; x_wconf 87' lang='lat' dir='ltr'><strong>lim-</strong></span> 
     </span>
     <span class='ocr_line' id='line_1_41' title="bbox 630 4290 2829 4381; baseline 0.006 -30"><span class='ocrx_word' id='word_1_334' title='bbox 630 4290 846 4372; x_wconf 86' lang='lat' dir='ltr'><strong>pidam</strong></span> <span class='ocrx_word' id='word_1_335' title='bbox 886 4298 954 4355; x_wconf 89' lang='lat' dir='ltr'><strong>et</strong></span> <span class='ocrx_word' id='word_1_336' title='bbox 991 4293 1276 4375; x_wconf 84' lang='lat' dir='ltr'><strong>crystalli</strong></span> <span class='ocrx_word' id='word_1_337' title='bbox 1316 4294 1654 4373; x_wconf 81' lang='lat' dir='ltr'><strong>aemulam,</strong></span> <span class='ocrx_word' id='word_1_338' title='bbox 1686 4316 1954 4379; x_wconf 88' lang='lat' dir='ltr'><strong>eamque</strong></span> <span class='ocrx_word' id='word_1_339' title='bbox 1994 4298 2313 4381; x_wconf 89' lang='lat' dir='ltr'><strong>copiosam</strong></span> <span class='ocrx_word' id='word_1_340' title='bbox 2358 4299 2570 4379; x_wconf 87' lang='lat' dir='ltr'><strong>simul,</strong></span> <span class='ocrx_word' id='word_1_341' title='bbox 2610 4322 2829 4365; x_wconf 88' lang='lat' dir='ltr'><strong>excer-</strong></span> 
     </span>
     <span class='ocr_line' id='line_1_42' title="bbox 631 4393 2831 4486; baseline 0.006 -33"><span class='ocrx_word' id='word_1_342' title='bbox 631 4399 811 4455; x_wconf 86' lang='lat' dir='ltr'><strong>nant.</strong></span> <span class='ocrx_word' id='word_1_343' title='bbox 905 4393 1028 4457; x_wconf 91' lang='lat' dir='ltr'><strong>His</strong></span> <span class='ocrx_word' id='word_1_344' title='bbox 1075 4416 1222 4459; x_wconf 88' lang='lat' dir='ltr'><strong>vero</strong></span> <span class='ocrx_word' id='word_1_345' title='bbox 1275 4396 1474 4459; x_wconf 89' lang='lat' dir='ltr'><strong>animi</strong></span> <span class='ocrx_word' id='word_1_346' title='bbox 1512 4396 1813 4477; x_wconf 90' lang='lat' dir='ltr'><strong>motibus,</strong></span> <span class='ocrx_word' id='word_1_347' title='bbox 1864 4400 1973 4482; x_wconf 93' lang='lat' dir='ltr'><strong>qui</strong></span> <span class='ocrx_word' id='word_1_348' title='bbox 2018 4399 2383 4464; x_wconf 86' lang='lat' dir='ltr'><strong>usitatiores</strong></span> <span class='ocrx_word' id='word_1_349' title='bbox 2428 4408 2583 4465; x_wconf 85' lang='lat' dir='ltr'><strong>sunt</strong></span> <span class='ocrx_word' id='word_1_350' title='bbox 2628 4401 2831 4486; x_wconf 86' lang='lat' dir='ltr'><strong>hujus</strong></span> 
     </span>
    </p>
   </div>
   <div class='ocr_carea' id='block_1_5' title="bbox 460 611 612 622">
    <p class='ocr_par' dir='ltr' id='par_1_5' title="bbox 460 611 612 622">
     <span class='ocr_line' id='line_1_43' title="bbox 460 611 612 622; baseline 0 4384"><span class='ocrx_word' id='word_1_351' title='bbox 460 611 612 622; x_wconf 95' lang='lat' dir='ltr'><strong> </strong></span> 
     </span>
    </p>
   </div>
  </div>
 </body>
</html>
