3138 5006
726 282 813 346 18
1345 279 1739 346 THOMAE
1783 281 2083 347 'SYDEN
2091 280 2303 346 HAM

473 457 667 506 Puer.
727 464 852 527 que
894 442 1216 522 morbum,
1253 441 1447 527 hujus
1483 463 1619 507 non
1664 442 2060 522 dissimilem,
2107 442 2317 507 valeat
2364 447 2661 507 accurate
2702 442 2929 506 distin·

425 521 507 567 En
508 521 612 569 ,er
583 535 700 569 ω’
730 547 1123 630 guere.1n
1164 545 1508 630 pleuritide
1557 543 1759 628 (verbi
1802 545 2052 629 gratia,)
2103 545 2219 608 diu
2256 551 2451 629 atque
2490 545 2819 610 ineassum
2864 565 2931 608 se

725 648 1028 732 fatigabit
1075 647 1322 731 aliquis,
1353 668 1474 711 nec
1501 653 1728 710 tamen
1769 655 1990 711 mente
2034 653 2409 731 assequetur
2445 669 2709 730 pravam
2750 647 2931 710 illam

726 751 942 815 —crasin
973 755 1040 813 et
1075 749 1246 813 male
1275 748 1729 813 cohaerentem
1768 749 2101 831 sanguinis
2138 755 2487 827 texturam,
2518 769 2686 833 quae
2723 749 2933 832 prima

713 859 830 916 -est
873 853 1141 936 hujusce
1189 851 1346 914 mali
1397 849 1616 933 orig03
1664 850 1951 933 quivero
1992 871 2255 914 ⁴causam
2308 872 2347 915 a
2389 871 2519 933 qua
2559 850 2933 914 immediate

731 955 1108 1040 producitur
1135 961 1310 1018 recte
1339 953 1730 1035 cognoverit,
1762 959 1829 1016 et
1872 953 1953 1017 ab
1986 953 2125 1016 aliis
2154 952 2396 1016 morbis
2443 953 2935 1036 quibuscunque

731 1058 858 1121 rite
915 1057 1124 1120 valeat
1185 1055 1602 1137 distinguere,
1654 1075 1791 1117 non
1842 1054 2059 1118 minus
2109 1061 2289 1119 certo
2346 1054 2616 1118 curandi
2666 1074 2935 1137 scopum

733 1157 1034 1241 attinget,
1065 1156 1261 1221 etiam
1289 1157 1589 1238 neglecta
1618 1156 1824 1220 otiosa
1850 1156 1978 1219 ista
2006 1163 2200 1238 atque
2228 1155 2449 1219 inutili
2476 1156 2933 1220 remotissima-

711 1281 880 1324 rum
911 1280 1249 1323 causarum
1276 1257 1603 1340 indagine.
1696 1257 1824 1320 Sed
1852 1258 2013 1322 haec
2040 1256 2125 1326 ὡς
2152 1257 2219 1321 ἐν
2246 1255 2522 1342 παρόδῳ.

822 1363 995 1445 [21]
1051 1361 1094 1425 J
1097 1383 1202 1426 am
1229 1381 1378 1424 vero
1409 1361 1462 1423 si
1491 1366 1759 1442 quaerat
1802 1360 2031 1443 aliquis
2077 1381 2162 1424 an
2202 1361 2285 1424 ad
2313 1360 2643 1444 praedicta
2670 1361 2742 1424 in
2770 1361 2939 1426 Arte

735 1464 994 1528 Medica
1011 1462 1370 1526 desiderata
1398 1462 1528 1525 duo
1555 1463 1794 1544 (veram
1818 1461 2058 1527 scilicet
2087 1468 2154 1526 et
2186 1462 2537 1545 genuinam
2558 1461 2939 1526 morborum

735 1551 1114 1643 Historiam,
1146 1571 1213 1628 et
1258 1571 1500 1627 certam
1537 1565 2115 1646 confirmatamque
2144 1563 2460 1628 Medendi
2489 1564 2935 1644 Methodum,)

727 1689 868 1732 non
897 1667 1094 1731 etiam
1125 1666 1384 1730 accedat
1411 1665 1683 1729 tertium
1717 1665 1899 1744 illud,
1931 1665 2361 1729 remediorum
2398 1685 2633 1748 nempe
2676 1665 2941 1748 Specifi-

735 1791 956 1833 corum
983 1768 1309 1845 inventio;
1354 1767 1817 1830 assentientem
1860 1787 1967 1830 me
2009 1766 2208 1830 habet
2238 1773 2304 1831 et
2332 1767 2406 1830 in
2432 1773 2583 1831 vota
2620 1766 2940 1830 festinan·

728 1879 887 1936 tem.
977 1870 1122 1934 Etsi
1165 1869 1340 1933 'enim
1385 1868 1741 1932 Methodus
1786 1869 2087 1932 sanandis
2126 1869 2368 1933 morbis
2402 1869 2610 1933 acutis
2654 1869 2940 1933 maxime

727 1971 1145 2037 accommoda
1172 1971 1335 2034 mihi
1355 1970 1667 2046 videatur,
1697 1970 1953 2052 (quibus
1976 1970 2301 2054 exigendis
2332 1991 2482 2034 cum
2509 1971 2771 2035 Natura
2796 1971 2943 2054 ipsa

727 2082 985 2140 eertum
1030 2074 1307 2157 aliquem
1353 2073 1783 2136 evacuationis
1828 2072 2095 2136 modum
2144 2073 2466 2152 statuerit,
2512 2093 2943 2156 quaeeunque

729 2176 1092 2240 Methodus
1121 2175 1331 2239 eidem
1359 2174 1486 2238 fert
1515 2195 1703 2257 opem
1732 2175 1803 2237 in
1831 2173 2265 2258 promovenda
2295 2174 2468 2239 dicta
2496 2175 2941 2252 evacuatione,

731 2273 820 2342 ad
873 2275 1086 2341 morbi
1143 2276 1543 2341 sanationem
1602 2276 1959 2340 necessario
2013 2277 2349 2360 conferet,)
2415 2276 2775 2359 optandum
2836 2283 2941 2342 est

728 2385 958 2443 atamen
993 2384 1070 2441 ut
1113 2377 1425 2442 beneficio
1458 2377 1915 2460 Specificorum
1948 2377 2030 2460 (si
2074 2399 2239 2461 quae
2278 2378 2437 2441 talia
2473 2378 2752 2442 inveniri
2790 2399 2942 2461 pos-

737 2482 912 2564 sint,)
949 2501 1138 2565 aeger
1164 2480 1422 2546 rectiori
1453 2480 1683 2544 semita
1725 2480 1808 2544 ad
1845 2480 2190 2545 sanitatem
2218 2481 2575 2564 proficeret,
2620 2486 2688 2545 et
2734 2480 2945 2563 (quod

733 2583 994 2667 majoris
1047 2582 1250 2646 etiam
1307 2582 1622 2646 momenti
1680 2583 1825 2665 est,)
1878 2589 2060 2648 extra
2118 2584 2323 2647 aleam
2380 2584 2718 2662 malorum,
2772 2604 2947 2665 quae

727 2690 1095 2769 sequuntur
1137 2683 1573 2748 aberrationes
1616 2685 1773 2747 istas
1823 2685 1896 2747 in
1940 2706 2097 2768 quas
2140 2704 2329 2768 saepe
2378 2685 2583 2749 invita
2630 2684 2948 2749 dilabitur

733 2786 1037 2852 Natura
1018 2808 1088 2849 ιιι
1117 2786 1328 2849 morbi
1357 2805 1552 2849 causa
1580 2783 1973 2869 expellenda,
2000 2788 2099 2869 (ut
2126 2793 2205 2849 ut
2232 2792 2533 2870 potenter
2562 2792 2630 2850 et
2653 2785 2845 2850 docte
2874 2787 2941 2851 ei

727 2890 815 2953 ab
847 2889 1184 2970 assistente
1214 2887 1475 2952 Medico
1507 2887 1970 2970 subveniatur,)
2000 2888 2205 2971 possit
2226 2888 2548 2952 collocari.

728 3026 736 3031 ·
821 2990 996 3073 [22]
1050 2989 1301 3053 Verum
1331 2989 1504 3071 quod
1533 2989 1617 3053 ad
1650 2989 1907 3053 morbos
1946 2990 2285 3054 chronicos
2326 2989 2647 3053 sanandos
2677 2990 2946 3068 attinet,

727 3092 884 3156 licet
911 3092 1077 3155 nihil
1099 3090 1404 3154 dubitem
1431 3090 1817 3153 ulteriores'
1797 3112 1870 3153 m
1898 3091 2218 3155 medendo
2246 3092 2572 3174 profectus
2598 3089 2701 3154 vel
2734 3113 2775 3153 a
2802 3092 2951 3155 sola

733 3192 1051 3257 Methodo
1094 3212 1278 3275 posse
1330 3192 1571 3274 sperari
1614 3213 1808 3274 quam
1849 3193 1960 3275 qui
1991 3192 2069 3255 -in
2111 3194 2387 3275 primam
2428 3192 2649 3257 statim
2694 3192 2948 3275 cogita-

727 3295 980 3359 tionem
1023 3294 1394 3370 incurrant3
1441 3299 1733 3357 attamen
1773 3294 1917 3376 plus
1960 3294 2115 3358 satis
2145 3301 2401 3359 constat
2445 3295 2715 3358 deficere
2756 3296 2949 3359 illam

731 3397 804 3459 in
839 3396 1182 3459 curatione
1231 3395 1681 3459 chronicorum
1731 3395 1974 3479 aliquot
2016 3397 2118 3460 vel
2160 3398 2439 3460 maxime
2486 3396 2949 3480 spectabilium

726 3498 904 3561 inter
933 3517 1040 3560 eos
1071 3496 1304 3579 quibus
1343 3496 1637 3560 homines
1666 3505 2021 3579 urgentur,
2068 3498 2241 3581 quod
2276 3498 2357 3562 ob
2388 3498 2559 3562 hanc
2596 3499 2949 3582 praecipue

725 3616 993 3662 causam
1020 3618 1146 3660 usu
1173 3598 1369 3675 venit,
1391 3599 1542 3681 quia
1572 3598 1813 3661 scilicet
1834 3598 2093 3663 Natura
2120 3598 2194 3662 in
2220 3599 2667 3684 hujuscemodi
2696 3600 2949 3665 morbis

729 3720 868 3763 non
894 3699 1092 3764 habet
1127 3699 1516 3763 Methodum
1544 3706 1685 3763 tam
1730 3702 2069 3779 efficacem,
2100 3723 2233 3785 qua
2272 3702 2613 3765 materiam
2651 3702 2947 3766 morbifi-

729 3822 874 3865 cam
927 3802 1096 3865 foras
1139 3801 1370 3885 ejiciat,
1426 3802 1714 3885 (perinde
1758 3810 1953 3885 atque
1998 3803 2071 3865 in
2119 3803 2370 3885 acutis‚)
2424 3825 2553 3887 quo
2604 3824 2742 3882 nos,
2784 3825 2949 3869 cum

729 3904 960 3969 eadem
1003 3926 1237 3967 manus
1275 3903 1627 3987 jungentes
1672 3912 1740 3967 et
1783 3905 1866 3969 ad
1910 3904 2207 3969 debitum
2250 3905 2602 3987 dirigentes
2647 3926 2946 3989 scopum,

733 4007 1035 4071 morbum
1090 4005 1413 4069 debellare
1463 4006 1807 4070 valeamus.
1917 4008 2005 4071 In
2054 4007 2374 4071 vincendo
2430 4008 2651 4091 itaque
2708 4008 2948 4073 morbo

733 4109 1036 4174 chronico
1049 4108 1108 4171 *is
1128 4105 1390 4171 demum
1405 4108 1553 4190 jure
1574 4107 1931 4190 meritoque
1948 4107 2195 4171 Medici
2211 4128 2452 4173 nomen
2472 4108 2595 4173 sibi
2614 4110 2944 4189 vendicat,

735 4231 932 4294 penes
963 4230 1152 4293 quem
1185 4214 1285 4272 est
1329 4208 1644 4291 ejusmodi
1682 4210 2246 4289 medicamentum,
2288 4230 2416 4293 quo
2454 4210 2666 4275 morbi
2702 4214 2947 4293 species

735 4312 934 4395 possit
961 4310 1247 4388 destrui;
1294 4331 1426 4373 non
1458 4310 1568 4392 qui
1596 4310 1665 4373 id
1694 4316 1952 4374 tantum
1982 4311 2139 4393 agit,
2170 4318 2247 4375 ut
2287 4332 2325 4375 e
2352 4312 2577 4395 primis
2606 4312 2944 4377 secundis-

733 4406 862 4496 que
906 4412 1324 4496 qualitatibus
1369 4434 1534 4476 nova
1568 4413 1783 4495 aliqua
1824 4413 2293 4497 introducatur,
2326 4421 2392 4481 et
2429 4414 2659 4498 prioris
2706 4415 2943 4480 subeat
