3138 5006
680 278 811 339 346
1294 277 1685 342 THOMAE
1733 274 2251 342 SYDENHAM

378 453 463 505 Du
486 452 653 502 vim-
680 438 1113 503 manentiores
1144 440 1339 503 etiam
1368 438 1652 503 reddunt
1689 459 2102 525 paroxysmos
2139 438 2298 502 istos
2329 458 2487 521 quos
2515 442 2709 502 tanto
2753 456 2898 498 mo·-

376 531 505 629 οζζῗ,
514 519 655 630 gfff
678 539 902 606 limine
932 542 1288 625 opprimere
1324 543 1612 622 student,
1645 544 1880 626 quique
1907 543 2081 622 alias,
2112 542 2226 605 ubi
2267 542 2548 625 primum
2589 539 2898 623 pustulae

371 664 495 731 120„
515 699 650 747 spas—
680 644 1031 727 eruperint,
1064 668 1183 710 sua
1210 652 1439 729 sponte
1468 653 1646 709 certo
1675 645 1914 710 certius
1950 650 2420 709 evanescerent.
2485 640 2616 705 Hic
2645 648 2896 717 autem,

374 763 483 797 mos
502 748 555 795 in
577 749 655 797 51¹-
681 746 893 811 fausto
936 747 1233 832 laetoque
1278 748 1493 812 omine
1543 747 1740 832 (quod
1783 746 1937 811 alibi
1993 746 2280 830 [Ob-serv.
2329 744 2505 808 Med.
2553 743 2640 807 iii.
2690 747 2754 807 2.
2789 742 2888 825 2.]

374 812 656 939 ξῖἲὲξὲξς-
682 850 1004 931 diximus,)
1056 850 1374 930 Variolae,
1423 872 1588 933 quae
1627 872 1777 914 cum
1821 871 2076 934 spasmo
2117 850 2471 914 teneriores
2513 868 2750 932 pueros
2795 848 2898 910 in-

372 941 657 1054 {2352}-
681 952 947 1032 vadunt,
994 975 1139 1017 raro
1180 954 1527 1037 insigniter
1571 955 1932 1031 confluunt,
1973 953 2150 1017 unde
2195 974 2386 1035 aeger
2432 951 2628 1034 longe
2679 951 2898 1015 tutius

372 1070 549 1126 riola„
681 1056 849 1119 lecto
908 1057 1315 1121 concreditur
1372 1056 1608 1139 primis,
1639 1056 1813 1120 hisce
1873 1055 2098 1119 diebus
2133 1079 2147 1119 :
2249 1054 2414 1139 [29]
2468 1055 2620 1118 licet
2675 1054 2896 1117 obser-

372 1153 647 1274 ’ἕὲζῐΐξέἒ-
681 1159 981 1239 vaverim,
1033 1158 1347 1239 Variolas,
1403 1160 1654 1244 quoties
1706 1160 1974 1224 affectus
2021 1166 2377 1223 comatosos
2417 1180 2458 1222 a
2493 1165 2684 1241 tergo
2721 1158 2898 1221 inse-

374 1284 456 1323 tus
476 1292 641 1325 coma·
684 1268 994 1346 quuntur,
1047 1261 1397 1326 admodum
1456 1263 1820 1339 confluere3
1897 1284 2023 1346 quo
2073 1263 2146 1325 in
2205 1283 2360 1325 casu
2407 1261 2681 1345 ipsemet
2732 1260 2900 1323 vesi-

380 1348 535 1390 ‘⁰⁸⁰⁸‘
682 1364 1016 1443 catorium,
1066 1370 1133 1427 et
1178 1358 1624 1447 paregoricum
1670 1364 1856 1447 quale
1905 1383 2098 1445 supra
2145 1361 2468 1445 descripsi,
2511 1362 2731 1445 potius
2785 1360 2904 1423 ad-

680 1465 992 1545 hiberem,
1027 1488 1221 1550 quam
1263 1472 1340 1529 ut
1384 1488 1579 1549 aegro
1615 1466 1842 1551 jugem
1884 1465 2038 1529 lecti
2065 1486 2257 1528 usum
2303 1472 2456 1527 ante
2485 1464 2902 1547 eruptionem

680 1570 1143 1653 permitterem.
1236 1568 1546 1633 Quinimo
1593 1568 2038 1646 animadverti,
2086 1567 2402 1651 ejusmodi
2446 1567 2902 1632 convulsionoe

628 1698 633 1705 ·
684 1673 1070 1756 quandoque
1136 1670 1393 1755 (oppido
1450 1678 1673 1735 tamen
1732 1673 1922 1753 raro,)
1987 1670 2563 1735 intermittentium
2609 1670 2902 1735 febrium

681 1795 1095 1859 paroxysmos
1138 1773 1551 1857 praecedere3
1605 1774 1870 1837 affectus
1915 1794 2064 1837 vero
2109 1779 2466 1837 comatosos
2508 1794 2658 1838 cum
2704 1772 2904 1837 dietis

682 1877 1079 1962 paroxysmis
1138 1897 1273 1940 una
1330 1876 1728 1955 invadentes,
1783 1883 1850 1940 et
1901 1898 2037 1940 non
2096 1877 2224 1940 nisi
2283 1898 2434 1941 cum
2483 1876 2714 1941 iisdem
2765 1884 2904 1941 ter-

378 1992 427 2039 in
450 1990 635 2039 utrovis
685 1982 1032 2059 minantes,
1082 1986 1221 2045 tam
1279 1979 1349 2042 in
1405 1978 1766 2043 infantibus
1828 2000 2022 2063 quam
2079 1979 2318 2043 adultis
2381 2000 2686 2063 persaepe
2739 1979 2902 2057 vidi,

377 2056 663 2168 ξξξὲξῖᾃζῗ
687 2106 963 2170 quorum
1006 2082 1299 2147 similiter
1340 2083 1521 2147 nulla
1561 2084 1635 2146 in
1679 2083 2010 2147 curatione
2050 2083 2217 2147 ratio
2257 2083 2559 2147 habenda
2599 2092 2719 2161 est,
2761 2082 2905 2147 sola

378 2184 566 2233 tandae.
684 2194 905 2251 autem
946 2186 1161 2265 febris,
1208 2193 1435 2270 utpote
1478 2187 1742 2251 morbus
1785 2186 2128 2269 primarius
2178 2193 2243 2249 et
2291 2186 2666 2264 essentialis,
2713 2186 2902 2251 omni

682 2310 805 2373 ope
856 2297 955 2353 est
1005 2288 1453 2372 expugnanda.
1564 2290 1635 2352 Si
1687 2290 1860 2353 enim
1911 2290 2251 2354 comatosis
2300 2290 2476 2353 hisce
2533 2289 2902 2368 affectibus,

683 2390 931 2455 febrem
990 2389 1468 2469 comitantibus,
1530 2390 1832 2455 curandis
1898 2391 2238 2474 praecipue
2295 2390 2760 2470 incumberem,
2823 2412 2906 2455 ac

686 2491 955 2576 proinde
982 2492 1516 2573 venae-sectione,
1548 2492 1845 2572 catharsi,
1877 2500 2072 2577 atque
2113 2494 2426 2558 enemati·
2453 2494 2766 2579 repetitis,
2801 2517 2906 2558 so-

685 2597 825 2680 pori
860 2597 1175 2662 vincendo
1210 2618 1470 2680 operam
1512 2617 1836 2676 navarem,
1866 2596 2114 2661 febrem
2149 2596 2302 2661 inde
2340 2598 2546 2681 magis
2586 2597 2906 2662 accende-

682 2721 845 2781 rem,
878 2707 944 2765 et
980 2721 1058 2766 ex
1102 2699 1520 2784 consequenti
1558 2720 1636 2763 eo
1675 2721 1879 2784 usque
1923 2719 2228 2782 augerem
2273 2721 2460 2764 coma
2499 2700 2694 2783 (quod
2731 2701 2909 2764 mihi

688 2810 827 2868 erat
872 2803 1281 2886 tollendurm)
1332 2810 1409 2867 ut
1457 2823 1649 2886 aeger
1693 2802 1964 2866 tandem
2015 2803 2096 2866 ab
2149 2823 2226 2867 eo
2278 2810 2616 2870 aeternum
2669 2823 2908 2866 conso-

686 2907 969 2990 piretur3
1016 2905 1273 2990 quando
1316 2905 1371 2969 si
1414 2906 1487 2969 in
1520 2904 1698 2969 febre
1730 2904 2112 2970 debellanda
2153 2905 2310 2970 totis
2337 2905 2595 2985 viribus,
2627 2913 2908 2970 conten-

686 3008 859 3088 dam,
891 3016 1323 3094 symptomata
1366 3007 1584 3073 omnia
1627 3008 1708 3071 ab
1745 3007 1972 3072 eadem
2013 3008 2368 3091 pendentia
2409 3009 2591 3074 nullo
2633 3007 2910 3091 negotio

688 3134 823 3176 una
864 3113 1215 3176 facessent:
1278 3110 1451 3194 quod
1488 3111 1654 3174 serio
1693 3110 1908 3174 notari
1951 3110 2161 3189 velim,
2202 3132 2352 3176 cum
2385 3110 2457 3174 in
2491 3111 2613 3175 hac
2652 3132 2723 3175 re
2759 3119 2911 3175 tam

686 3215 914 3284 crebro
948 3221 1211 3296 tamque
1251 3212 1532 3278 fataliter
1579 3213 1775 3276 errari
1823 3213 2045 3277 soleat.
2137 3213 2276 3278 Del’
2305 3213 2430 3278 hoc
2464 3223 2612 3278 vero
2658 3214 2786 3278 alio
2827 3215 2910 3279 in

686 3321 831 3384 loeo
873 3320 1155 3402 [Observ.
1188 3319 1363 3381 Med.
1394 3318 1483 3381 ιιι.
1517 3321 1580 3384 2.
1614 3320 1700 3382 62
1727 3345 1741 3383 :
1788 3342 1845 3383 v.
1879 3323 1940 3384 2.
1974 3322 2016 3382 8
2047 3320 2173 3404 sq.]
2213 3319 2421 3384 fusius
2451 3321 2602 3384 dixi.

788 3421 953 3505 [30.]
1008 3420 1377 3505 Aliquando
1414 3420 1612 3485 etiam
1658 3422 1852 3505 (quod
1890 3423 2177 3505 proxime
2213 3423 2512 3506 tradam,)
2550 3431 2910 3508 quantum-

688 3529 848 3592 libet
896 3549 1089 3610 aegro
1136 3527 1423 3593 conferat
1468 3533 1544 3590 ut
1591 3527 1760 3591 lecto
1805 3527 2092 3591 interdiu
2138 3527 2426 3607 absistat,
2475 3529 2912 3594 nihilominus

688 3651 825 3694 non
880 3636 1093 3714 potest
1143 3630 1212 3694 id
1264 3630 1475 3694 solatii
1524 3630 1735 3694 eidem
1785 3630 2130 3714 indulgeri,
2186 3631 2594 3715 aegritudine
2653 3633 2912 3698 scilicet

686 3733 1165 3812 vehementiori,
1210 3731 1549 3797 intensiori
1593 3719 1788 3808 febre,
1831 3733 2076 3798 vomitu
2121 3735 2388 3813 enormi,
2419 3734 2756 3817 vertigine,
2799 3758 2912 3800 ar-

688 3845 880 3902 tuum
910 3837 1125 3901 dolore
1156 3837 1339 3923 quasi
1366 3836 1831 3900 rheumatismo
1859 3837 2126 3915 laboret,
2159 3843 2226 3901 et
2267 3838 2605 3917 similibus,
2639 3845 2908 3903 contra.-

389 3963 503 4013 Quo
524 3977 664 4011 enor-
689 3940 1167 4005 indicantibus:
1216 3961 1380 4024 quae
1434 3939 1695 4023 quidem
1743 3946 2177 4023 symptomata
2222 3939 2458 4020 omnia,
2513 3942 2797 4006 saeviora
2849 3943 2914 4006 si

380 4026 669 4156 ζζξοῃῗιξῗη*
689 4045 953 4123 fuerint,
980 4044 1279 4127 (maxime
1301 4043 1371 4107 in
1396 4042 1765 4126 sanguineis
1789 4048 1854 4106 et
1877 4049 2088 4107 aetate
2110 4043 2534 4129 florentibus,)
2558 4046 2912 4128 ingentem

384 4165 532 4233 mats,
555 4172 613 4205 eo
692 4149 1001 4213 materiae
1030 4147 1401 4210 Variolosae
1437 4145 1688 4228 copiam
1727 4144 1905 4207 intus
1945 4150 2188 4223 natam,
2220 4151 2287 4208 et
2332 4144 2677 4210 discrimen
2715 4145 2912 4212 haud

384 4237 668 4334 ΐιῖᾗῖᾞὲ,
691 4252 972 4334 vulgare,
1026 4271 1065 4313 a
1114 4249 1390 4333 pustulis
1437 4247 1684 4310 exitum
1729 4246 2024 4311 certatim
2079 4248 2535 4330 quaerentibus
2587 4259 2702 4312 ac‘l
2746 4269 2914 4314 mox

385 4351 546 4399 ¹³⁰¹&
694 4354 875 4420 valde
920 4353 1329 4431 confluxuris,
1390 4351 1825 4434 praesagiunt.
1917 4350 2089 4414 Cum
2135 4349 2356 4434 itaque
2413 4351 2712 4416 fraenum
2771 4353 2914 4418 fer-

826 4483 847 4513 ¹’
882 4479 1143 4548 De-de'xi]
1170 4495 1266 4530 om.
1290 4481 1363 4528 ed.
1389 4482 1483 4528 ’82.
2023 4491 2048 4524 a
2085 4479 2425 4543 ‹ze—conflua]
2450 4495 2543 4530 om.
2569 4481 2642 4530 ed.
2668 4483 2766 4538 ’82
