3138 5006
986 291 1511 358 TRACTATUS
1561 291 1619 355 1.
2281 295 2414 360 433

199 447 425 516 derata
462 445 851 523 δυσπέπτοις
886 453 1311 538 praeferenda
1346 455 1497 532 sint,
1530 459 1824 518 attamen
1863 453 2040 538 aegri
2066 455 2283 539 palato
2311 463 2410 520 est
2449 471 2532 520 Dr.
2556 472 2692 520 Pon-

199 554 711 636 consulendum3
756 556 1281 643 quandoquidem
1324 555 1798 622 observandum
1849 564 2004 636 estl’,
2055 558 2228 641 quod
2273 579 2410 622 sae·
2500 551 2660 586 ΝΜ·

199 677 553 739 penumero
590 659 659 724 id
697 660 871 744 quod
897 660 1293 725 ventriculus
1322 660 1737 725 vehementer
1771 662 2036 745 appetit,
2066 661 2218 726 licet
2248 663 2408 726 diffi·
2434 626 2716 754 ffssssegss.

198 760 385 825 cilius
432 769 763 846 coquatur,
794 763 987 828 citius
1032 771 1255 828 tamen
1294 785 1335 828 a
1370 763 1632 828 Natura
1666 764 1950 828 vincitur
1995 785 2188 848 quam
2237 765 2412 849 quod
2436 756 2712 804 sulendum.

197 862 499 928 facilioris
543 865 971 930 connectionis
1012 865 1310 945 habetur,
1340 866 1397 930 si
1438 865 1799 931 ventriculo
1840 887 2150 931 nauseam
2193 875 2407 933 creet:

200 972 269 1030 at
296 987 446 1031 vero
489 988 651 1051 quae
696 964 1037 1033 δύσπεπτα
1076 968 1421 1046 habentur,
1450 968 1684 1033 iccirco
1723 968 1978 1053 parcius
2014 975 2170 1035 sunt
2199 990 2409 1034 come-

200 1068 431 1134 denda.
520 1069 737 1135 Unica
764 1071 960 1136 etiam
982 1070 1271 1136 ciborum
1300 1071 1511 1154 specie
1539 1071 1812 1166 singulis
1841 1071 2132 1155 pastibus
2153 1094 2410 1138 vescen-
2434 1069 2599 1182 {5¹¹³st
2620 1070 2690 1118 αἱ·

199 1170 361 1235 dum
403 1172 697 1252 arbitror,
728 1194 879 1238 cum
907 1173 1084 1238 varia
1128 1174 1421 1238 carnium
1468 1195 1708 1257 genera
1746 1174 1939 1238 simul
1975 1174 2232 1259 ingesta
2265 1177 2410 1260 plus
2435 1149 2718 1262 οῑῗξιῗιιέιῗῗ

196 1276 555 1340 ventriculo
584 1276 915 1342 molestiae
940 1276 1268 1342 facessunt
1298 1298 1493 1360 quam
1530 1276 1798 1341 unicum
1829 1277 2002 1360 quod
2040 1278 2259 1342 omnia
2285 1278 2411 1343 ista
2434 1263 2713 1377 {Jgsl'ssfflc‘a-

200 1377 567 1462 quantitate
606 1385 941 1463 exaequet.
1029 1380 1131 1444 De
1170 1379 1458 1458 caeteris,
1503 1379 1764 1464 dempta
1803 1401 2018 1459 carne,
2056 1403 2175 1465 pro
2217 1381 2412 1446 libitu
2436 1399 2530 1441 tur.

201 1479 519 1560 comedat,
548 1480 743 1545 modo
772 1502 895 1546 nec
934 1481 1124 1561 acria,
1155 1503 1279 1546 nec
1316 1482 1449 1546 sale
1484 1481 1748 1546 condita
1774 1481 1907 1548 sint
1935 1504 2058 1548 nec
2085 1484 2410 1562 aromatis,
2435 1468 2716 1593 ᾓξιῖὗζξ

202 1603 385 1665 quae,
425 1583 580 1648 licet
623 1584 981 1649 coctionem
1031 1606 1167 1650 non
1208 1584 1487 1664 laedant,
1527 1592 1768 1650 nocent
1809 1590 2034 1650 tamen
2086 1591 2412 1672 quatenus
2435 1605 2652 1646 aromata

198 1685 412 1750 morbi
437 1685 728 1750 fomitem
759 1686 1109 1770 exagitant.
2436 1661 2689 1711 evitentur.
2767 1699 2774 1706 -

290 1787 458 1875 [44]
506 1789 823 1873 Tempora
844 1790 1015 1873 quod
1036 1789 1290 1867 attinet,
1314 1789 1630 1874 prandere
1651 1796 1910 1855 tantum
1935 1791 2192 1875 expedit
2202 1817 2224 1872 3
2264 1811 2416 1856 cum
2439 1810 2680 1859 Pandere

200 1890 379 1954 enim
405 1891 611 1956 lectus
632 1892 1009 1957 humoribus
1040 1892 1406 1976 digerendis
1434 1893 1688 1978 proprie
1719 1891 1987 1974 dicetur,
2009 1894 2079 1959 id
2106 1894 2416 1979 temporis
2437 1881 2644 2002 &Q

198 1992 273 2056 in
315 1992 471 2057 cibis
514 1995 985 2078 concoquendis
1027 2017 1163 2060 non
1206 2001 1305 2060 est
1346 1995 1830 2061 insumendum.
1935 1997 2094 2062 Non
2136 2004 2414 2064 coenent
2439 2019 2708 2069 Liberalio-

198 2093 421 2178 itaque
454 2097 567 2180 qui
595 2097 929 2181 Podagrae
972 2105 1129 2162 sunt
1163 2097 1445 2178 obnoxii,
1475 2098 1784 2162 haustum
1814 2104 2039 2163 tamen
2075 2100 2414 2164 cerevisiae
2436 2099 2698 2198 ζξξέἳῗ·

199 2198 469 2282 alicujus
526 2201 839 2266 tenuioris
888 2200 1317 2266 liberaliorem
1364 2200 1491 2265 sibi
1534 2200 1959 2285 indulgeant3
2013 2202 2412 2286 quandoqui-
2437 2214 2623 2262 anim-i.

199 2300 347 2364 dem
375 2301 573 2367 etiam
598 2322 829 2367 renum
860 2303 1106 2368 calculo
1136 2303 1506 2386 generando
1537 2303 1850 2387 proclives
1879 2303 2013 2368 fere
2043 2303 2176 2367 sint
2203 2303 2368 2368 tales
2388 2330 2410 2383 3
2434 2278 2683 2392 ξξζᾝῖξ,

200 2405 387 2488 cujus
426 2406 747 2471 concretio
776 2427 817 2470 a
841 2406 1093 2490 liquore
1130 2405 1447 2491 ejusmodi
1484 2406 1609 2471 hoc
1647 2413 1938 2490 tempore
1976 2406 2213 2472 hausto
2245 2407 2412 2472 mul-
2435 2406 2538 2456 lum
2554 2424 2726 2484 ¹⁴³an

200 2512 345 2571 tum
374 2507 745 2593 impeditur,
775 2510 1169 2593 refrigeratis
1204 2508 1448 2575 scilicet
1478 2509 1559 2574 ab
1592 2532 1669 2575 eo
1696 2510 1962 2575 renibus
1991 2511 2408 2595 prolutisque.
2436 2487 2656 2601 Ξξῗξὲῃ

301 2611 472 2695 [45.]
507 2612 1029 2691 Tamna-offocat,
1060 2613 1198 2696 (seu
1220 2613 1435 2676 diaeta
1453 2633 1490 2675 e
1513 2613 1649 2677 solo
1669 2613 1856 2691 lacte,
1880 2613 2012 2678 sive
2042 2614 2258 2693 crudo,
2280 2614 2412 2679 sive
2435 2609 2578 2678 3¹⁰⁰oe
2604 2602 2697 2651 ⁸³5

202 2714 429 2797 coct0,)
481 2714 892 2779 exulantibus
930 2714 1199 2779 caeteris
1240 2713 1562 2793 omnibus,
1592 2716 1723 2780 nisi
1751 2715 1933 2801 quod
1953 2715 2138 2799 panis
2169 2716 2413 2802 aliquid
2436 2668 2726 2795 ssfflffiss.

202 2816 403 2881 semel
429 2816 597 2882 forte
634 2816 707 2881 in
746 2817 851 2882 die
884 2816 1243 2901 adjiciatur,
1276 2816 1357 2881 ab
1407 2816 1596 2881 annis
1641 2823 1818 2881 retro
1845 2817 2079 2900 viginti
2106 2817 2412 2883 obtinuit.
2439 2816 2518 2887 ³:³⁸
2532 2828 2630 2873 ‘1¹¹⁸
2643 2826 2724 2860 ¹⁸⁸·

200 2920 455 2985 Profuit
484 2920 645 2985 haec
674 2941 869 3004 quam
896 2919 1191 3005 plurimis
1221 2938 1373 3003 prae
1402 2920 1672 2984 caeteris
1700 2920 1972 3003 hujusce
1999 2919 2206 2985 morbi
2234 2942 2416 3004 prae·
2439 2883 2698 3002 22¹¹?ssss-

202 3022 379 3086 sidiis
428 3022 741 3107 quamdiu
776 3044 863 3087 ne
904 3024 1117 3086 latum
1150 3042 1443 3105 unguem
1484 3021 1566 3086 ab
1607 3043 1685 3087 ea
1729 3021 2174 3102 discesserint3
2221 3044 2416 3107 quam
2441 3020 2587 3117 ἓξὲξ
2611 3019 2724 3068 ¹²¹⁰·

199 3126 484 3209 primum
502 3146 655 3191 vero
684 3125 771 3190 ad
796 3146 1103 3191 sanorum
1130 3124 1431 3203 diaetam,
1456 3130 1611 3189 utut
1637 3124 1854 3189 lenem
1882 3123 2252 3208 mitemque,
2275 3146 2422 3190 sese

200 3228 513 3312 receperit
562 3227 679 3315 qui
731 3228 885 3294 huic
938 3229 1326 3307 insueverat,
1387 3227 1686 3311 Podagra
1756 3226 2100 3291 confestim
2163 3247 2420 3293 reversa

203 3350 469 3414 aegrum
496 3332 682 3415 pejus
710 3332 905 3415 longe
936 3352 1131 3415 quam
1167 3330 1443 3395 antehac
1470 3330 1764 3394 vexavit:
1808 3328 2212 3394 labefactatis
2241 3330 2418 3395 enim

200 3432 325 3497 hac
365 3432 673 3498 methodo
714 3434 1009 3498 Naturae
1048 3432 1400 3518 principiis,
1432 3453 1626 3516 aeger
1660 3433 1801 3516 jam
1843 3430 2074 3495 morbo
2115 3431 2420 3515 pellendo

200 3536 407 3619 magis
428 3536 637 3620 impar
658 3536 969 3616 redditur,
988 3536 1165 3600 unde
1186 3541 1252 3600 et
1272 3534 1688 3620 periculosius
1709 3533 1974 3598 infestat
1997 3538 2063 3597 et
2087 3532 2418 3598 diuturni-

198 3662 302 3704 us.
377 3638 513 3705 Qui
538 3639 738 3723 igitur
764 3640 918 3705 huic
946 3662 1017 3705 se
1042 3640 1349 3704 methodo
1370 3639 1628 3705 tradere
1649 3639 1914 3722 cogitat,
1937 3638 2220 3723 primum
2250 3639 2420 3704 serio

202 3763 422 3807 secum
449 3742 825 3827 perpendat,
847 3764 1009 3806 num
1028 3742 1239 3807 v'aleat
1265 3763 1382 3826 per
1408 3763 1672 3807 omnem
1690 3741 1890 3806 vitam
1917 3741 1988 3804 in
2019 3741 2245 3806 eadem
2273 3762 2418 3825 per-

204 3844 469 3923 sistere3
516 3844 691 3928 quod
730 3850 952 3909 tamen
994 3844 1279 3910 fortassis
1323 3866 1520 3928 penes
1559 3864 1711 3909 eum
1745 3865 1881 3908 non
1919 3844 2062 3923 erit,
2092 3849 2242 3906 utut
2271 3864 2416 3926 pro·

202 3948 399 4033 positi
444 3953 645 4012 tenax
684 3947 918 4014 fuerit:
962 3948 1115 4011 novi
1153 3948 1329 4011 enim
1366 3947 1652 4011 nobilem
1693 3946 2036 4030 quendam,
2075 3945 2204 4029 qui,
2239 3954 2422 4027 post-

202 4072 401 4135 quam
427 4072 543 4133 per
565 4070 815 4115 annum
842 4050 1171 4133 integrum
1194 4050 1329 4115 solo
1356 4049 1523 4114 laete
1550 4049 1968 4125 victitaverat,
1989 4067 2125 4110 non
2154 4053 2416 4111 tantum

202 4156 343 4219 sine
385 4154 757 4233 offensione,
790 4153 903 4218 sed
932 4160 999 4219 et
1042 4174 1195 4217 cum
1237 4173 1491 4217 summa
1530 4152 1880 4235 voluptate,
1933 4152 2084 4233 (quo
2127 4154 2418 4233 tempore

202 4256 491 4340 quotidie
522 4257 722 4321 semel
766 4262 881 4321 aut
907 4255 1147 4340 pluries
1193 4255 1554 4340 dejecerat)
1591 4254 1860 4317 sistente
1903 4252 2251 4335 derepente
2279 4250 2421 4315 alvo

204 4380 281 4423 ac
308 4366 563 4425 mutata
606 4360 887 4444 corporis
925 4358 1256 4443 temperie,
1285 4364 1595 4421 manente
1623 4376 1772 4421 vero
1813 4354 2024 4421 adhuc
2051 4352 2250 4419 animi
2275 4374 2422 4437 pro·

998 4498 1023 4530 v
1056 4490 1138 4539 cf.
1164 4491 1370 4537 mum.
1393 4490 1545 4551 Epist.
1569 4490 1596 4548 ς
1623 4486 1697 4535 26.

1246 4571 1287 4633 3
1324 4590 1369 4633 x
