3138 5006
748 251 877 315 506
1372 250 1763 315 THOMAE
1811 248 2328 316 SYDENHAM

444 424 719 505 Dthouz
844 410 1009 495 [36.]
1064 410 1418 477 Methodus
1456 413 1596 497 jam
1629 411 1894 476 laudata
1929 411 2199 477 caeteris
2249 432 2408 495 quas
2449 416 2766 494 expertus
2821 430 2958 473 sum

442 488 711 599 Ῑξσῗζζύ
746 513 1047 578 omnibus
1095 514 1165 577 in
1214 514 1483 599 hujusce
1532 514 1759 579 Febris
1815 514 2145 579 curatione
2193 514 2380 579 facile
2437 513 2802 578 antecellit.
2895 512 2959 575 Si

748 615 1006 699 quando
1048 637 1198 681 vero
1242 617 1501 681 Febrim
1545 637 1681 681 non
1730 614 2013 700 prorsus}
2039 617 2248 695 tollat,
2290 616 2360 681 id
2404 616 2640 681 saltem
2693 615 2839 698 agit
2889 622 2958 679 ut

743 718 1171 783 intermittere
1214 726 1518 803 cogatur3
1587 740 1662 783 ac
1703 719 1972 803 proinde
2009 719 2367 784 Peruviano
2406 718 2652 797 cortici,
2695 719 2818 801 qui
2857 718 2959 781 hic

744 842 1079 904 nunquam
1120 843 1257 886 non
1296 822 1676 905 triumphat,
1705 821 2168 887 conficiendam
2205 820 2426 885 tradit.
2519 821 2698 885 Cum
2732 826 2958 885 autem

743 924 1053 987 catharsis
1095 924 1239 989 istic
1284 925 1600 1007 imperata
1645 923 1962 988 curationi
2005 923 2200 1008 hujus
2243 922 2466 987 Febris
2515 922 2750 987 obesse
2793 944 2956 986 non-

436 1034 688 1112 Laudatgu
741 1026 937 1091 nullis
986 1026 1123 1091 fore
1172 1027 1484 1105 videatur,
1536 1048 1654 1110 pro
1711 1032 2038 1110 comperto
2097 1026 2361 1103 affirmo,
2411 1024 2576 1088 nihil
2627 1025 2728 1089 ita
2779 1036 2958 1090 certo

434 1102 671 1225 3225?
742 1134 937 1213 atque
978 1129 1074 1194 ita
1114 1136 1413 1213 potenter
1455 1150 1724 1211 aegrum
1765 1128 2142 1212 refrigerare
2192 1134 2386 1211 atque
2429 1127 2766 1191 cathal-sin
2809 1136 2956 1211 post

434 1230 698 1341 ἒζξζῠὲξὲ-
742 1232 1321 1296 venae-sectionem
1354 1232 1540 1314 (quae
1568 1230 1810 1314 ubique
1837 1230 2308 1313 praemittenda
2337 1231 2482 1313 est,)
2513 1230 2954 1295 celebratam:

436 1356 685 1405 celebrata.
742 1332 1001 1395 tametsi
1048 1332 1220 1396 enim
1264 1332 1812 1397 medicamentum
1857 1354 2143 1417 purgans
2183 1354 2260 1397 eo
2301 1332 2442 1415 ipso
2489 1354 2619 1415 quo
2667 1334 2956 1399 sumitur

743 1433 865 1513 die,
896 1443 1091 1518 atque
1130 1436 1291 1500 adeo
1331 1434 1503 1498 inter
1546 1434 1962 1519 operandum,
1993 1434 2304 1517 majorem
2346 1434 2954 1518 impraesentiarum

742 1542 808 1600 et
836 1537 907 1601 in
942 1538 1255 1620 sanguine
1294 1543 1360 1601 et
1398 1538 1471 1601 in
1508 1537 1766 1620 reliquis
1793 1535 2192 1615 humoribus,
2223 1557 2418 1618 quam
2457 1537 2569 1620 qui
2614 1543 2778 1601 ante
2805 1538 2951 1619 fnit,

740 1639 1099 1703 tumultum
1150 1639 1402 1719 excitet,
1452 1645 1518 1727 et
1568 1637 1838 1722 proinde
1884 1637 2148 1703 Febrim
2193 1637 2528 1717 intendat3
2601 1638 2676 1702 id
2727 1646 2954 1705 tamen

739 1761 943 1807 noxae
972 1744 1409 1808 emolumento
1438 1762 1592 1807 mox
1617 1742 1770 1806 inde
1800 1740 2222 1805 subsecuturo
2249 1741 2395 1824 plus
2425 1741 2580 1805 satis
2609 1752 2948 1825 pensatur.

738 1843 1043 1909 Testatur
1091 1847 1266 1911 enim
1318 1845 1728 1929 experientia,
1781 1843 2105 1909 cathal-sin
2155 1842 2372 1925 (modo
2425 1851 2574 1927 post
2633 1845 2950 1911 eductum

739 1948 1121 2029 sanguinem
1161 1948 1493 2030 tentetur,)
1536 1946 1932 2030 quibuslibet
1980 1946 2120 2009 aliis
2165 1946 2464 2010 remediis
2512 1946 2776 2011 felicius
2821 1970 2950 2013 cer·

734 2048 989 2131 tiusque
1038 2050 1321 2125 ‚Febrem
1376 2048 1795 2134 perdomare3
1869 2054 2016 2113 tum
2073 2054 2392 2131 quatenus
2447 2047 2714 2113 foedam
2775 2050 2952 2115 illam

732 2150 1078 2215 humorum
1106 2152 1388 2217 illuviem
1418 2173 1455 2215 e
1498 2172 1762 2235 corpore
1807 2150 2040 2234 exigat,
2073 2172 2113 2214 a
2142 2148 2378 2233 quibus
2405 2156 2482 2213 ut
2511 2172 2552 2213 a
2591 2172 2796 2215 causa
2837 2174 2952 2217 an-

728 2252 1069 2317 tecedente
1098 2254 1321 2319 Febris
1350 2254 1846 2331 accendebatur,
1873 2253 1975 2317 vel
2005 2252 2059 2315 si
2096 2271 2230 2316 non
2265 2257 2460 2315 antea
2485 2251 2856 2335 peccabant
2887 2254 2950 2333 ii,

722 2353 859 2437 jam
904 2354 1133 2419 saltem
1184 2356 1618 2435 concalefacti,
1665 2362 1732 2421 et
1784 2377 1823 2419 a
1871 2353 2093 2420 Febris
2145 2353 2370 2417 ardore
2417 2354 2600 2436 quasi
2655 2355 2834 2419 cocti
2885 2366 2950 2421 et

730 2456 1093 2541 constipati,
1126 2457 1209 2523 ad
1238 2458 1527 2542 ejusdem
1554 2479 1805 2524 moram
1835 2456 2304 2522 diuturniorem
2337 2456 2624 2520 multum
2649 2456 2948 2538 faciunt3

730 2565 875 2624 tum
904 2560 1100 2626 etiam
1130 2567 1449 2644 quatenus
1490 2561 1792 2645 anodyno
1818 2561 1988 2624 viam
2017 2557 2269 2637 sternit,
2301 2558 2474 2642 quod
2501 2559 2714 2622 tutius
2751 2561 2951 2644 longe

732 2662 1093 2746 certiusque
1136 2663 1341 2728 officio
1388 2685 1506 2728 suo
1544 2662 1860 2746 fungitur,
1904 2682 2098 2744 quam
2139 2660 2194 2724 si
2231 2659 2536 2725 humores
2571 2673 2948 2744 peccantes,

732 2764 841 2847 qui
885 2765 1237 2849 paregoriei
1280 2765 1444 2830 vires
1491 2765 1678 2830 aliter
1722 2764 2082 2849 potuissent
2132 2761 2503 2844 infringere,
2547 2766 2952 2846 purgatione

732 2887 867 2932 non
896 2867 1139 2932 fuerint
1168 2867 1501 2933 eliminati.

493 2989 675 3061 pqntra,
827 2967 992 3053 [3¹7.]
1054 2971 1145 3034 At
1196 2992 1233 3035 e
1284 2977 1528 3047 contra,
1583 2968 1772 3034 sicuti
1809 2965 2164 3048 methodus
2211 2966 2325 3029 illa
2375 2986 2538 3049 quae
2597 2970 2956 3034 materiam

467 3056 682 3161 Ρξιζῖξω
728 3070 1047 3135 Febrilem
1076 3093 1191 3154 per
1216 3091 1405 3156 poros
1444 3071 1614 3136 eutis
1659 3070 1992 3135 eliminare
2029 3068 2283 3152 satagit,
2315 3069 2532 3132 minus
2568 3069 2776 3135 habet
2805 3093 2956 3138 oer-

522 3193 549 3223 e
568 3193 675 3225 mn-
728 3173 1043 3252 titudinis,
1073 3175 1167 3238 ita
1194 3176 1337 3257 plus
1364 3173 1561 3238 habet
1601 3179 1668 3238 et
1707 3173 1946 3238 fastidii
1973 3159 2041 3236 et
2070 3191 2306 3250 morae,
2337 3177 2566 3254 utpote
2595 3192 2731 3254 qua
2769 3194 2956 3238 mor·

544 3320 597 3352 m
616 3243 707 3368 ἓξ,
726 3277 851 3340 bus
902 3277 1153 3359 saepius
1196 3277 1281 3342 ad
1322 3276 1711 3358 septimanas
1761 3274 2006 3357 aliquot
2061 3272 2472 3356 producitur:
2545 3293 2702 3336 cum
2748 3295 2958 3358 aeger

458 3383 563 3480 ‘31⁰3‘
580 3379 705 3420 “¹²⁰⁸
729 3379 852 3444 hoc
889 3379 1083 3444 modo
1125 3379 1407 3463 primum
1444 3379 1517 3442 in
1552 3379 1694 3461 ipso
1734 3375 2056 3460 sepulchri
2091 3374 2384 3458 margine
2429 3372 2510 3457 (si
2545 3374 2720 3439 forte
2761 3376 2954 3442 Libi-

426 3498 615 3560 satagit.
727 3483 935 3547 tinam
987 3483 1179 3548 evitet
1228 3481 1540 3564 tandem,)
1597 3479 2065 3557 constituatur3
2133 3485 2199 3542 et
2247 3497 2363 3560 per
2411 3477 2688 3560 longum
2747 3478 2958 3544 illum

727 3584 951 3651 Febris
972 3583 1315 3650 decursum
1336 3584 1537 3648 denso
1555 3581 1992 3647 remediorum
2013 3579 2272 3663 agmine
2298 3578 2666 3658 infestetur,
2691 3581 2956 3664 quibus

724 3707 804 3750 ea
846 3693 1301 3770 expugnantur
1342 3690 1776 3770 symptomata
1820 3703 1983 3767 quae
2027 3681 2330 3765 imperita
2372 3679 2582 3744 morbi
2625 3685 2956 3750 tractatio

726 3789 1017 3868 advexit3
1063 3789 1219 3852 dum
1244 3789 1560 3870 regimine
1591 3794 1656 3851 et
1698 3785 2182 3851 medicamentis
2211 3783 2608 3846 calidissimis
2635 3790 2958 3851 tentatur

728 3893 974 3958 curatio
1016 3890 1331 3976 ejusmodi
1364 3891 1652 3968 affectus,
1693 3889 1802 3972 qui
1841 3909 1956 3972 pro
1995 3886 2187 3970 genio
2227 3907 2342 3950 suo
2381 3891 2658 3968 utraque
2697 3885 2958 3952 horum

724 3993 1136 4076 frigidissima
1192 3992 1456 4057 omnino
1514 3991 1818 4073 deposcit.
1907 3990 2126 4070 Atque
2181 3987 2279 4051 ita
2343 3986 2502 4050 dum
2558 3987 2736 4050 male
2801 3991 2960 4054 sani

725 4097 1019 4162 homines
1036 4095 1217 4160 Artis
1244 4095 1426 4177 (falso
1449 4093 1700 4176 dictae,)
1727 4091 1968 4175 regulis
1989 4111 2056 4154 se
2077 4088 2472 4172 mancipant,
2489 4088 2694 4152 etiam
2717 4101 2960 4174 spreto

726 4221 1032 4266 sensuum
1070 4199 1197 4264 illis
1232 4196 1723 4264 reclamantium
1760 4193 2024 4278 judicio,
2067 4191 2368 4256 morbum
2413 4211 2492 4256 ex
2533 4211 2654 4254 sua
2691 4201 2960 4259 natura

722 4303 981 4368 brevem
1023 4302 1401 4384 facilemque
1447 4300 1517 4362 in
1561 4298 1943 4363 diuturnum
1989 4300 2055 4358 et
2099 4293 2422 4358 difficilem
2473 4293 2730 4360 erudite
2783 4317 2956 4363 con.

722 4412 1003 4484 vertunt,
1058 4404 1274 4470 omnia
1328 4401 1621 4466 tumultu
1672 4405 1736 4464 et
1795 4404 1976 4463 metu
2033 4395 2517 4472 conturbantes,
2570 4400 2636 4458 et
2683 4396 2964 4477 fluctus
