3138 5006
527 317 1319 389 OBSERVATIONUM
1366 317 1938 384 MEDICARUM
1991 328 2037 381 I.
2075 334 2126 383 5.
2342 321 2428 387 79

228 490 427 549 tatem
457 484 749 549 obtinere
781 482 1021 547 debent
1056 481 1337 565 liquores
1366 481 1726 561 memorati,
1757 489 1834 546 ut
1872 480 2136 566 spiritus
2164 502 2426 565 prorsus
2489 496 2698 546 Fenus

226 588 505 652 obruant
533 584 1045 669 opprimantque,
1077 583 1237 647 adeo
1264 590 1341 647 ut
1370 602 1505 647 non
1534 582 1800 647 omnino
1821 590 2222 649 moveantur.
2449 560 2730 676 {xxa

322 685 494 773 [22]
546 688 671 752 His
693 684 887 772 jactis
907 686 1371 764 fundamentiS,
1398 686 1586 768 (quae
1617 685 1876 769 quidem
1905 686 2124 751 nescio
2147 710 2231 751 an
2261 686 2422 766 aliis,
2490 691 2698 739 ’δί-Ἢ·

221 792 389 857 mihi
402 797 576 857 certe
594 790 847 855 ratione
868 808 1005 853 non
1022 787 1499 853 contemnenda
1516 788 1640 852 niti
1663 788 2010 872 videntum)
2033 788 2272 854 mirum
2289 811 2424 854 non
2447 772 2734 887 {ssz‘fffiff

225 896 349 961 erit
377 896 432 959 si
458 894 587 959 illis
613 915 751 957 non
774 894 967 957 aliam
994 890 1298 955 medendi
1326 890 1709 955 methodum
1739 900 2196 975 superstruam,
2229 915 2423 977 quam
2448 908 2518 949 ten
2543 917 2696 980 aeque

222 1018 392 1082 quae
416 998 489 1061 in
532 995 847 1060 Febribus
877 993 1222 1058 Continuis
1262 994 1345 1057 ad
1388 992 1898 1078 despumationis
1931 995 2224 1060 debitum
2263 1018 2423 1080 opus
2447 968 2698 1079 {233³

216 1100 347 1164 rite
374 1098 837 1183 perficiendum
872 1095 1243 1169 adhibenda
1275 1095 1636 1174 videatur-¹5
1683 1118 1833 1161 cum
1867 1097 2177 1162 nimirum
2206 1099 2356 1163 illae
2385 1120 2426 1163 a
2449 1102 2674 1207 magneu-

220 1202 571 1269 Continuis
612 1202 796 1266 nullo
841 1200 1211 1264 discrimine
1256 1199 1703 1284 sejungantur,
1740 1199 1794 1265 si
1837 1201 2132 1267 ordinem
2175 1209 2424 1287 spectes
2447 1174 2570 1287 {2¹22
2593 1176 2656 1273 21

218 1324 349 1390 quo
386 1307 649 1371 Natura
676 1304 1027 1369 earundem
1070 1302 1409 1367 materiam
1452 1304 1768 1386 expellere
1807 1305 1988 1384 solet,
2021 1305 2264 1370 scilicet
2309 1326 2424 1389 per
2446 1289 2728 1403 ἒζξξξξῗῖ,

216 1408 768 1474 effervescentiam
814 1415 991 1471 certa
1030 1404 1297 1490 periodo
1346 1407 1912 1489 comprehensam:
1957 1409 2081 1471 etsi
2125 1408 2297 1491 quod
2341 1408 2422 1472 ad
2446 1370 2702 1495 perficit-¹133

214 1532 445 1576 earum
475 1511 773 1596 speciem,
804 1516 997 1593 atque
1026 1515 1299 1573 naturae
1326 1509 1789 1592 proprietatem
1819 1510 2074 1589 attinet,
2103 1511 2248 1575 illas
2287 1518 2354 1576 et
2384 1532 2425 1575 a
2447 1482 2727 1596 ssgffussfffl‘

214 1614 586 1692 Continuis,
632 1620 699 1677 et
738 1633 779 1676 a
821 1632 889 1676 se
930 1611 1209 1676 invicem
1251 1611 1606 1693 plurimum
1652 1612 1908 1676 differre
1950 1634 2086 1675 non
2125 1612 2422 1677 diffitear.

214 1715 455 1800 Itaque
482 1716 585 1780 vel
626 1715 1007 1780 methodum
1039 1734 1169 1797 qua
1210 1734 1279 1779 se
1313 1714 1576 1778 Natura
1613 1714 1887 1779 liberare
1917 1714 1998 1778 ab
2037 1715 2162 1779 hoc
2196 1716 2426 1781 morbo

212 1822 404 1900 solet,
434 1827 623 1885 caute
652 1820 1025 1903 soliciteque
1058 1818 1475 1898 observando,
1506 1819 1821 1883 indicium
1856 1842 2110 1885 sumere
2149 1827 2424 1905 oportet,

214 1944 351 2007 quo
376 1922 943 1987 fermentationem
972 1921 1267 1986 obortam
1304 1922 1752 2000 acceleremus,
1784 1928 1978 2006 atque
2016 1923 2112 1987 ita
2140 1924 2224 1987 ad
2253 1924 2424 1987 sani-

211 2030 427 2089 tatem
470 2044 693 2107 aegros
736 2024 1202 2107 perducamus;
1246 2023 1349 2087 vel
1392 2023 1463 2088 in
1505 2023 1714 2107 ipsam
1757 2044 2018 2089 causam
2063 2026 2423 2109 specificam

208 2126 638 2211 penetrando,
700 2126 917 2189 danda
972 2126 1095 2189 erit
1164 2145 1359 2209 opera
1428 2132 1507 2189 ut
1563 2125 1864 2190 remediis
1923 2128 2286 2191 efficacibus
2343 2148 2420 2192 ac

212 2228 529 2313 specificis
570 2228 795 2293 morbo
834 2226 1089 2292 obviam
1128 2234 1333 2292 eatur.
1434 2228 1599 2312 [28.]
1654 2228 1762 2293 Ab
1803 2228 2038 2293 horum
2079 2231 2430 2296 alterutro⁸

208 2331 645 2396 indicationes
674 2330 1025 2395 sumendae
1072 2336 1249 2394 sunt.
1337 2331 1481 2413 Ego
1517 2338 1864 2415 utramque
1890 2332 2062 2397 viam
2089 2332 2418 2417 ingressus

208 2432 567 2519 aliquando
604 2433 721 2513 fui,
752 2442 947 2518 atque
984 2432 1207 2497 illaesa
1238 2432 1361 2517 (uti
1397 2432 1668 2518 opinor,)
1714 2435 2098 2499 verecundia
2131 2437 2420 2520 profiteri

208 2557 485 2622 possum
512 2557 649 2600 non
692 2537 831 2600 sine
866 2557 1121 2601 summa
1164 2557 1321 2600 cura
1350 2544 1543 2620 atque
1587 2538 1948 2604 attentione
1993 2538 2193 2603 animi
2233 2539 2416 2604 inde-

206 2641 425 2718 fessa3
472 2639 586 2704 sed
611 2640 905 2704 nondum
935 2659 1079 2704 eam
1108 2638 1485 2705 felicitatem
1512 2639 1786 2724 adeptus
1815 2664 1961 2706 sum
1987 2649 2066 2706 ut
2093 2643 2418 2708 Autumni

208 2741 459 2808 Febres
488 2743 1007 2808 Intermittentes
1037 2749 1215 2807 certa
1241 2743 1457 2827 aliqua
1482 2743 1666 2827 praxi
1694 2749 1890 2828 atque
1925 2745 2292 2810 medicandi
2316 2767 2419 2811 ra-

206 2847 400 2911 tione
425 2846 651 2911 tollere
680 2844 939 2930 possim,
971 2853 1321 2929 antequam
1350 2853 1551 2910 statas
1579 2846 1722 2911 illas
1750 2847 2280 2912 fermentationes
2315 2849 2424 2932 (de

210 2949 455 3035 quibus
493 2969 689 3032 supra
726 2949 795 3035 [ᾗ
826 2951 912 3014 23
942 2949 1067 3033 sq.]
1111 2947 1313 3013 locuti
1351 2950 1620 3032 sumus,)
1663 2950 2050 3033 peregerint,
2087 2956 2424 3035 utcunque

208 3053 564 3117 molestum
584 3053 709 3116 hoc
736 3050 1253 3116 febricitantibus
1280 3051 1594 3130 videatur,
1627 3051 1738 3135 qui
1767 3071 2046 3136 eousque
2075 3052 2420 3118 sanitatem

212 3177 403 3220 suam
436 3161 773 3239 expectare
810 3155 999 3218 inviti
1037 3161 1381 3238 coguntur,
1469 3155 1719 3218 Revera
1753 3162 1970 3220 autem
2014 3154 2214 3239 siquis
2246 3155 2422 3220 inter

211 3258 523 3324 mortales
576 3256 957 3342 reperiatur,
1018 3258 1149 3341 qui,
1211 3255 1341 3321 sive
1398 3256 1703 3322 methodo
1763 3257 1978 3342 aliqua
2035 3264 2229 3338 certa,
2289 3257 2422 3322 sive

210 3359 503 3426 remedio
540 3360 835 3444 specifico
874 3358 1184 3438 adhibito,
1216 3359 1519 3423 Febrium
1564 3359 1795 3423 harum
1832 3361 2420 3425 Intermittentium

212 3485 481 3530 cursum
528 3483 667 3526 non
710 3461 917 3526 solum
958 3461 1273 3539 inhibere,
1320 3462 1434 3525 sed
1485 3461 1680 3526 etiam
1733 3463 1999 3528 omnino
2045 3463 2421 3547 abrumpere

211 3567 437 3648 novit;
484 3565 771 3630 existimo
802 3586 944 3630 eum
977 3563 1151 3628 omni
1181 3565 1329 3648 jure
1362 3564 1592 3644 teneri,
1622 3571 1700 3629 ut
1727 3566 2009 3630 humano
2039 3565 2259 3650 generi
2285 3587 2421 3631 rem

212 3669 393 3733 illam
424 3688 819 3751 summopere
846 3667 1267 3751 expetendam
1298 3667 1679 3750 patefaciat:
1727 3668 1899 3751 quod
1927 3668 1982 3732 si
2009 3690 2146 3733 non
2172 3667 2419 3748 fecerit,

216 3793 342 3855 ego
362 3771 545 3836 illum
572 3792 694 3835 nec
716 3770 875 3835 boni
903 3769 1075 3850 civis,
1092 3761 1216 3834 nec
1243 3770 1584 3854 prudentis
1605 3770 1727 3834 viri
1753 3793 1992 3836 nomen
2019 3770 2246 3836 mereri
2272 3791 2420 3856 pro-

214 3873 531 3940 nunciare
561 3873 801 3953 ausim3
836 3893 1048 3956 neque
1078 3872 1245 3936 enim
1276 3871 1429 3936 civis
1458 3872 1616 3936 boni
1647 3877 1765 3952 est,
1784 3873 1946 3937 illud
1973 3873 2048 3936 in
2073 3894 2205 3937 rem
2240 3893 2420 3937 suam

214 3984 489 4056 vertere,
537 3975 709 4060 quod
766 3977 890 4041 toti
942 3974 1165 4059 generi
1224 3975 1507 4040 humano
1556 3981 1692 4039 tam
1748 3975 1980 4058 ingens
2036 3973 2422 4039 beneficium

215 4085 555 4163 apportet,
598 4098 719 4144 nec
775 4079 897 4142 viri
952 4078 1309 4164 prudentis„
1370 4077 1611 4143 Divina
1668 4077 2132 4143 Benedictione
2191 4082 2418 4141 semet-

212 4182 426 4266 ipsum
466 4181 733 4266 privare,
765 4203 954 4265 quam
992 4203 1034 4245 a
1075 4182 1335 4246 Summa
1371 4181 1682 4246 Bonitate
1713 4181 1936 4246 liceret
1976 4186 2330 4264 expectare,
2363 4179 2419 4242 si

214 4283 305 4350 ad
336 4284 673 4372 publicum
716 4284 956 4349 bonum
997 4281 1495 4369 promovendum
1543 4305 1612 4348 se
1656 4283 2040 4366 accingeret.
2131 4281 2420 4346 Honoris

284 4457 309 4496 ⁸
334 4457 513 4505 Febr-ee
574 4419 645 4516 tn]
667 4470 760 4503 om.
785 4455 861 4504 ed·
887 4455 980 4506 ’76.
1429 4459 1447 4485 ⁸
1480 4454 1731 4518 alterutro]
1757 4457 1903 4504 altero
1925 4452 2030 4501 edd.
2057 4453 2153 4510 266,
2178 4453 2272 4502 ’68.

281 4525 303 4552 ¹'
327 4523 545 4570 videatur
596 4522 777 4568 videtur
797 4521 903 4570 edd.
928 4521 1025 4578 ’66‚
1051 4519 1146 4568 '68.
