3138 5006
547 243 1335 310 OBSERVATIONUM
1381 247 1949 313 MEDICARUM
1997 257 2061 309 V.
2107 263 2152 321 1,
2187 261 2236 310 2.
2353 251 2486 316 207

635 575 650 584 ρ
1213 484 1403 548 CAP.
1452 485 1575 549 II.e

590 645 807 709 Febm'e
841 647 1145 709 Continuo
1176 643 1513 708 annorumd
1549 646 1738 724 1673,
1774 647 1963 724 16⁷4,
1997 647 2188 712 1675.

376 795 601 874 Hane,
631 799 897 880 perinde
934 806 1127 882 atque
1164 799 1275 862 alii
1304 799 1660 883 epidemici‚
1689 820 1841 862 mox
1879 799 1960 862 ab
1990 799 2286 880 ingressu
2315 798 2484 863 socia
2507 807 2561 918 ¹1:
2560 817 2784 919 gsgente·

2589 889 2612 920 1·
2645 889 2672 920 Ο
2687 891 2793 923 ma-

278 897 567 963 habebat
634 908 1082 984 symptomata,
1144 922 1307 985 quae
1374 902 1614 965 indicia
1667 901 1843 964 haud
1909 901 2182 965 obscura
2241 899 2482 964 dabant
2504 937 2608 997 jor,
2635 947 2772 986 erant

280 1003 597 1085 majorem
643 1010 709 1065 et
766 1004 1176 1086 spirituosam
1224 1003 1431 1084 magis
1480 1009 1642 1066 tunc
1692 1023 1830 1064 esse
1885 1001 2482 1079 inflammationem,
2508 1001 2775 1078 infla-mnu-

281 1125 481 1185 quam
518 1104 634 1168 ubi
660 1106 923 1169 morbus
966 1107 1173 1188 magis
1201 1105 1582 1169 adoleverat.
1671 1105 1936 1167 Etenim
1979 1105 2186 1186 primo
2228 1125 2354 1186 quo
2383 1104 2482 1166 in·
2509 1071 2777 1192 ἓῗῗιιῗιξι-

278 1206 559 1270 vadebat
598 1229 789 1286 anno,
818 1209 918 1271 uti
958 1216 1023 1271 et
1060 1229 1208 1271 vere
1246 1207 1648 1290 insequente,
1681 1213 2111 1289 symptomata
2147 1205 2486 1288 pleuritica
2509 1209 2794 1307 ss‘ssssssffirgm'

280 1309 479 1372 Febri
502 1310 1054 1393 superveniebant,
1071 1317 1139 1373 et
1171 1310 1432 1392 sanguis
1462 1329 1499 1372 e
1527 1308 1705 1371 venis
1737 1315 2059 1370 extractus
2089 1307 2341 1388 (saltem
2369 1329 2486 1390 pro

280 1412 495 1494 prima
536 1420 604 1476 et
646 1412 928 1476 secunda
954 1413 1135 1493 vice,)
1178 1411 1662 1494 pleuriticorum
1702 1409 2018 1472 referebat
2063 1409 2484 1490 sanguinemg,

282 1519 353 1574 at
384 1513 609 1577 morbo
644 1514 783 1598 jam
817 1513 1194 1596 provectiori
1237 1511 1574 1576 cessabant
1618 1533 1694 1574 ea
1733 1511 1918 1594 signa
1959 1511 2486 1575 inflammationis

280 1612 675 1678 intensioris.

382 1714 507 1798 [2.]
562 1715 825 1779 Praeter
890 1722 1323 1800 symptomata
1378 1715 1664 1780 febribus
1723 1716 2036 1780 universis
2095 1716 2482 1796 communia,
2513 1732 2741 1798 Sympto-

280 1813 453 1877 hanc
501 1813 772 1879 Febrem
828 1815 955 1878 ista
1002 1817 1454 1900 sequebantur.
1546 1817 1643 1881 Ut
1688 1817 2040 1900 plurimum
2091 1817 2484 1882 afficiebatur
2510 1799 2778 1926 ῐέζιξζίῗζῖο

282 1938 475 1999 aeger
525 1917 740 1982 dolore
798 1919 1023 2001 capitis
1066 1927 1133 1982 et
1176 1919 1349 1982 dorsi
1400 1921 1555 1984 satis
1607 1922 1825 1999 atroci,
1879 1928 2137 2003 stupore
2185 1921 2362 2000 item,
2415 1928 2480 1984 et
2509 1925 2712 1974 culiaria

282 2019 501 2083 dolore
531 2022 945 2085 articulorum
975 2029 1360 2105 artuumque
1387 2024 1654 2100 tensivo,
1683 2024 1816 2087 imo
1855 2030 1920 2086 et
1949 2024 2149 2086 totius
2179 2024 2477 2106 corporis,
2505 2005 2759 2104 {genaen-

282 2132 351 2186 at
380 2123 623 2188 mitiori
668 2124 997 2208 aliquanto
1037 2147 1231 2207 quam
1268 2126 1730 2189 rheumatismo
1772 2125 2156 2188 laborantes.
2247 2125 2482 2190 Primis

285 2225 510 2292 diebus
550 2227 719 2290 calor
762 2235 829 2290 et
878 2227 1084 2310 frigus
1129 2228 1252 2294 sibi
1289 2229 1565 2292 invicem
1605 2228 2052 2306 succedebant,
2098 2229 2484 2313 quandoque

283 2327 482 2391 etiam
509 2328 777 2392 ineunte
814 2329 1041 2394 morbo
1071 2350 1261 2414 aeger
1298 2330 1369 2393 in
1399 2329 1882 2393 sudatiunculas
1917 2336 2054 2392 erat
2087 2330 2480 2411 propensior.

282 2432 563 2515 Lingua,
608 2432 720 2496 ubi
757 2433 979 2497 Febris
1024 2456 1139 2498 suo
1184 2435 1375 2518 genio
1415 2442 1553 2498 erat
1597 2435 1924 2519 permissa,
1968 2455 2089 2498 nec
2131 2435 2316 2513 sicca,
2356 2455 2477 2498 nec

280 2558 321 2599 a
355 2538 566 2600 colore
604 2538 885 2601 naturali
925 2539 1205 2603 multum
1248 2540 1571 2618 recedens,
1601 2540 1730 2604 nisi
1760 2538 1931 2621 quod
1971 2538 2178 2620 magis
2219 2538 2480 2617 alberet,

279 2660 493 2723 neque
522 2640 659 2702 sitis
700 2641 979 2705 multum
1006 2642 1313 2724 urgebat:
1362 2643 1534 2725 quod
1574 2644 1624 2705 si
1657 2642 2052 2706 excalefieret
2093 2662 2282 2724 aeger
2309 2642 2484 2705 ultra

278 2741 669 2804 ordinariam
700 2742 919 2806 Febris
965 2751 1222 2822 sortem,
1253 2744 1479 2827 lingua
1522 2745 1878 2808 aridissima
1921 2749 2056 2805 erat
2101 2764 2250 2805 cum
2288 2744 2479 2805 flave-

280 2843 432 2908 dine
456 2843 795 2921 subfusca3
842 2844 980 2907 sitis
1011 2846 1209 2909 etiam
1236 2845 1719 2922 intendebatur,
1741 2844 2076 2926 urinaque,
2104 2864 2266 2927 quae
2296 2843 2482 2906 aliter

276 2944 556 3009 colorem
584 2946 717 3009 fere
744 2946 1108 3010 naturalem
1138 2968 1383 3011 servare
1414 2947 1678 3024 solebat,
1707 2947 1963 3009 intense
1989 2943 2282 3009 rubebat.

366 3047 589 3111 Febris
632 3048 733 3110 his
778 3054 1039 3111 tantum
1082 3057 1345 3130 gravata
1386 3048 1852 3132 symptomatiS,
1900 3046 1955 3110 si
1996 3047 2200 3129 perite
2243 3052 2478 3109 tracta.-

276 3155 477 3227 retur,
524 3150 626 3213 die
671 3150 918 3213 decimo
964 3157 1192 3233 quarto
1236 3172 1429 3235 aegro
1470 3149 1905 3227 valedicebat3
1949 3148 2476 3232 pertinacissima,

274 3253 489 3335 primo
516 3258 659 3334 post
688 3253 1079 3316 vicesimum.

376 3353 498 3437 [3.]
554 3354 739 3417 Inter
786 3353 1055 3438 hujusce
1100 3355 1323 3420 Febris
1367 3361 1800 3439 symptomata
1849 3354 2174 3419 eminebat
2214 3353 2477 3417 affectus
2501 3368 2721 3446 Affectus

275 3457 541 3538 quidam
581 3458 816 3520 comati
859 3456 1037 3521 haud
1077 3459 1435 3538 dissimilis,
1484 3482 1612 3543 quo
1656 3466 1984 3542 correptus
2025 3479 2214 3541 aeger
2258 3458 2476 3521 obstu-
2502 3436 2776 3548 ἓξζὲζζξεω

273 3558 473 3643 pebat
524 3560 981 3643 delirabatque,
1033 3562 1166 3624 imo
1217 3562 1301 3625 ad
1352 3563 1741 3645 septimanas
1795 3562 2036 3645 aliquot
2089 3560 2477 3623 dormitabat
2502 3563 2628 3641 hapa
2652 3564 2745 3612 Fe-

272 3682 764 3743 nonnunquam,
794 3684 915 3725 nec
944 3662 1072 3725 nisi
1098 3663 1307 3726 valido
1338 3663 1612 3727 clamore
1643 3663 2237 3746 expergiscebatur3
2282 3683 2323 3724 a
2351 3682 2477 3744 quo
2500 3627 2778 3751 ᾏἾξὲδξῗᾷἣ

274 3784 467 3845 aegre
516 3764 831 3827 excitatus
883 3765 1098 3828 oculos
1146 3765 1469 3847 aperiebat
1513 3772 1795 3843 tantum,
1843 3773 1908 3829 et
1953 3772 2100 3848 post
2149 3765 2478 3847 ingestum
2502 3771 2726 3869 Πζξῗὲῐιὶῃ

274 3866 405 3929 sive
434 3866 977 3929 medicamentum
1008 3868 1136 3930 sive
1164 3875 1392 3950 potum
1420 3869 1527 3932 cui
1556 3874 1938 3946 assueverat,
1968 3889 2120 3931 mox
2155 3868 2228 3929 in
2258 3872 2474 3948 stupo-
2503 3834 2711 3958 ffpllonia

270 3989 415 4031 rem
462 3968 885 4046 dilabebatur,
933 3969 1027 4032 ita
1074 3970 1455 4053 quandoque
1500 3971 1894 4053 profimdum
1943 3976 2020 4033 ut
2069 3970 2141 4031 in
2197 3967 2479 4050 aphonia
2501 3947 2752 4005 ⁶²⁸¹¹¹⁰¹²⁸³

272 4070 597 4135 desineret
628 4071 1118 4137 absolutissima.

373 4172 495 4257 [4.]
556 4172 688 4237 Qui
740 4172 831 4235 sic
874 4172 1083 4236 fuerat
1137 4173 1403 4237 affectus
1455 4196 1664 4257 aeger,
1709 4174 1825 4237 ubi
1868 4173 1951 4237 ad
2003 4193 2069 4236 se
2113 4171 2324 4249 rediit,
2372 4171 2476 4235 die

272 4274 575 4363 vicesimo
604 4282 824 4338 octavo
853 4275 953 4339 vel
990 4276 1320 4357 trigesimo
1354 4278 1564 4359 coepit
1603 4277 2076 4355 convalescere,
2122 4276 2304 4359 cujus
2347 4274 2475 4355 pri-

340 4424 361 4449 *
396 4418 555 4468 Deest
573 4418 667 4466 hoc
689 4434 793 4481 cap.
818 4419 871 4467 in
894 4420 999 4468 edd.
1026 4420 1122 4477 ¹66,
1148 4420 1244 4467 '68.
1398 4418 1419 4449 ⁴
1452 4438 1612 4470 annor.
1629 4420 1736 4485 ξω]
1761 4422 1898 4483 hujus
1924 4422 2270 4469 Constitutiom‘s
2287 4419 2358 4467 ed.
2378 4418 2473 4471 76.
