3138 5006
1198 309 1460 369 INDEX
1500 307 1810 367 RERUM.

289 466 346 509 ut
377 460 532 509 serius
566 462 726 512 adhuc
762 478 912 527 quam
941 464 1028 515 ille
1062 465 1203 514 faciei
1239 466 1446 524 recedat,

289 525 492 589 plurimi
513 528 746 577 momenti
777 536 865 584 est,
893 532 1016 587 141,
1053 532 1295 595 quomodo
1329 546 1446 579 con-

289 596 522 649 servetur,
554 594 674 649 1923
725 600 774 641 et
804 605 1161 657 promoveatur,
1186 598 1294 653 142,
1321 598 1446 653 144,

290 662 454 705 tumor
480 671 718 705 manuum
747 658 799 705 in
833 658 1046 718 variolis,
1071 661 1192 716 129,
1225 661 1446 723 pustula-

289 736 402 769 rum
423 725 472 766 et
491 720 634 769 faciei
655 723 707 769 in
741 723 936 771 variolis
966 725 1127 783 discr„
1155 727 1274 781 1263
1309 740 1446 773 sura-

289 800 400 833 rum
423 784 474 831 in
497 786 727 851 hydrope,
743 790 837 835 455
855 808 868 845 3
891 789 1120 837 tibiarum
1138 805 1200 837 ex
1217 790 1447 853 hydrope,

291 852 414 907 367,
451 851 682 899 tibiarum
704 859 752 901 et
772 853 981 901 aliarum
1011 854 1222 917 partium
1245 855 1296 902 in
1319 855 1447 903 vari-

288 914 380 963 olis
401 932 580 975 enom„
606 918 728 973 219,
763 923 978 965 tumores
1009 927 1317 967 externarum
1341 935 1450 982 par·

289 980 412 1029 tium
434 980 486 1029 in
507 981 748 1043 hysterica
777 982 950 1041 affect„
977 982 1102 1039 367,
1137 984 1189 1029 in
1211 991 1346 1047 peste
1367 1000 1447 1032 ve-

287 1060 359 1101 ra,
384 1047 494 1102 104,
533 1046 654 1100 105,
689 1047 796 1095 sine
817 1062 1098 1110 praegressa
1129 1049 1260 1097 febre
1281 1050 1450 1109 exorti,

289 1110 370 1159 vix
397 1118 590 1166 nocent,
615 1112 695 1159 99.

354 1173 733 1237 Tunbrigienses
763 1190 918 1237 aquae
938 1176 992 1225 in
1013 1175 1254 1239 hysterica
1275 1176 1449 1236 effect„

290 1239 417 1295 3863
453 1238 504 1286 in
524 1240 687 1297 ictero,
709 1242 818 1288 203.

357 1304 565 1352 Turbith
602 1305 834 1353 minerale
866 1305 920 1353 in
953 1306 1036 1355 lue
1067 1321 1286 1364 venerea,
1321 1310 1448 1363 320,

288 1368 341 1416 in
361 1368 660 1430 gonorrhoea
681 1369 840 1427 virui„
865 1372 974 1420 314.

349 1432 548 1492 Tussns
601 1433 946 1483 Eum-:meas
1000 1448 1138 1483 anm
1194 1434 1292 1496 ⁹75,
1336 1449 1446 1484 cun

291 1493 630 1546 Pssummz
655 1512 720 1547 ετ
759 1499 1216 1549 Pnnrrnnuuoma
1249 1514 1445 1549 surna-

289 1574 668 1619 vnmsu'risus,
693 1564 972 1613 226-234,

355 1626 536 1675 Tusses
567 1644 594 1674 e
627 1628 875 1685 idemicae,
901 1629 1026 1685 2263
1071 1644 1222 1691 quam
1249 1644 1448 1677 causam

288 1690 512 1751 habeant,
533 1695 597 1740 22
631 1726 644 1749 ,
665 1695 775 1749 229,
791 1696 914 1751 230,
950 1694 1243 1756 epidemicae
1266 1694 1446 1742 curati-

289 1770 433 1804 onem
467 1757 860 1806 evacuationibus
899 1758 1088 1816 debent,
1130 1760 1254 1815 293,
1299 1759 1450 1807 tussis

290 1820 394 1868 sine
427 1822 558 1869 febre
592 1824 834 1884 quomodo
867 1824 1134 1882 tractanda,
1171 1824 1281 1881 227,
1318 1826 1407 1871 231
1435 1844 1447 1880 ,

288 1900 446 1948 neque
465 1887 720 1945 narcotica,
759 1902 916 1949 neque
943 1888 1154 1951 liquores
1187 1888 1450 1951 spirituosi,

289 1964 448 2013 neque
465 1951 790 2014 diaphoretica
809 1958 916 2001 tuto
936 1954 1313 2064 usugabantur,
1329 1956 1448 2010 2283

288 2029 378 2062 nec
397 2015 741 2079 diaphoretica,
763 2032 852 2065 nec
874 2024 1014 2080 pecto
1089 2018 1136 2065 ia
1157 2018 1449 2079 permittun-

290 2084 384 2135 tur,
407 2082 517 2137 293,
541 2082 664 2135 294,
705 2082 947 2143 quomodo
981 2090 1190 2139 curetur,
1225 2082 1317 2131 227
1347 2097 1449 2145 sq.3

289 2144 331 2190 si
354 2143 500 2192 febris
523 2146 741 2193 nondum
763 2146 1011 2201 accersita,
1027 2154 1225 2195 curatur
1247 2147 1349 2195 sine
1371 2162 1448 2194 ve-

287 2209 632 2267 nae-sectione,
671 2210 782 2267 227,
805 2212 916 2269 228,
953 2213 1080 2267 231,
1127 2212 1452 2259 venae-sectio

287 2274 438 2322 semel
461 2274 523 2323 ad
545 2289 794 2323 summum
817 2276 990 2324 iterata
1021 2276 1302 2334 sufficiebat,
1327 2278 1450 2332 230,

288 2337 520 2387 catharsis
573 2339 710 2387 finito
764 2342 932 2387 morbo
977 2340 1274 2398 exhibeatur,
1322 2343 1410 2389 231
1439 2360 1451 2398 ,

287 2404 532 2451 narcotica
573 2412 623 2451 et
665 2404 926 2467 spirituosa
969 2404 1126 2453 calida
1163 2406 1452 2468 periculosa,

289 2469 414 2524 228,
456 2468 740 2532 pleuritides
769 2477 819 2517 et
853 2470 1305 2534 peripneumoniam
1331 2471 1454 2520 invi·

289 2533 470 2590 tabant,
491 2536 618 2590 2283
653 2535 696 2581 si
727 2535 949 2596 pleuritis
985 2535 1256 2583 essentialis
1289 2536 1455 2584 adesse

291 2597 548 2655 videretur,
590 2599 832 2660 quomodo
876 2606 1138 2658 curaretur,
1177 2600 1288 2657 227,
1325 2603 1455 2656 230,

292 2661 494 2710 sudores
521 2678 619 2710 non
641 2663 914 2725 expellendi
934 2671 1088 2722 crant,
1110 2667 1218 2713 228.
1286 2665 1458 2713 Tussis

292 2726 561 2789 epidemica
582 2729 697 2774 anni
720 2729 800 2778 ’79
823 2729 995 2790 qualis,
1015 2731 1109 2777 293
1131 2748 1142 2786 ,
1177 2729 1220 2776 si
1236 2728 1460 2792 imperite

293 2795 594 2848 tractaretur,
639 2793 898 2840 accedebat
941 2793 1104 2850 febris,
1153 2793 1328 2841 similis
1377 2794 1462 2842 isti

291 2855 508 2918 hyemali
540 2857 656 2904 anni
691 2856 770 2908 ’75
776 2890 789 2913 ,
813 2859 938 2914 297,
985 2858 1232 2920 quomodo
1265 2873 1459 2906 curare-

292 2926 390 2978 tur,
413 2922 685 2971 293-297.
718 2922 891 2970 mais
911 2922 1170 2986 hysterica,
1193 2924 1314 2979 366,
1352 2930 1453 2970 tus·

295 2985 364 3032 sis
387 2985 492 3034 oleo
527 2986 899 3048 amygdalarum
941 2986 1160 3035 dulcium
1185 2988 1369 3051 optime
1389 2988 1459 3035 le-

294 3050 445 3109 nitur,
469 3052 551 3108 58,
573 3050 636 3099 59
657 3069 669 3105 ,
705 3050 912 3099 tabellae
943 3057 1240 3114 praestantes
1273 3053 1334 3099 ad
1356 3059 1460 3100 tus-

296 3113 405 3173 sim,
431 3117 558 3170 231,
613 3122 772 3163 tusses
807 3116 984 3178 hyeme
1017 3115 1249 3178 qualibet,
1288 3123 1337 3164 et
1371 3119 1462 3165 sub

296 3179 402 3241 ejus
448 3179 675 3239 adventu,
719 3195 860 3243 saepe
914 3180 1151 3243 affligunt,
1196 3182 1306 3238 226,
1351 3183 1461 3239 293,

297 3245 421 3300 332,
457 3244 510 3292 in
531 3244 662 3292 febre
695 3260 820 3292 nova
846 3245 1068 3308 epidem.,
1096 3247 1218 3301 488,
1254 3247 1464 3295 febrium

297 3310 476 3358 contin.
520 3316 810 3372 sympmma,
852 3313 932 3368 58,
972 3313 1062 3367 59,
1123 3317 1232 3373 post
1263 3310 1462 3370 febrem,

299 3374 391 3429 54,
425 3374 476 3421 in
499 3375 756 3432 morbillis,
779 3375 900 3430 185,
938 3376 1182 3437 quomodo
1195 3376 1462 3433 tractanda,

299 3439 410 3496 185,
457 3439 576 3494 186,
632 3438 684 3486 in
723 3439 962 3487 morbillis
1005 3455 1165 3487 anom.
1209 3441 1324 3488 anni
1365 3441 1462 3497 ³74,

297 3504 422 3561 217,
457 3504 508 3552 in
529 3504 786 3566 pleuritide
819 3505 1084 3563 essentiali,
1107 3507 1231 3561 2453
1265 3505 1318 3553 in
1339 3505 1460 3568 pod-

301 3582 433 3629 agra,
457 3569 570 3624 446,
595 3569 710 3616 615.

363 3632 520 3680 Tuss1
548 3632 683 3695 (De)
708 3647 772 3682 m·
795 3633 1047 3693 Pnrmst,
1069 3634 1181 3691 605,
1205 3635 1317 3682 606.

363 3697 522 3744 Tussx
570 3696 702 3760 (Ds)
749 3697 1049 3747 Pusaoauu
1095 3700 1460 3758 ConvunsrvA,

302 3763 412 3811 598.
440 3760 526 3825 [cfi
549 3763 734 3823 Hoopt‘n
771 3762 982 3826 -cough.]

364 3826 536 3875 Tussis
580 3841 672 3874 con
759 3827 865 3874 siva
905 3842 1168 3890 puerorum
1209 3833 1258 3876 et
1298 3828 1460 3875 insan-

297 3890 426 3939 tium
488 3899 686 3938 curatur
750 3891 992 3953 imprimis
1057 3894 1461 3950 venae-sectione,

304 3955 426 4014 187,
462 3961 512 4003 et
531 3955 732 4018 repetita
765 3957 988 4015 catharsi,
1014 3958 1140 4014 294,
1173 3957 1358 4005 febrem
1380 3972 1459 4005 co-

297 4021 468 4069 mitem
489 4035 588 4068 non
610 4020 769 4078 habet,
797 4023 906 4070 293.

366 4086 550 4134 Ulcera
592 4085 952 4147 phagedaenica
1003 4086 1056 4133 in
1106 4085 1191 4134 lue
1243 4101 1464 4145 venerea,

299 4152 423 4206 312,
481 4149 624 4198 ulcus
655 4149 864 4212 glandis,
906 4150 962 4211 (a
997 4151 1245 4213 Shusha)
1285 4151 1336 4198 in
1374 4167 1460 4214 go-

297 4215 535 4264 norrboea
566 4213 730 4268 virul..
765 4217 878 4273 309,
913 4217 1039 4273 310,
1093 4216 1180 4264 ubi
1217 4215 1463 4280 phimosin

301 4281 496 4336 excitat,
517 4280 635 4343 quid
657 4273 920 4342 agendum',
940 4282 1050 4328 318.

367 4345 590 4393 Uncsns
617 4344 752 4406 (Ds)
776 4344 1028 4403 Vesicae,
1047 4347 1158 4403 603,
1183 4345 1299 4393 604.

368 4410 450 4458 Un
521 4416 634 4457 enta
670 4411 940 4485 'purgantis
991 4409 1044 4458 in
1098 4410 1316 4474 hydrope
1369 4410 1462 4473 hy-

298 4475 990 4602 {335272'3931232‘332'3333
1011 4474 1466 4589 ‚2’1‘1‘3222‘3113‘2'32‘1

2584 308 2693 365 651

1535 463 1801 521 citandam,
1818 478 1879 511 ex
1899 463 2157 522 mercurio,
2176 463 2351 527 quibus
2370 463 2589 526 partibus
2611 478 2697 526 ap-

1535 530 1839 592 plicandum,
1862 529 1972 577 319.

1604 594 1763 641 Urina
1792 594 2044 655 designare
2084 598 2246 655 potest
2277 598 2555 656 operantem
2591 591 2696 641 Na-

1535 665 1715 716 turam,
1737 658 1856 706 dum
1890 659 2107 722 impuras
2141 674 2171 705 a
2201 658 2337 721 puris
2359 665 2519 720 partes
2540 672 2697 705 secer-

1533 724 1627 781 nit,
1665 724 1760 779 49,
1818 738 1995 780 crassa,
2034 722 2111 771 vel
2145 728 2197 771 et
2236 722 2415 780 tenuis,
2448 722 2701 769 cruditatis
2780 751 2789 757 ·

1534 786 1789 845 indicium,
1810 790 1902 844 39,
1938 794 2140 835 cruenta
2168 803 2198 835 a
2229 787 2437 845 calculo,
2456 787 2699 850 quomodo

1536 853 1789 911 excitetur,
1811 855 1925 909 521,
1952 854 2073 909 522,
2109 852 2162 899 in
2179 852 2367 899 diabete
2389 851 2564 914 qualis,
2588 854 2700 909 289,

1536 920 1661 973 594,
1721 918 1775 964 in
1806 918 1938 965 febre
1968 917 2149 965 contin.
2188 932 2301 964 ann.
2332 918 2577 973 ’61—'64,
2602 918 2698 972 39,

1533 982 1589 1028 in
1620 982 1753 1029 febre
1784 981 2017 1044 hyemali,
2052 981 2172 1037 477;
2214 982 2269 1029 in
2300 980 2515 1029 febribus
2547 981 2699 1029 inter-

1536 1048 1678 1105 mitt,
1700 1048 1820 1104 289,
1854 1046 1907 1094 in
1950 1046 2081 1094 febre
2112 1046 2351 1094 variolosa
2380 1046 2547 1103 fallax,
2576 1048 2697 1102 152,

1535 1111 1589 1158 in
1612 1111 1889 1174 hydropicis
1922 1126 2084 1173 parca,
2116 1112 2231 1169 456,
2253 1110 2377 1167 467,
2411 1110 2465 1159 in
2491 1110 2699 1173 hysteri-

1537 1176 1609 1223 cis
1651 1182 1701 1223 et
1736 1176 2170 1239 hypochondriacis
2214 1176 2388 1239 qualis,
2428 1176 2543 1233 368,
2586 1176 2700 1233 370,

1537 1242 1663 1297 374,
1698 1241 1753 1288 in
1784 1240 2075 1302 nephritide,
2108 1240 2231 1296 527,
2266 1240 2319 1287 in
2358 1240 2698 1303 peripneumo-

1537 1306 1620 1352 nia
1640 1306 1805 1363 notha,
1826 1307 1954 1361 253,
1990 1304 2043 1352 in
2076 1305 2316 1367 podagrae
2346 1305 2595 1366 irregular.
2619 1305 2697 1352 in-

1535 1370 1772 1427 tervallis,
1794 1372 1919 1427 414,
1946 1369 1997 1417 in
2016 1369 2223 1431 regular.
2246 1384 2558 1433 paroxysmo,
2576 1370 2697 1423 412,

1536 1434 1591 1482 in
1622 1435 1818 1483 variolis
1850 1434 2099 1496 malignis,
2135 1435 2225 1491 94,
2282 1434 2335 1481 in
2370 1434 2589 1481 discretis
2621 1448 2698 1481 re-

1535 1499 1710 1561 gular„
1734 1500 1854 1555 144,
1891 1500 1943 1547 in
1964 1498 2173 1561 regular.
2194 1498 2551 1561 incipientibus,
2581 1500 2699 1555 153,

1536 1564 1707 1612 urinae
1726 1564 1866 1612 ardor
1884 1564 1937 1612 in
1956 1564 2255 1627 gonorrhoea
2275 1563 2433 1621 virul„
2454 1564 2567 1621 310,
2581 1566 2699 1620 588,

1537 1629 1814 1740 suppl-{seio
1810 1643 1921 1741 „Ex
1940 1628 2235 1743 135³&ssss
2242 1627 2421 1743 5a⁷ffect„
2467 1628 2591 1685 367,
2646 1627 2701 1675 in

1536 1708 1670 1741 vario
1708 1710 1733 1741 s
1755 1709 1810 1741 co
1884 1726 1914 1750 .,
2038 1728 2077 1751 ,‚
2171 1728 2184 1751 ,
2302 1728 2317 1741 .

1605 1758 1783 1806 Ursm
1812 1757 1943 1820 (De)
1971 1758 2361 1815 Paccium-ria,
2387 1755 2499 1807 572.

1605 1822 1805 1871 Curatio
1838 1823 1943 1870 fotu
1976 1822 2278 1886 astringenti,
2314 1824 2425 1879 402,
2448 1820 2571 1877 572,
2608 1821 2699 1885 hy-

1537 1888 1765 1935 stericam
1786 1886 1939 1936 affect-
1956 1903 2096 1951 saepe
2116 1888 2265 1935 infert
2283 1894 2394 1951 post
2409 1892 2607 1950 partum
2629 1886 2699 1935 la·

1536 1952 1804 2010 boriosum,
1829 1954 1939 2001 402.

1608 2016 1749 2065 Uteri
1772 2016 2117 2079 strangulatus.
2142 2014 2212 2079 [v.
2236 2018 2475 2078 Strangul.
2497 2013 2660 2078 utera]

1606 2081 1790 2129 Uterus
1828 2088 2166 2130 sexcentarum
2205 2094 2551 2129 aerumnarum
2582 2095 2699 2128 auc-

1537 2152 1632 2203 tor,
1657 2147 1769 2197 370.

1611 2212 1825 2273 Vapores,
1882 2210 1984 2259 sive
2046 2212 2365 2267 convulsione,
2430 2208 2705 2272 promiscue

1537 2276 1701 2323 vocari
1731 2284 1937 2338 possunt
1968 2275 2233 2323 affectionis
2270 2275 2447 2337 hyster.
2488 2273 2703 2331 effectus,

1537 2354 1627 2387 seu
1658 2340 1905 2403 hysterica
1937 2340 2113 2403 passio,
2140 2342 2254 2399 200,
2276 2339 2400 2395 397,
2436 2354 2467 2386 a
2497 2339 2703 2387 vomito-

1537 2404 1625 2452 riis
1657 2404 1773 2467 plus
1805 2404 2089 2461 invitantur,
2122 2420 2271 2467 quam
2304 2420 2335 2452 a
2364 2404 2703 2466 purgantibus,

1539 2471 1665 2525 467,
1701 2484 1870 2518 eorum
1890 2471 2119 2533 frequens
2143 2484 2303 2528 causa,
2326 2471 2438 2517 400.

1605 2535 1887 2594 Vanroms,
1913 2535 2046 2598 (Dr.)
2072 2537 2348 2583 562-568,

1603 2599 1889 2648 VAmonAn
1926 2599 2255 2648 RseunAnns
2295 2612 2559 2647 annorum
2606 2598 2704 2657 ⁹67,

1541 2663 1639 2719 ’68,
1666 2679 1730 2712 εἰ·
1757 2678 1948 2712 panus
1966 2665 2065 2720 269,
2087 2665 2357 2713 120-149.

1605 2729 1914 2778 Variolarum
1950 2729 2092 2777 nulla
2119 2743 2339 2791 unquam
2371 2727 2555 2775 mentio
2577 2727 2708 2790 apud

1542 2790 1908 2856 Hippocratem,
1932 2809 2091 2856 neque
2118 2793 2374 2855 perspicua
2402 2791 2531 2854 apud
2556 2791 2705 2840 Gale-

1539 2871 1678 2914 num,
1703 2861 1827 2913 225,
1866 2864 2089 2906 accurate
2118 2858 2179 2904 ab
2201 2859 2416 2905 Auctore
2436 2871 2524 2918 per
2545 2856 2709 2918 plures

1539 2936 1692 2969 annos
1748 2923 2045 2979 observatae,
2099 2923 2223 2977 224,
2278 2921 2457 2968 harum
2498 2921 2709 2968 essentia

1539 2985 1809 3048 ignoratur,
1853 2988 1945 3035 129
1966 3006 1978 3042 3
2014 2987 2065 3033 in
2087 2985 2147 3032 iis
2170 2985 2336 3033 minus
2368 2991 2599 3047 peccatur
2619 2985 2707 3032 fri-

1538 3065 1668 3112 gore,
1695 3067 1843 3114 quam
1876 3050 2050 3108 calore,
2091 3052 2199 3109 129,
2228 3052 2351 3106 148,
2386 3048 2709 3098 inflammatio

1539 3114 1765 3163 videntur
1804 3131 1909 3164 csse
1948 3115 2223 3177 singularis,
2258 3115 2401 3176 cujus
2443 3114 2707 3176 particulas

1544 3179 1737 3228 Natura
1780 3182 1937 3230 forma
1974 3181 2291 3228 abscessuum
2326 3178 2561 3235 eliminat,
2602 3180 2708 3236 129,

1544 3246 1653 3302 130,
1680 3246 1803 3302 336,
1860 3260 2069 3308 quorum
2110 3245 2271 3292 varios
2314 3250 2469 3291 status
2510 3257 2707 3306 percur-

1539 3317 1671 3366 runt,
1702 3313 1821 3367 130,
1856 3310 1989 3358 unde
2011 3323 2099 3373 per
2118 3309 2373 3356 abscessus
2392 3307 2586 3370 ejicitur
2606 3323 2711 3356 ma-

1541 3374 1705 3432 teries,
1733 3377 1842 3432 153,
1871 3377 1993 3430 154,
2027 3373 2165 3431 febri,
2198 3372 2477 3437 phrenitidi,
2502 3373 2711 3420 maculis

1541 3440 1799 3502 purpureis
1836 3445 1886 3487 et
1919 3439 2179 3495 similibus,
2219 3453 2335 3502 prae
2372 3436 2483 3485 aliis
2525 3437 2709 3485 morbis

1542 3504 1777 3552 obnoxiae
1800 3510 1931 3562 sunt,
1956 3506 2069 3560 221,
2094 3505 2217 3558 509,
2254 3504 2315 3550 ab
2353 3501 2479 3550 aeris
2500 3503 2711 3564 quadam

1541 3569 1665 3616 crasi
1722 3569 2119 3617 constitutionem
2160 3567 2368 3631 epidem.
2415 3567 2710 3630 producente

1540 3633 1655 3680 oriri
1678 3633 1917 3692 videntur,
1939 3635 2017 3692 96,
2042 3632 2133 3690 97,
2168 3631 2379 3681 variolae
2402 3631 2607 3695 epidem.
2631 3647 2707 3679 re-

1539 3699 1695 3759 gular.
1735 3699 1929 3762 quando
1966 3699 2193 3746 invadere
2232 3697 2436 3753 soleant,
2468 3698 2546 3753 32,
2587 3698 2709 3753 120,

1541 3770 1725 3811 statum
1742 3764 2091 3827 adipiscantur,
2112 3769 2161 3810 et
2180 3768 2430 3810 vertantur
2450 3761 2501 3807 in
2524 3760 2711 3822 fugam,

1541 3830 1631 3885 32,
1668 3829 1919 3876 anomalae
1940 3828 2132 3890 quando
2154 3826 2401 3882 invadant,
2428 3826 2549 3880 120,
2588 3825 2709 3886 hye-

1541 3907 1621 3940 me
1644 3892 1905 3955 aliquando
1927 3891 2226 3947 oboriuntur,
2250 3896 2307 3937 ut
2338 3904 2466 3941 anno
2498 3889 2579 3936 ’80
2601 3895 2712 3950 post

1542 3956 1729 4005 febrem
1758 3958 1985 4020 epidem.,
2008 3956 2092 4004 sed
2126 3970 2225 4002 non
2260 3953 2555 4017 epidemicae
2592 3961 2709 4001 tunc

1541 4031 1695 4080 erant,
1716 4023 1839 4078 332,
1876 4021 2083 4084 epidem.
2104 4020 2259 4067 sactae
2278 4017 2462 4066 nemini
2486 4025 2711 4080 parcunt,

1541 4085 1637 4132 nisi
1659 4086 1793 4149 prius
1816 4085 1907 4133 hoc
1930 4085 2099 4132 morbo
2123 4083 2306 4142 affecto,
2332 4084 2452 4138 120,
2490 4097 2575 4144 pro
2593 4097 2708 4130 con-

1542 4151 1793 4198 stitutione
1834 4149 2070 4213 peculiari
2092 4164 2189 4212 qua
2211 4148 2477 4202 incessunt,
2500 4147 2633 4194 vario
2658 4163 2709 4195 se

1541 4215 1723 4263 habent
1744 4215 1889 4262 modo
1908 4229 1965 4262 ac
1986 4213 2249 4277 peculiaris
2265 4211 2457 4274 generis
2481 4219 2609 4268 sunt,
2629 4214 2709 4271 93,

1546 4281 1655 4338 119,
1676 4280 1800 4336 236,
1836 4279 1898 4327 ad
1921 4279 2167 4342 quodnam
2186 4292 2341 4340 genus
2363 4275 2547 4339 species
2563 4291 2711 4338 quae-

1543 4343 1659 4391 dam
1692 4344 1955 4407 singularis
1986 4342 2135 4395 fuerit
2161 4341 2427 4398 referenda,
2452 4356 2511 4388 ex
2533 4341 2712 4403 quibus

1543 4414 1745 4466 constet,
1781 4410 1905 4465 2363
1961 4407 2205 4472 quaelibet
2236 4421 2334 4470 quo
2371 4405 2579 4454 mitioris
2612 4405 2713 4453 sint

1543 4473 1737 4537 speciei,
1772 4489 1829 4522 eo
1866 4473 2011 4522 citius
2044 4488 2211 4521 carum
2252 4469 2475 4534 pustulas
2508 4471 2570 4518 ad
2602 4485 2708 4518 ma-

1543 4539 1809 4598 turitatem,
1833 4545 1883 4588 et
1904 4539 2127 4588 morbum
2156 4537 2219 4586 ad
2252 4537 2401 4584 finem
2423 4533 2709 4598 perducunt,
