3138 5006
12 678 43 718 ΙΙ

10 782 43 822 lt

242 2342 251 2352 ·
296 2313 549 2380 diorum
579 2339 785 2401 genus
820 2320 894 2384 in
937 2341 1133 2384 usum
1169 2340 1465 2386 revocare
1505 2319 1772 2386 debeam
1801 2340 1918 2403 per
1945 2339 2205 2384 omnem
2241 2318 2498 2382 morbo-

1061 300 1586 367 'I'RACTA'I'US
1635 303 1734 368 ΙΙ.
2367 301 2496 366 465

289 481 453 544 quae
504 461 606 526 vel
653 461 777 528 hoc
826 461 1041 546 ipsum
1090 463 1457 544 emeticum,
1502 463 1586 528 de
1637 484 1766 548 quo
1807 462 1947 548 jam
2000 460 2271 546 agimuS,
2315 462 2494 527 haud
2554 479 2639 528 Da
2665 480 2781 530 Ηγ-

286 563 588 629 infimum
628 565 842 630 locum
892 569 1119 649 tenet,)
1170 567 1361 632 nobis
1402 565 1924 650 suppeditaverit,
1970 572 2164 649 atque
2215 587 2360 630 eam
2406 565 2489 630 ob
2574 559 2766 596 ποκ’

286 687 549 732 causam
584 669 662 752 (si
703 669 879 734 intra
910 671 1451 756 pharmacopoeae
1487 670 1726 734 limites
1767 669 2223 753 contineatur,)
2258 689 2362 733 ars
2390 676 2490 734 est
2555 681 2560 684 ’

291 773 447 837 satis
492 774 753 858 quidem
796 775 1171 856 laudabilis3
1218 783 1511 841 attamen
1545 795 1669 839 nec
1707 773 1804 839 illi
1847 775 2038 858 culpa
2086 774 2224 857 (aut
2261 774 2490 838 saltem

288 880 543 961 οιτον-8,)
584 885 835 958 vacant,
881 879 994 962 qui
1042 881 1377 944 cerebrum
1421 878 1545 943 sibi
1579 899 1862 962 eousque
1905 877 2370 942 excalefaciunt
2416 898 2491 942 ac

288 986 616 1064 torquent,
644 989 722 1046 ut
744 983 1009 1046 tandem
1039 983 1435 1048 arbitrentur
1451 982 1684 1048 Artem
1707 979 2036 1046 Medicam
2062 979 2137 1043 in
2163 981 2288 1046 hoc
2306 1001 2489 1065 prae·

288 1085 511 1148 sertim
540 1085 829 1164 deficere,
863 1086 1033 1169 quod
1060 1086 1361 1152 remediis
1388 1084 1656 1168 magnis·
1673 1091 1868 1167 atque
1898 1083 2256 1148 efficacibus
2285 1104 2326 1146 a
2358 1083 2494 1147 sola

292 1186 751 1271 Chymicorum
777 1189 1264 1273 praeparatione
1286 1194 1480 1273 atque
1509 1209 1704 1272 opera
1718 1186 1906 1252 nobis
1929 1185 2491 1250 subministrandis
2517 1200 2794 1251 Medicinae

289 1287 615 1372 indigeat:
675 1311 825 1355 cum
869 1291 930 1354 ei
983 1291 1092 1374 qui
1141 1311 1281 1355 rem
1323 1297 1501 1355 recte
1548 1289 1979 1374 perpenderit,
2032 1287 2186 1353 satis
2227 1288 2490 1405 liqueat,
2515 1266 2800 1388 Qffififi„

290 1393 707 1476 praecipuum
749 1393 1119 1458 Medicinae
1166 1394 1499 1458 faciendae
1544 1393 1870 1458 defectum
1911 1413 2048 1456 non
2089 1390 2162 1456 in
2211 1413 2288 1456 eo
2331 1398 2492 1456 vert1
2517 1411 2574 1470 ορ
2587 1411 2684 1444 non
2696 1412 2804 1444 ver-

293 1493 469 1577 quod
506 1495 865 1560 nesciamus
896 1518 1023 1579 quo
1061 1503 1250 1582 pacto
1284 1497 1436 1561 huic
1469 1503 1586 1562 aut
1613 1496 1709 1560 illi
1741 1493 2094 1559 intentioni
2131 1494 2492 1558 satisfacere
2516 1461 2794 1574 ξὲξζὶἓζοέ,

292 1595 660 1676 debeamuS,
699 1596 814 1662 sed
856 1599 1031 1681 quod
1066 1620 1202 1664 non
1246 1600 1401 1664 satis
1440 1599 1716 1663 sciamus
1762 1617 2080 1682 quaenam
2126 1597 2210 1661 sit
2243 1596 2357 1660 illa
2391 1596 2491 1660 in·
2517 1597 2778 1703 ἓῑέοζῗέῡ

292 1700 501 1763 tentio
540 1700 647 1764 cui
682 1701 1201 1766 satisfaciendum
1232 1707 1369 1768 est:
1426 1723 1578 1766 cum
1611 1701 1714 1766 vel
1749 1700 2133 1764 rudissimus
2178 1698 2495 1783 quispiam
2517 1717 2593 1793 iili
2615 1719 2774 1796 {na-n..

294 1802 833 1887 Pharmacopolae
884 1805 1172 1870 servulus
1213 1805 1389 1870 intra
1439 1804 1782 1868 dimidium
1826 1804 2022 1868 horae
2071 1803 2494 1886 quadrantem
2517 1789 2804 1896 3222522‘1·

297 1914 549 1971 certum
604 1927 711 1972 me
766 1908 961 1974 faciet
1035 1930 1163 1993 quo
1232 1909 1709 1974 medicamento
1764 1907 2200 1986 vomitionem,
2259 1927 2493 1990 purga·
2519 1912 2738 1972 beamus,

300 2008 564 2090 tionem,
594 2011 694 2075 vel
735 2012 1019 2092 sudores,
1058 2012 1434 2096 provocabo,
1468 2011 1574 2076 vel
1615 2009 2006 2093 refrigerabo
2050 2015 2493 2087 aestuantem3
2520 1976 2618 2088 {2¹31
2628 1978 2760 2090 ἓξὲξ

292 2119 365 2175 at
420 2133 571 2177 vero
620 2112 693 2176 in
738 2114 1057 2197 palaestra.
1104 2115 1355 2179 medica
1402 2113 1603 2198 probe
1649 2111 2034 2178 exercitatus
2087 2112 2172 2175 sit
2222 2117 2495 2195 oportet,
2518 2105 2762 2232 {⁰2:3²2

300 2213 412 2296 qui
438 2214 579 2298 pari
606 2217 994 2281 certitudine
1022 2239 1129 2282 me
1159 2218 1388 2282 docere
1427 2223 1623 2300 queat
1657 2215 1774 2281 ubi
1809 2216 1934 2280 hoc
1964 2216 2068 2280 vel
2103 2214 2266 2280 illud
2291 2235 2496 2278 reme·
2523 2234 2589 2345 zi:
2606 2234 2698 2346 ἐμ,
2723 2235 2802 2312 ⁵¹!-

2571 2314 2604 2345 n
2627 2315 2676 2346 10
2697 2315 2778 2348 eux

2523 2363 2763 2412 satisfaci-

292 2439 443 2483 rum
471 2442 547 2485 ac
575 2423 981 2488 curationum
1012 2425 1377 2494 circuitum.
2521 2427 2704 2476 endum
2715 2435 2803 2477 est-

386 2522 557 2609 [24]
610 2528 699 2592 Et
730 2528 989 2610 quidem
1018 2528 1409 2593 certissimus
1448 2550 1592 2593 sum
1630 2528 1796 2593 nihil
1832 2548 2034 2613 aeque
2065 2526 2148 2592 ad
2177 2524 2496 2611 judicium
2521 2534 2604 2613 ad
2619 2538 2755 2614 jufii-

296 2626 419 2691 hac
468 2628 539 2691 in
588 2650 661 2693 re
716 2631 841 2695 rite
897 2631 1311 2697 formandum
1366 2633 1676 2711 conferre,
1735 2644 1926 2713 atque
1983 2627 2493 2693 observationem
2519 2616 2794 2716 ζ’ζζᾞθᾞῇθ

294 2733 765 2799 exactissimam
794 2732 1186 2819 φαινομένων
1210 2735 1610 2799 naturalium
1639 2739 1706 2797 et
1733 2732 2126 2809 morborum,
2155 2737 2224 2795 0¹³
2251 2729 2494 2815 pariter
2518 2729 2806 2845 ἑζᾞᾬῇα,

298 2854 525 2900 eorum
564 2858 729 2921 quae
765 2837 837 2900 in
878 2837 1060 2921 praxi
1100 2844 1457 2903 cernuntur
1491 2859 1531 2900 a
1561 2835 1942 2921 juvantibus
1985 2840 2052 2897 et
2085 2832 2492 2897 laedentibus
2520 2859 2640 2906 ralia
2662 2876 2794 2909 mor-

206 2919 227 3032 }
294 2935 597 3017 derivata,
626 2946 773 3023 post
812 2961 890 3003 ea
931 2940 1061 3004 sive
1098 2940 1383 3005 remedia
1422 2946 1751 3023 usurpata,
1783 2938 1914 3002 sive
1959 2935 2156 3000 etiam
2191 2934 2494 3000 medendi
2516 2922 2694 2971 b⁰r¹¹¹¹¹

2515 2986 2804 3049 phaenome-

292 3039 676 3104 methodum
702 3041 917 3119 istam,
948 3041 1184 3126 quibus
1212 3042 1468 3111 morbos
1498 3042 1816 3126 depellere
1847 3039 2222 3123 satagimus.
2287 3036 2489 3113 Haec,
2517 3066 2595 3125 pa,
2621 3059 2766 3115 atque

294 3144 351 3207 si
380 3144 725 3228 diligenter
750 3144 923 3209 inter
952 3166 1021 3209 se
1050 3146 1283 3211 collata
1308 3146 1573 3225 fuerint,
1605 3146 1766 3209 mihi
1795 3144 2142 3209 ostendent
2179 3149 2246 3207 et
2280 3141 2492 3206 morbi
2511 3118 2780 3229 ζῗῖξὲᾗίζῃ

293 3256 615 3327 naturam,
665 3254 731 3312 et
775 3248 1041 3331 insuper
1088 3248 1415 3314 undenam
1466 3248 1792 3314 curativae
1833 3246 2260 3311 indicationes
2302 3245 2488 3309 desu-
2515 3244 2800 3359 ἓὲύὲῑιξὶξξῖ·

292 3350 567 3415 mendae
606 3350 757 3430 sint,
795 3351 989 3434 longe
1031 3351 1263 3417 melius
1307 3352 1690 3435 certiusque,
1723 3372 1919 3435 quam
1967 3350 2020 3414 si
2068 3348 2152 3413 ad
2201 3348 2488 3433 specula-
2515 3382 2639 3433 vm,
2651 3376 2796 3423 cona-

292 3452 537 3519 tionem
581 3461 855 3519 naturae
900 3454 1097 3538 hujus
1149 3461 1263 3519 aut
1307 3455 1481 3519 illius
1520 3454 1820 3539 principii
1861 3452 2142 3537 corporis
2185 3451 2488 3529 concreti,
2515 3444 2804 3562 ῗωῖξξξη

284 3564 604 3641 tanquam
650 3556 737 3621 ad
771 3557 1175 3641 Cynosuram
1183 3568 1251 3636 ¹¹¹,
1291 3578 1553 3623 cursum
1601 3557 1912 3641 dirigam:
1958 3555 2200 3620 etenim
2237 3554 2340 3618 vel
2381 3575 2489 3618 ex·
2514 3568 2678 3643 ferma

293 3658 743 3743 quisitissimae
788 3660 983 3744 hujus
1032 3659 1283 3744 generis
1341 3660 1820 3725 dissertationes
1877 3657 2044 3722 nihil
2096 3657 2274 3722 aliud
2335 3664 2489 3721 sunt
2514 3647 2752 3771 ζζζιιιᾟί

288 3784 487 3847 quam
526 3761 903 3847 metaphora
937 3763 1105 3827 belle
1150 3762 1427 3829 deducta
1460 3769 1912 3845 exornataque,
1943 3781 2110 3846 quae
2144 3760 2340 3824 etiam
2383 3759 2489 3842 (ad
2514 3773 2748 3852 tissime·

286 3888 512 3933 eorum
538 3868 747 3932 instar
771 3867 1063 3931 omnium
1093 3889 1256 3950 quae
1298 3866 1373 3933 in
1410 3888 1606 3932 scena
1643 3864 2143 3949 imaginationis,
2174 3885 2310 3927 non
2337 3883 2485 3927 vero
2511 3838 2784 3953 ξξζᾞιῇξζ

284 3970 357 4033 in
398 3970 539 4053 ipsa
564 3991 785 4037 rerum
821 3976 1075 4048 natura,
1104 3969 1608 4036 fundamentum
1648 3970 1935 4051 habent,)
1972 3968 2107 4033 dies
2145 3966 2384 4032 delebit
2412 3987 2486 4031 ac
2511 3968 2796 4093 ἓᾛῐῗὲῗ·

281 4080 609 4159 Ρῐθῒθΐθῒὶ
655 4094 806 4137 cum
847 4074 1141 4141 Naturae
1172 4072 1437 4158 judicia,
1471 4096 1692 4139 rerum
1727 4072 1984 4138 veritati
2026 4077 2484 4157 superstructa,
2509 4096 2597 4143 δίη
2613 4098 2790 4147 funda.

280 4198 417 4241 non
444 4176 574 4242 nisi
602 4198 753 4240 cum
780 4176 919 4262 ipsa
946 4177 1207 4243 Natura
1232 4177 1702 4243 interciderint.
2508 4164 2772 4277 3:333?-

380 4280 543 4364 [25.]
603 4278 911 4347 Quamvis
956 4286 1173 4345 autem
1219 4279 1608 4366 hypotheses
1636 4275 2178 4365 speculationibus
2207 4274 2482 4361 philoso-

345 4454 381 4477 ¹¹¹
417 4448 719 4512 Cynosuram]
765 4450 909 4499 Sidus
939 4451 1069 4514 quod
1105 4450 1319 4499 maxime
1356 4450 1612 4498 servabant
1645 4448 1696 4497 in
1731 4446 2004 4511 navigando
2033 4444 2170 4508 Tyrii
2199 4450 2246 4492 et
2280 4442 2480 4496 Sidonii.

282 4512 361 4562 cf.
390 4512 595 4561 Pacciol.
621 4516 737 4562 Lex.

1317 4598 1358 4659 3
1392 4616 1433 4659 ο
