3138 5006
1026 668 1635 758 THOMAE
1726 667 2553 758 SYDENHAM

1167 919 1865 980 OBSERVATIONUM
1907 921 1975 978 M
1981 921 2405 980 EDICARUM

766 1149 965 1215 cmoA
999 1149 1382 1216 MORBORUM
1419 1149 1788 1216 AOUTORUM
1826 1148 2199 1218 HISTORIAM
2234 1150 2321 1216 ΕΤ
2356 1147 2802 1216 ΘΗΒΑΤΙΟΝΕΜ

1411 1342 1727 1408 sEcTIO
1774 1343 2149 1410 QUINTA.

1567 1663 1867 1727 CAPUT
1912 1663 2008 1726 1.-

767 1828 1134 1891 Comtitutio
1162 1827 1530 1908 Epidemica
1547 1825 1763 1906 partis
1790 1825 1940 1887 anni
1973 1824 2162 1903 1673,
2196 1831 2376 1906 atque
2404 1825 2789 1906 intem-orum

1572 1927 1758 2005 1674,
1796 1928 1983 1992 1675.

306 2093 316 2100 ·
425 2083 599 2142 1673,
763 2063 982 2127 CincA
1044 2064 1307 2128 initium
1359 2064 1599 2127 mensis
1644 2063 1824 2142 Julii,
1882 2063 2069 2141 16⁷3,
2123 2063 2249 2127 ah'a
2294 2063 2609 2146 quaedam
2653 2061 2881 2125 Febris

367 2165 572 2231 fixolea-
675 2165 912 2247 species
954 2173 1052 2230 est
1095 2167 1420 2250 ingressa3
1469 2166 1949 2230 Constitutione
1988 2186 2139 2230 vero
2169 2165 2445 2228 necdum
2483 2165 2581 2228 ita
2616 2163 2699 2227 ad
2728 2185 2875 2227 eam

365 2256 643 2359 ξξῑῗζξίξζζ·
672 2266 863 2329 unice
893 2266 1202 2350 disposita
1240 2274 1315 2331 ut
1345 2268 1607 2351 penitus
1648 2267 2141 2332 excluderentur
2178 2263 2659 2330 constitutionis
2688 2284 2873 2347 prae-

362 2375 632 2436 dysenteri-
673 2367 961 2432 cedentis
1011 2369 1241 2445 morbi,
1301 2392 1437 2434 non
1497 2370 1848 2435 admodum
1896 2369 2021 2433 fuit
2078 2366 2449 2452 epidemica.
2556 2366 2875 2430 Nondum

362 2455 610 2553 ξῗδὲζῖζ,
674 2469 850 2535 enim
872 2470 1146 2536 desierat
1176 2472 1303 2538 ista
1323 2471 1733 2538 Variolarum
1757 2472 1995 2557 species
2018 2491 2180 2556 quae
2203 2492 2375 2535 anno
2401 2471 2573 2536 1670
2591 2469 2875 2553 primum

361 2569 610 2683 ξίῖζὲῐῇᾞ.
671 2573 880 2657 coepit
932 2575 1255 2655 invadere,
1302 2576 1456 2640 licet
1507 2576 1647 2661 jam
1694 2582 1761 2640 et
1810 2574 2018 2639 rarius
2070 2580 2451 2651 occurreret,
2499 2578 2567 2636 et
2615 2572 2877 2635 mitiora

361 2696 456 2747 ⁹73.
669 2683 885 2741 essent
915 2678 1385 2761 symptomata}
1430 2679 1528 2743 ita
1565 2685 1643 2742 ut
1672 2678 1812 2743 bini
1838 2677 1911 2741 hi
1937 2676 2149 2742 morbi
2177 2676 2317 2760 pari
2344 2677 2479 2740 fere
2507 2696 2701 2759 passu
2726 2696 2873 2758 pro-

668 2780 991 2860 cederent,
1031 2789 1266 2854 neuter
1305 2804 1456 2847 vero
1502 2783 1785 2847 multum
1837 2788 2273 2865 grassaretur3
2316 2780 2515 2864 priori
2557 2778 2871 2843 constitu-

665 2882 844 2948 tione
890 2884 1186 2948 nondum
1238 2884 1333 2949 ita
1379 2906 1641 2969 prorsus
1692 2890 2113 2949 evanescente
2161 2891 2238 2947 ut
2287 2882 2501 2946 nullos
2555 2881 2873 2965 proferret

664 2984 923 3069 morbos
948 2986 1182 3051 veteris
1211 2987 1563 3070 prosapiae,
1595 2986 2043 3071 (Dysenteriae
2072 2986 2247 3049 enim
2274 3004 2628 3068 perpaucae
2658 2981 2873 3047 adhuc

663 3087 1194 3171 reperiebantur)
1229 3109 1438 3171 neque
1465 3110 1633 3154 nova
1665 3090 1761 3155 ita
1798 3089 2011 3154 adhuc
2048 3085 2447 3154 confirmata'
2463 3092 2541 3152 ut
2571 3107 2679 3151 eos
2724 3106 2869 3170 pro-

666 3189 928 3253 duceret
958 3190 1071 3272 qui
1101 3190 1259 3253 alios
1289 3191 1795 3255 exterminarent
1824 3212 2067 3256 omnes.

361 3299 589 3361 Syllabas
762 3289 884 3373 [2.]
939 3291 1027 3354 Et
1058 3312 1173 3374 per
1209 3298 1599 3358 autumnum
1639 3293 1817 3358 huno
1846 3302 1911 3358 et
1949 3294 2251 3379 hyemem
2279 3313 2541 3357 omnem
2569 3290 2871 3355 Variolae

353 3365 634 3491 ζ’ζοζιζξῗζζ
661 3391 802 3475 pari
837 3413 988 3457 cum
1021 3392 1144 3457 hac
1185 3394 1392 3460 Febre
1431 3395 1820 3461 incedebant
1854 3418 2067 3481 passu,
2106 3402 2342 3460 neutro
2379 3402 2601 3459 tamen
2638 3394 2869 3458 morbo

351 3492 617 3569 triennium
665 3490 1024 3558 admodum·
1042 3505 1396 3578 grassante,
1429 3505 1625 3581 atque
1652 3498 1917 3564 interim
1944 3505 2206 3563 tantum
2235 3520 2370 3587 non
2398 3496 2865 3579 extingueban-

349 3573 625 3687 ῗῑὶᾞκζᾷο
662 3604 773 3659 tur
808 3597 1250 3681 Dysenteriae.
1340 3600 1699 3666 Novembri
1735 3610 1957 3667 autem
1985 3608 2131 3683 tum
2159 3608 2477 3677 currente,
2506 3605 2652 3683 post
2687 3620 2862 3663 acer-

352 3688 620 3800 gffiffgei-u·
661 3698 904 3763 rimum
942 3703 1092 3784 gelu
1134 3703 1216 3766 ad
1257 3702 1392 3767 dies
1437 3704 1679 3789 aliquot
1717 3705 2093 3790 perdurans,
2124 3704 2509 3767 succedente
2536 3702 2867 3785 insperato

351 3816 484 3874 bant,
510 3832 585 3864 re·
659 3808 1044 3887 tempestate
1079 3806 1365 3872 calidiori
1396 3829 1591 3891 quam
1621 3830 1742 3891 ego
1780 3830 1886 3873 me
1914 3830 2031 3892 per
2062 3807 2241 3872 istud
2270 3806 2427 3871 anni
2453 3813 2711 3889 tempus
2740 3827 2867 3869 un-

349 3881 606 4009 ffflffbm‘
665 3924 860 3989 quam
889 3908 1256 3973 observasse
1283 3911 1568 3990 memini,
1602 3914 1913 3995 pauculae
1942 3910 2366 3996 Dysenteriae
2397 3917 2462 3974 et
2490 3908 2683 3993 paulo
2708 3915 2865 3977 ante

659 4015 726 4071 et
771 4007 1026 4074 circiter
1052 4011 1294 4075 festum
1337 4012 1716 4077 Nativitatis
1747 4014 2022 4077 Donum
2057 4012 2165 4076 hic
2202 4012 2335 4076 illic
2370 4011 2859 4095 spargebantur.

662 4111 810 4174 Hae
841 4120 1062 4177 autem
1083 4120 1444 4178 extremum
1462 4114 1797 4181 morientis
1817 4116 2119 4184 lucernae
2146 4121 2454 4180 conatum
2472 4112 2859 4205 referebant,

654 4234 806 4277 mox
857 4214 1035 4279 enim
1079 4216 1342 4281 morbus
1383 4217 1565 4282 hicce
1610 4218 1758 4300 (ista
1802 4219 2031 4283 saltem
2075 4218 2215 4303 ejus
2258 4216 2542 4301 species)
2591 4214 2860 4280 omnino

655 4315 1002 4380 intercidit.

1295 4452 1317 4475 ⁸
1349 4444 1502 4495 Deest
1523 4446 1615 4495 hoc
1642 4462 1745 4511 cap.
1780 4448 1833 4496 in
1866 4450 1971 4497 edd⁴
1998 4450 2095 4507 ’66,
2120 4449 2216 4497 ’68.

2860 4521 2893 4544 O
