3138 5006
1201 272 1465 333 INDEX
1505 271 1825 333 RERUM.

305 433 406 539 25⁸4
431 422 600 479 cum
635 424 1066 488 Eacrrroaraus,
1101 427 1214 488 558,
1249 428 1361 480 559.
1405 426 1472 478 cf.

375 553 576 604 Ptisana
594 554 647 604 in
752 555 1068 621 ipneumonia
1095 556 1246 607 notha
1266 572 1354 622 pro
1383 570 1471 621 po-

309 622 382 679 tu,
406 620 530 677 254,
563 620 616 669 in
637 636 672 684 p
693 620 899 670 euritide
919 622 1186 683 essentiali,
1209 624 1328 671 249.

375 682 692 747 Ptyalismus.
719 684 794 749 [v.
815 685 1084 749 Μινώα]

375 748 523 797 Pueri
559 750 1004 799 venae-sectionem
1043 750 1096 798 in
1139 748 1357 799 febribus
1400 748 1476 798 vi-

309 816 426 870 tent,
447 814 504 863 41
523 832 536 869 3
561 815 774 878 podagra
795 830 894 863 non
915 814 1214 873 afficiuntur,
1230 814 1356 872 417,
1380 830 1473 878 pu-

309 875 405 925 eris
439 877 490 925 in
529 878 745 927 febribus
779 879 1032 929 intermitt-
1067 879 1298 929 calidiora
1337 879 1472 929 exhi·

309 940 421 989 bere
440 942 790 1005 periculosum,
813 946 894 992 85.
1145 982 1155 989 .

375 1005 647 1069 Puerperae
667 1007 924 1073 apoplexia
953 1008 1135 1071 hyster.
1164 1007 1474 1071 quandonam

309 1068 597 1129 afficiantur,
621 1074 746 1129 865,
783 1072 1042 1121 teneriores
1071 1088 1220 1136 quare
1250 1073 1314 1122 ad
1343 1074 1474 1123 diem

314 1135 469 1183 10“·““·
492 1134 544 1184 in
565 1136 692 1185 lecto
715 1153 766 1185 se
789 1138 1083 1195 contineant,
1107 1138 1220 1189 397.

375 1198 559 1251 Pulsus
585 1202 637 1249 in
670 1202 804 1251 febre
835 1217 963 1251 nova
993 1202 1210 1263 hyemali
1243 1217 1475 1251 sanorum

311 1277 408 1310 non
441 1265 695 1324 absimilis,
716 1266 831 1324 477,
851 1268 976 1323 488,
1020 1266 1285 1329 languidus
1323 1272 1372 1315 et
1395 1267 1472 1315 in·

311 1328 574 1386 ordinatus,
602 1330 644 1377 si
677 1330 807 1381 male
837 1338 1084 1389 tractetur,
1121 1331 1244 1388 477,
1297 1331 1473 1393 qualis,

311 1391 396 1443 ubi
462 1392 666 1443 hrenitis
703 1395 855 1453 adest,
893 1403 942 1444 et
977 1411 1109 1445 mors
1147 1396 1312 1453 instat,
1346 1398 1472 1453 489,

309 1455 364 1504 in
386 1408 636 1509 affectione
659 1459 990 1523 hypochondr.
1003 1459 1084 1509 vel
1105 1460 1282 1536 hyster.
1301 1460 1475 1508 similis

312 1536 542 1571 sanorum
582 1530 670 1581 est,
709 1525 830 1581 372,
886 1524 939 1573 in
981 1524 1180 1573 variohs
1221 1524 1362 1573 confi.
1395 1525 1475 1573 die

316 1587 435 1635 110⁰
456 1587 542 1635 vix
561 1588 840 1652 percipitur,
867 1590 975 1640 354.

376 1650 549 1699 Pulvis
571 1653 787 1703 Patrum.
813 1652 886 1716 [v.
915 1655 1079 1703 συνίει
1099 1651 1427 1717 Perceiana]

377 1714 676 1767 Puncrusa
701 1716 1136 1779 (Ds)Tsunm1s,
1152 1719 1263 1768 601.
1283 1718 1344 1767 cf.
1364 1720 1475 1767 252.

378 1778 646 1843 Purgantia
679 1783 924 1845 quaelibet
956 1782 1174 1831 Naturae
1207 1798 1356 1845 quare
1381 1785 1473 1831 im·-

312 1844 432 1893 mt'ea
453 1846 678 1895 dicantur
709 1847 770 1895 ab
791 1848 1024 1905 Auctore,
1044 1847 1142 1899 457
1162 1865 1174 1904 3
1208 1847 1288 1896 vel
1314 1847 1473 1895 mitis-

313 1908 440 1957 sima
462 1925 654 1974 quoque
675 1912 946 1961 tumultum
968 1912 1258 1975 plerumque
1279 1912 1332 1959 in
1367 1927 1474 1959 cor-

313 1987 428 2035 pore
449 1976 680 2035 excitant,
699 1977 787 2034 873
815 1976 858 2025 si
878 1980 1128 2025 eorrectiva
1147 1976 1278 2025 dicta
1295 1976 1478 2025 admis-

314 2044 364 2085 ta
397 2038 622 2099 habeant,
653 2041 889 2089 catharsis
926 2042 1144 2089 redditur
1177 2040 1477 2101 laboriosior,

314 2102 440 2158 319,
497 2103 683 2153 leniora
713 2106 768 2153 in
809 2106 1020 2154 robustis
1063 2105 1326 2168 aliquando
1361 2105 1476 2169 plus

313 2174 562 2228 praestant
597 2184 747 2233 quam
787 2170 1038 2227 validiora,
1066 2172 1191 2228 458,
1246 2178 1358 2234 post
1389 2186 1473 2218 ve-

312 2233 694 2283 nae-sectionem
743 2235 964 2283 omnium
1018 2236 1232 2283 maxime
1272 2235 1472 2297 refrige-

312 2302 439 2356 rant,
463 2298 586 2355 506,
620 2299 914 2363 paregoricis
934 2298 1066 2346 viam
1085 2305 1324 2357 sternunt,
1347 2302 1472 2358 506,

315 2366 364 2410 et
382 2360 443 2409 iis
473 2362 692 2424 adjuvari
726 2370 944 2426 possunt,
967 2365 1092 2425 508,
1127 2364 1360 2412 exhibitio
1391 2365 1468 2412 ni-

315 2424 418 2471 mia
435 2425 488 2473 in
507 2426 735 2489 plurimis
751 2427 1001 2476 affectibus
1015 2428 1177 2485 noxia,
1198 2430 1290 2476 881
1309 2448 1320 2485 ,
1342 2428 1474 2477 iniis

314 2488 598 2540 exhibendis
619 2492 779 2541 cautio
801 2509 1034 2557 perquam
1054 2492 1338 2551 necessaria,
1361 2495 1477 2544 458.

381 2554 650 2618 Purgantia
669 2557 722 2606 in
745 2558 940 2622 angina,
965 2559 1058 2605 266
1081 2577 1094 2614 3
1125 2573 1239 2606 cum
1269 2558 1476 2621 chalybe

314 2631 415 2666 non
457 2621 743 2679 exhibenda,
781 2623 892 2680 880,
939 2621 1066 2678 387,
1111 2623 1164 2670 in
1206 2622 1380 2670 chorea
1424 2624 1473 2672 S.

314 2681 435 2740 Viti,
475 2686 589 2743 496,
626 2687 753 2742 568,
796 2687 850 2734 in
889 2686 1084 2734 cholera
1119 2687 1304 2745 morbo,
1348 2688 1472 2745 164,

314 2748 367 2796 in
403 2748 568 2798 chron.
605 2751 804 2808 morbis,
837 2753 963 2807 480,
1005 2750 1058 2798 in
1093 2751 1247 2799 colica
1279 2751 1476 2814 hyster„

317 2815 430 2871 201,
471 2816 592 2871 202,
629 2815 682 2862 in
715 2815 870 2864 colica
900 2814 1086 2871 biliosa,
1124 2817 1233 2873 195,
1262 2816 1384 2872 196,
1424 2817 1476 2864 in

315 2886 504 2926 comate
523 2878 685 2927 febrili
706 2879 1102 2928 calefacientibus
1123 2880 1346 2937 excitato,
1363 2882 1476 2940 494,

315 2944 411 2991 495
429 2961 441 2999 ,
475 2943 528 2992 in
543 2944 930 3003 contusionibus,
941 2947 1054 3002 449,
1071 2945 1168 2992 450
1187 2963 1200 3001 ,
1229 2944 1282 2991 in
1300 2944 1474 3006 dysen-

315 3008 452 3066 teria,
468 3008 576 3066 171,
588 3008 707 3065 574,
731 3009 1041 3072 quandonam
1055 3007 1262 3057 debeant
1279 3008 1478 3059 laudaui

315 3085 462 3148 usum
481 3073 780 3135 praecedere,
804 3073 917 3130 178,
955 3080 1067 3135 post
1079 3073 1236 3150 febres
1253 3081 1476 3122 autumn.

315 3144 1252 3261 3531335301223‘1115‘222053232’
1271 3139 1477 3265 {3223}

319 3266 408 3314 181
431 3286 444 3324 3
477 3266 530 3314 in
551 3267 682 3315 febre
703 3267 908 3330 epidem.
929 3282 1256 3330 quacumque,
1274 3269 1365 3316 491
1391 3287 1402 3324 ,
1426 3267 1478 3316 in

316 3330 448 3379 febre
480 3347 606 3381 nova
636 3332 858 3394 epidem,
883 3333 994 3390 490,
1017 3333 1109 3380 491
1134 3350 1146 3387 3
1180 3331 1476 3394 refrigerant,

316 3403 366 3443 et
395 3397 653 3445 narcoticis
681 3397 812 3444 viam
847 3403 1083 3453 sternunt,
1108 3397 1235 3452 506,
1267 3395 1318 3446 in
1347 3397 1479 3446 febre

315 3461 558 3524 erysipel„
584 3463 693 3520 263,
718 3463 842 3518 558,
875 3461 1176 3510 in-febribus
1207 3461 1476 3520 intermitt„

317 3523 395 3584 73,
415 3527 526 3582 288,
543 3528 666 3582 289,
701 3527 752 3574 in
773 3525 932 3590 pestil.
946 3527 1092 3584 febre,
1117 3527 1236 3583 115,
1270 3527 1324 3574 in
1347 3527 1477 3576 febre

316 3597 564 3652 quartana,
589 3593 667 3648 80,
692 3593 782 3649 813
816 3598 926 3654 post
945 3591 1128 3640 febrem
1148 3591 1473 3649 malatinam,

317 3655 447 3710 244,
488 3653 542 3702 in
582 3655 712 3703 febre
755 3656 1048 3713 stationaria,
1095 3657 1205 3712 551,
1250 3657 1373 3711 552,
1423 3656 1476 3704 in

315 3717 448 3766 febre
480 3735 541 3767 ex
572 3719 712 3776 tussi,
747 3719 839 3770 297
861 3739 873 3776 ,
907 3720 962 3767 in
985 3720 1282 3782 gonorrhoea
1311 3720 1473 3779 virui„

317 3783 440 3838 318,
475 3790 586 3846 post
605 3783 738 3832 luem
759 3784 1042 3832 salivatione
1070 3784 1326 3842 sublatam,
1351 3787 1449 3833 324
1465 3804 1481 3842 ,.

315 3845 370 3894 in
407 3846 772 3910 haemorrhagia
807 3848 1016 3905 narium,
1049 3849 1158 3905 268,
1197 3850 1322 3905 598,
1366 3856 1478 3913 post

314 3911 734 3976 haemorrhagian
764 3913 1090 3969 immodicam,
1125 3913 1218 3968 60,
1273 3913 1326 3960 in
1359 3914 1474 3962 hae-

316 3979 527 4040 moptoii,
565 3977 692 4034 2693
737 3979 1012 4040 hydr-agoge
1043 3977 1174 4025 dicta
1209 3976 1262 4024 in
1295 3977 1356 4025 iis
1391 3979 1477 4040 qui

315 4056 459 4104 aegre
480 4048 766 4105 purgantur,
783 4041 866 4090 vix
887 4041 1072 4104 aliquid
1093 4041 1324 4098 efficiunt,
1343 4041 1476 4101 binc,

317 4113 374 4154 ut
393 4107 515 4155 bene
537 4113 808 4170 operentur,
824 4106 1010 4155 leniora
1023 4106 1286 4154 cathartica
1306 4107 1366 4155 iis
1387 4109 1474 4156 ad-

315 4170 582 4228 miscenda,
618 4172 730 4228 459,
767 4172 896 4226 460,
943 4171 994 4218 in
1024 4171 1240 4234 hydrope
1275 4171 1472 4220 validis-

317 4235 442 4286 sima
477 4236 792 4298 requiruntur
825 4241 874 4284 et
907 4235 1172 4293 celerrima,
1201 4237 1314 4294 458,
1347 4239 1472 4294 459,

315 4300 450 4349 varia
494 4299 620 4357 lura,
636 4301 754 4358 586,
789 4300 888 4348 duo
903 4300 1140 4364 palmaria
1158 4309 1272 4349 sunt
1293 4300 1474 4360 elaten,

316 4371 366 4413 et
393 4365 444 4413 in
465 4381 540 4414 us.
564 4365 689 4413 croci
717 4364 969 4423 metallor.,
991 4365 1115 4422 461,
1148 4365 1478 4428 frequentiora

314 4429 365 4477 in
375 4430 644 4493 ,hyster-icis
653 4435 843 4488 nocent,
859 4429 976 4486 878,
1011 4429 1304 4493 hystericam
1319 4431 1472 4480 affect-

2599 270 2715 329 645

1547 426 1757 488 quando,
1791 422 1905 484 878,
1928 423 2057 483 879,
2090 421 2145 473 in
2174 420 2347 472 leviori
2376 420 2537 487 speeie
2570 421 2741 471 omit-·

1550 491 1712 548 tenda,
1743 493 1871 547 885,
1906 491 1961 539 in
1991 504 2297 553 paroxysmo,
2332 488 2455 544 398,
2490 488 2545 535 in
2570 487 2719 536 iliaca

1550 555 1773 619 passione
1803 554 1929 603 flunt
1963 552 2181 612 emetica,
2218 554 2297 611 64,
2332 554 2443 609 195,
2466 554 2597 609 502,
2628 566 2718 615 ope

1549 619 1942 683 paregoricorum
1972 618 2252 677 retinentur,
2276 618 2399 673 508,
2434 630 2523 679 pro
2552 615 2743 665 infun-¹

1551 684 1683 732 tibus
1700 699 1825 747 quae
1837 684 2037 747 optima,
2056 685 2167 739 504,
2186 684 2281 730 505
2303 701 2316 739 ,
2336 682 2391 729 in
2402 681 2487 729 lue
2498 694 2717 739 venerea,

1552 750 1677 807 819,
1712 749 1765 797 in
1800 748 1955 796 mictu
1988 747 2257 809 sanguineo
2288 762 2319 793 a
2349 745 2553 803 calculo,
2588 747 2739 803 5223.

1551 813 1603 861 in
1636 813 1853 861 nervosis
1886 812 2158 870 affectibus,
2177 812 2303 865 495,
2338 809 2391 857 in
2412 811 2717 873 peripneum.

1551 877 1717 937 notha,
1741 880 1851 935 258,
1876 878 1988 935 254,
2012 879 2104 925 555
2124 894 2137 933 ,
2170 876 2221 923 in
2254 874 2555 939 peripneum.
2586 890 2717 934 vcra,

1553 944 1677 999 254,
1727 942 1779 991 in
1814 941 2103 1006 phrenitide,
2143 942 2235 996 58,
2284 940 2337 987 in
2372 938 2645 1015 phrenitide
2686 954 2720 988 a

1551 1007 1945 1055 calefacientibus
1976 1006 2190 1063 inducta,
2220 1006 2350 1060 494,
2380 1018 2433 1052 m
2460 1003 2719 1067 pleuriu'de

1551 1072 1937 1136 symptomatica,
1952 1072 2044 1119 231
2062 1089 2075 1127 3
2106 1070 2160 1117 in
2175 1067 2435 1132 pleuritide
2446 1084 2575 1126 vera,
2588 1070 2715 1125 250,

1550 1135 1603 1184 in
1632 1136 1862 1199 podagra,
1889 1150 2049 1197 neque
2082 1134 2135 1183 in
2162 1147 2467 1197 paroxysmo,
2488 1148 2579 1181 nec
2605 1140 2721 1196 post

1551 1216 1682 1258 eum,
1695 1215 1855 1263 neque
1867 1208 1979 1249 ante
1996 1200 2173 1262 ipsum,
2186 1197 2470 1256 exhibenda,
2486 1200 2583 1246 420
2597 1217 2609 1255 ,
2630 1198 2717 1247 sed

1553 1265 1596 1313 si
1628 1265 1899 1313 laudanum
1930 1264 2131 1327 insuper
2170 1268 2459 1320 assumatur,
2492 1277 2592 1310 non
2623 1274 2715 1309 no-

1552 1336 1681 1387 cent,
1696 1331 1808 1388 528,
1826 1330 1948 1385 524,
1980 1328 2107 1376 inter
2127 1326 2540 1375 venae-sectiones
2558 1341 2717 1388 quan·

1553 1394 1616 1442 do
1638 1394 1923 1451 exhibenda,
1936 1393 2031 1444 447
2047 1411 2061 1450 ,
2084 1390 2359 1440 exhibenda
2370 1405 2563 1454 quoque
2574 1406 2715 1439 man·
2728 1426 2737 1435 .

1553 1473 1635 1517 na,
1667 1458 1753 1506 ubi
1784 1458 1966 1507 mictus
1998 1456 2225 1520 sanguin.
2258 1456 2409 1512 adest,
2445 1458 2555 1513 524,
2589 1456 2731 1514 618,ι

1552 1523 1607 1571 in
1639 1522 1875 1571 rachitide
1894 1538 1956 1571 ex
1976 1520 2107 1570 febre
2127 1520 2418 1578 autumnali,
2438 1522 2533 1577 89,
2564 1520 2617 1567 in
2638 1531 2717 1568 ra-

1555 1587 1737 1636 chitide
1773 1602 1903 1645 vera,
1938 1589 2065 1643 882,
2114 1586 2169 1633 in
2206 1584 2567 1642 rheumatismo,
2605 1585 2715 1643 802,

1555 1653 1649 1704 557
1670 1671 1681 1709 ,
1714 1659 1827 1716 post
1856 1652 1987 1700 diem
2024 1654 2137 1699 8⁷⁹²
2158 1651 2219 1698 ab
2240 1650 2415 1697 ultima
2434 1664 2715 1697 venae-sec-

1554 1716 1685 1765 tione
1728 1716 1893 1781 qualia
1932 1716 2218 1773 exhibenda,
2262 1716 2387 1771 258,
2450 1720 2563 1777 post
2602 1710 2729 1762 3⁶³·-

1553 1782 2009 1840 venae-seetionem‚
2062 1780 2257 1843 saepius
2302 1778 2536 1836 iteranda,
2592 1779 2715 1835 802,

1553 1852 1664 1910 post
1680 1846 2021 1895 salivationem
2036 1843 2388 1901 mercurialem,
2402 1844 2457 1891 in
2472 1843 2555 1891 lue
2570 1857 2717 1891 vene·

1552 1926 1651 1970 rea,
1689 1913 1817 1969 321,
1862 1910 1918 1959 in
1959 1910 2083 1959 tussi
2118 1907 2403 1957 convulsiva
2440 1922 2719 1970 puerorum,

1555 1978 1679 2033 294,
1702 1976 1757 2024 in
1772 1976 1898 2025 tussi
1914 1975 2117 2038 epidem.
2134 1972 2251 2022 anni
2267 1974 2365 2031 ’79,
2388 1974 2499 2031 294,
2518 1974 2614 2022 297
2631 1990 2644 2030 ,
2664 1972 2736 2021 in,

1555 2046 1746 2090 tumore
1768 2040 2040 2090 abdominis
2058 2039 2249 2097 infant„
2272 2039 2351 2094 89,
2376 2039 2488 2094 881,
2512 2039 2641 2093 882,
2663 2036 2719 2084 in

1554 2105 1765 2164 variolis,
1792 2107 1912 2162 132,
1949 2104 2186 2167 sanguine
2212 2103 2431 2150 nondum
2450 2101 2733 2164 inquinato,I

1554 2170 1761 2218 variolas
1794 2170 2043 2218 distinctas
2074 2168 2298 2225 reddunt,
2331 2168 2455 2224 888,
2498 2167 2551 2214 in
2588 2165 2718 2213 vari-

1554 2234 1647 2283 olis
1677 2249 1853 2293 auom„
1876 2236 2003 2291 223,
2036 2240 2149 2297 post
2175 2231 2383 2281 variolas
2408 2230 2553 2280 confi.
2574 2245 2719 2279 cura-

1557 2306 1650 2357 tas,
1674 2300 1781 2350 357.

1622 2364 1855 2427 Purgatio
1876 2377 2026 2426 quare
2046 2360 2117 2409 ita
2129 2358 2399 2409 necessaria
2414 2366 2525 2423 post
2546 2359 2719 2418 febres,

1556 2429 1649 2486 58,
1684 2443 1782 2476 non
1799 2428 1871 2476 ifa
1885 2426 2153 2476 necessaria
2168 2432 2277 2489 post
2289 2425 2483 2473 morbos
2500 2424 2721 2473 vernales

1555 2510 1613 2542 ω
1623 2492 2109 2621 Ιξιῖζιὶἓαέιῃῖυῃῗιιιῐᾏ
2115 2492 2373 2619 ὅξιίοἱῗὲιάο
2401 2553 2720 2613 resorbeatur,

1557 2623 1683 2679 886,
1705 2631 1827 2688 ‘post
1846 2623 2159 2687 pleuritidem
2180 2620 2485 2670 essentialem
2508 2620 2720 2668 thoracis

1557 2702 1677 2735 cavo
1712 2689 1907 2750 quando
1934 2687 2236 2744 recondatur,
2271 2687 2395 2742 245,
2440 2684 2493 2732 in
2524 2683 2721 2732 variolis

1556 2751 1607 2798 in
1633 2753 1923 2814 sanguinem
1943 2752 2135 2814 copiose
2164 2749 2487 2812 regurgitans,
2509 2749 2601 2797 sub
2622 2749 2721 2797 fine

1555 2816 1715 2864 morbi
1736 2832 1937 2878 aegrum
1958 2815 2099 2878 quasi
2117 2814 2291 2871 obruit,
2314 2815 2427 2861 888.

1623 2880 1832 2928 Pustula
1852 2881 1903 2928 in
1931 2880 2227 2943 gonorrhoea
2256 2877 2415 2935 virul„
2438 2869 2565 2933 31'03
2600 2891 2723 2940 pus-

1557 2945 1691 2993 tulae
1722 2943 1774 2993 in
1806 2945 1939 2993 febre
1964 2943 2204 3007 erysipel„
2228 2944 2355 2998 262,
2382 2941 2613 3018 pustulae
2631 2956 2721 2990 va·-

1557 3009 1807 3067 riolarum,
1830 3009 1915 3057 ubi
1946 3008 2098 3057 semel
2124 3013 2335 3070 emptae,
2356 3013 2447 3054 nte
2474 3005 2719 3054 sustinen-

1559 3073 1663 3132 dae,
1692 3075 1812 3130 183,
1846 3074 1889 3122 si
1917 3072 2138 3121 maculas
2168 3085 2433 3136 purpureas
2454 3070 2718 3134 intersper-

1559 3153 1637 3186 sas
1659 3139 1882 3196 habeant,
1903 3138 2097 3195 lethale,
2124 3139 2215 3186 128
2237 3155 2249 3193 ,
2289 3138 2343 3184 in
2360 3134 2573 3192 variolis,
2594 3149 2719 3197 pau-

1559 3218 1644 3250 cae
1666 3218 1861 3252 omnem
1886 3202 2059 3252 salutis
2081 3217 2217 3265 spem
2251 3199 2569 3256 constituunt,
2592 3201 2719 3257 888,

1557 3267 1897 3331 intempestive
1915 3269 2227 3344 prodeuntes,
2252 3265 2459 3323 malum,
2480 3265 2609 3320 889,
2656 3279 2721 3312 ne

1559 3333 1781 3396 copiosae
1808 3332 1955 3380 nimis
1983 3332 2117 3388 fiant,
2153 3331 2394 3394 quomodo
2426 3343 2717 3392 praecaven-

1558 3397 1695 3455 dum,
1714 3398 1826 3455 887,
1846 3399 1969 3454 848,
2002 3411 2063 3446 ex
2079 3397 2257 3459 frigore
2272 3395 2425 3443 nimio
2437 3395 2723 3442 flaccescere

1559 3462 1731 3520 solent,
1767 3464 1891 3518 221,
1936 3462 2189 3510 decubitus
2231 3461 2379 3508 etiam
2420 3458 2605 3507 nimius
2638 3473 2721 3506 eas

1555 3528 1746 3590 pejores
1783 3525 1956 3585 reddit,
2000 3528 2124 3582 188,
2169 3525 2224 3573 in
2260 3524 2529 3573 infantibus
2568 3537 2721 3586 quare

1555 3607 1699 3654 saepe
1720 3607 1819 3640 non
1850 3591 2083 3655 prodiere,
2106 3591 2231 3648 846,
2265 3589 2317 3638 in
2347 3588 2543 3638 variolis
2576 3587 2719 3636 confi.

1557 3656 1676 3704 anni
1705 3656 1799 3715 ⁹70,
1828 3655 1968 3706 initio
1997 3657 2060 3704 ab
2084 3655 2370 3719 erysipelate
2402 3653 2479 3702 vel
2512 3659 2561 3701 et
2587 3667 2721 3700 mor-

1558 3720 1689 3768 billis
1710 3721 1793 3769 vix
1815 3721 2227 3778 discernebantur,
2256 3721 2348 3768 190
2368 3737 2381 3774 ,
2416 3717 2721 3780 augebantur

1556 3800 1645 3847 pro
1670 3787 1853 3834 ratione
1880 3785 2285 3842 calefacientium,
2308 3785 2431 3839 238,
2466 3782 2719 3830 materiem

1558 3849 1754 3912 qualem
1787 3851 2085 3907 eructabant,
2124 3851 2243 3903 190,
2282 3861 2411 3894 anno
2445 3846 2527 3896 ’74
2559 3845 2723 3908 nigre-

1561 3914 1673 3962 dine
1692 3913 1951 3976 fuliginem
1977 3913 2263 3976 aequabant,
2292 3913 2414 3967 219,
2446 3909 2499 3958 in
2524 3909 2721 3958 variolis

1560 3979 1703 4026 discr.
1726 3979 1842 4026 anni
1865 3979 1947 4029 ’70
1970 3977 2211 4040 quomodo
2233 3976 2293 4023 ab
2314 3975 2377 4024 iis
2405 3975 2597 4036 generis
2618 3975 2717 4023 dis-

1561 4043 1685 4092 creti
1730 4043 2032 4106 regularium
2082 4041 2545 4096 disterminarentur,
2591 4040 2717 4097 189,

1560 4107 1731 4170 nigrae
1762 4107 1932 4156 itidem
1963 4107 2143 4156 fiebant
2174 4106 2343 4154 diebus
2378 4104 2582 4161 ultimis,
2609 4105 2724 4163 189,

1566 4173 1687 4228 190,
1718 4188 1845 4220 anno
1867 4172 1950 4224 ’74
1976 4187 2159 4235 paucae
2184 4170 2269 4219 ubi
2290 4175 2440 4226 erant,
2462 4183 2562 4217 non
2582 4176 2723 4217 erant

1559 4237 1771 4284 minores
1803 4252 1951 4300 quam
1984 4237 2037 4284 in
2068 4236 2178 4285 aliis
2207 4236 2479 4299 generibus,
2502 4240 2551 4282 et
2574 4232 2723 4282 raris·-

1560 4301 1684 4349 sime
1718 4301 1900 4364 nigrae,
1936 4303 2059 4358 219,
2104 4302 2157 4350 in
2188 4300 2384 4349 variolis
2416 4298 2570 4361 regul.
2602 4299 2721 4346 sub-

1559 4366 1743 4414 flavum
1777 4367 1987 4415 colorem
2030 4366 2315 4415 naturaliter
2353 4365 2551 4422 habent,
2597 4365 2721 4419 128,

1559 4431 1880 4494 nigredinem,
1894 4433 2023 4495 quod
2040 4439 2315 4495 symptoma
2335 4429 2615 4478 anomalum
2630 4435 2723 4486 est,

315 4509 459 4560 saepe
480 4495 702 4556 invitant,
728 4495 839 4556 876,
861 4494 957 4548 877
972 4514 990 4552 ,,
1021 4494 1074 4544 in
1095 4495 1235 4544 initio
1257 4511 1404 4559 quare
1425 4503 1492 4548 et*
1561 4497 1613 4546 in
1647 4496 1929 4547 summitate
1962 4497 2223 4561 aliquando
2254 4496 2458 4555 habent,
2498 4497 2619 4553 1283
2668 4494 2721 4544 in
