3138 5006
694 283 823 346 108
964 340 969 347 .
1296 280 1694 349 ΤΗΟΜΑΕ
1741 276 2257 349 SYDENHAM

436 462 633 510 rems
682 450 921 510 ,nostra
946 442 1293 511 Britannia
1324 450 1479 511 ante
1508 444 1753 530 aliquot
1793 466 2000 512 annos
2031 454 2250 531 gestae
2285 444 2626 511 historiam
2665 433 2906 531 oppido

405 527 667 639 ἔξζζζξ,
698 569 911 613 raram
940 570 1016 613 ac
1044 568 1085 612 a
1102 549 1431 633 proposito
1457 556 1684 615 nostro
1713 571 1848 615 non
1877 550 2156 615 alienam
2184 549 2290 615 hie
2315 550 2444 615 loci
2471 570 2816 635 apponere.

396 656 675 746 assqnuu
798 651 963 735 [29]
1022 650 1197 715 Cum
1246 652 1421 715 inter
1464 659 1748 717 caeteras
1800 651 1968 717 Belli
2019 652 2252 717 Civilis-
2287 653 2686 718 calamitates
2737 670 2908 737 quae

394 722 669 859 33:351}-
699 757 871 819 hanc
916 754 1197 839 patriam
1252 762 1545 820 nostram
1601 755 1958 821 miserrime
2009 756 2395 836 afflixerunt,
2447 756 2659 820 Pestis
2703 756 2908 819 etiam

350 928 359 935 ,
395 882 479 923 tur
498 876 627 923 idem
701 857 925 922 multis
981 856 1055 921 in
1101 858 1259 922 locis
1317 866 1734 942 grassaretur,
1779 880 1856 923 ac
1905 859 2072 923 forte
2117 860 2190 923 in
2247 858 2551 923 Castrum
2607 860 2910 924 Dunstar

393 940 681 1053 ffiffissnda
708 961 903 1045 (quod
922 961 994 1025 in
1023 961 1351 1045 provincia
1374 952 1927 1027 Sommertonensi
1949 963 2148 1027 situm
2169 964 2314 1046 est,)
2343 961 2603 1026 aliunde
2623 961 2904 1039 invecta,

397 1077 448 1117 et
467 1070 660 1147 irrgfrp-
702 1064 947 1148 aliquot
974 1063 1400 1147 praesidiariis
1438 1086 1590 1129 cum
1619 1066 2018 1129 macularum
2055 1065 2518 1130 efflorescentia
2555 1064 2908 1147 derepente

398 1134 651 1261 ξὲἓὲιέζῗ
702 1166 1103 1245 exanimatis,
1126 1168 1484 1251 complures
1506 1167 1704 1232 etiam
1727 1168 1882 1233 alios
1905 1168 2343 1251 corripuisset3
2381 1165 2740 1249 Chirurgus
2763 1164 2908 1249 qui-

398 1270 535 1311 m*
704 1268 875 1347 dam,
904 1267 1017 1352 qui
1046 1290 1087 1333 a
1126 1269 1323 1353 longa
1348 1269 1420 1335 in
1460 1270 1834 1354 regionibus
1872 1271 2106 1335 exteris
2146 1268 2663 1354 peregrinatione
2699 1266 2910 1331 redux

702 1379 865 1436 tunc
892 1372 1199 1456 temporis
1241 1373 1562 1457 stipendia
1597 1372 1772 1438 inter
1799 1372 1956 1437 alios
1985 1372 2283 1451 faciebat,
2313 1392 2354 1436 a
2379 1370 2682 1455 praesidii
2711 1370 2910 1433 Prae-

700 1476 875 1540 fecto
916 1475 1105 1539 enixe
1140 1482 1329 1559 rogat
1366 1482 1443 1541 ut
1482 1476 1606 1540 sibi
1646 1476 1869 1541 liceret
1915 1474 2463 1541 commilitonibus
2507 1474 2640 1537 suis
2681 1478 2910 1536 trucu-

702 1578 883 1643 lento
928 1577 1155 1642 morbo
1200 1577 1506 1661 correptis
1552 1598 1672 1663 pro
1713 1577 1882 1642 virili
1923 1598 2336 1656 succurrere3
2381 1596 2510 1661 quo
2553 1582 2910 1653 annuente,

706 1681 976 1765 singulis
1022 1681 1231 1765 aegris
1280 1681 1503 1746 statim
1552 1702 1594 1746 a
1637 1682 1848 1766 primo
1891 1680 2102 1746 morbi
2145 1680 2417 1758 insultu,
2469 1684 2666 1761 atque
2719 1677 2910 1741 nullo

704 1784 917 1849 adhuc
964 1791 1221 1850 tumore
1263 1783 1626 1868 conspicuo,
1673 1784 2057 1868 sanguinem
2099 1782 2356 1867 ingenti
2397 1781 2580 1865 copia
2626 1780 2910 1845 detraxit

704 1888 910 1952 donec
952 1887 1221 1971 pedibus
1256 1887 1527 1951 deficere
1558 1887 1938 1972 inciperent,
1965 1908 2122 1951 nam
2162 1884 2486 1951 stantibus
2521 1904 2596 1949 ac
2639 1882 2762 1947 sub
2797 1882 2912 1948 dio

700 2010 867 2055 vena
893 1998 1154 2074 pertusa
1188 1996 1305 2069 est,
1334 2009 1457 2055 nec
1500 1990 1772 2055 aderant
1800 1991 2058 2055 vascula
2095 2010 2260 2074 quae
2287 1987 2530 2053 cruoris
2562 1988 2634 2049 in
2661 1992 2912 2051 terram

702 2092 1021 2157 effluentis
1056 2114 1423 2157 mensuram
1455 2092 1822 2158 definirent.
1915 2094 2060 2157 Hoc
2103 2092 2295 2169 facte,
2325 2111 2435 2155 eos
2469 2090 2544 2153 in
2575 2086 2916 2171 tuguriola

698 2216 819 2259 sua
860 2195 944 2259 ad
986 2194 1507 2260 decumbendum
1551 2196 1836 2261 dimisitt
1885 2203 1954 2259 et
1993 2216 2362 2279 quanquam
2391 2214 2432 2257 a
2467 2191 2914 2276 phlebotomia

698 2298 956 2363 nullum
998 2298 1265 2362 omnino
1304 2298 1664 2363 remedium
1709 2298 2024 2378 adhibuit,
2069 2305 2292 2362 tamen
2339 2316 2418 2361 ex
2467 2294 2910 2378 complurimis

698 2398 778 2463 iis
808 2420 966 2482 quos
996 2400 1119 2465 hoc
1160 2402 1353 2465 modo
1382 2408 1722 2467 tractasset
1757 2402 2019 2485 (mirum
2049 2400 2272 2483 dictu,)
2307 2420 2392 2464 ne
2424 2419 2597 2463 unus
2641 2395 2912 2481 quidem

698 2500 1099 2568 desideratus
1129 2513 1248 2570 est.
1338 2505 1461 2570 Vir
1487 2507 1926 2572 nobilissimus
1948 2507 2139 2590 juxta
2195 2525 2270 2569 ac
2297 2523 2554 2568 morum
2581 2500 2911 2586 probitate

701 2611 895 2689 atque
940 2606 1069 2672 fide
1126 2608 1510 2692 spectabilis,
1557 2611 1710 2675 D¹²¹²⁸
1767 2609 2146 2674 Franciscus
2183 2605 2561 2683 Windham,
2605 2603 2910 2668 Militum

700 2708 1047 2790 Tribunus,
1080 2731 1155 2776 ac
1193 2711 1501 2795 praedicti
1541 2712 1756 2777 Castri
1783 2719 1944 2777 tunc
1972 2711 2280 2794 temporis
2319 2708 2712 2786 Praefectus,
2742 2706 2908 2770 mihi

698 2812 859 2876 haec
885 2814 1131 2894 retulit,
1155 2823 1222 2880 et
1250 2815 1612 2879 etiamnum
1639 2815 1712 2878 in
1740 2815 1896 2879 vivis
1927 2822 2044 2893 est,
2067 2835 2185 2899 pro
2215 2834 2292 2878 ea
2321 2833 2450 2897 qua
2475 2818 2576 2876 est
2603 2809 2908 2874 humani·

698 2922 835 2980 tate
863 2917 959 2981 rei
987 2925 1205 3000 gestae
1234 2919 1572 2982 veritatem
1601 2918 1866 2983 cuilibet
1887 2917 2216 2982 dubitanti
2245 2917 2762 2982 confirmaturus.

787 3020 965 3086 Quid
994 3021 1290 3086 mihimet
1317 3021 1442 3105 ipsi
1470 3021 1643 3086 circa
1669 3021 1839 3086 hanc
1877 3042 2018 3086 rem
2062 3020 2388 3104 singulare
2431 3040 2508 3084 ac
2538 3022 2908 3082 memoratu

696 3121 973 3206 dignum
1001 3124 1347 3208 aliquando
1376 3124 1712 3189 observare
1741 3125 2036 3208 contigit,
2059 3125 2296 3189 Lector
2315 3123 2584 3187 inferius
2613 3120 2908 3204 accipiet,

696 3226 813 3290 ubi
840 3247 1047 3310 pauca
1074 3247 1169 3305 ea,
1193 3247 1358 3311 quae
1388 3227 1792 3293 desaeviente
1813 3249 2062 3312 nupera
2077 3229 2270 3292 Peste
2299 3225 2700 3291 Londinens‘i
2727 3245 2768 3289 a
2794 3243 2912 3288 me

697 3349 825 3391 usu
866 3333 1063 3412 atque
1104 3329 1499 3412 experientia
1542 3338 1858 3396 annotata
1897 3332 2184 3410 fuerunt,
2213 3329 2484 3394 inferius
2538 3329 2605 3414 [ᾧ
2637 3329 2724 3392 36
2767 3325 2904 3416 sq.]

697 3431 1056 3495 ostendam.

392 3541 673 3619 Pestilentia
796 3533 963 3620 [30]
1020 3535 1313 3620 Hujusce
1356 3545 1577 3602 autem
1619 3557 1890 3622 praxeos
1933 3537 2286 3603 utilitatem
2337 3535 2460 3601 etsi
2501 3555 2638 3600 non
2679 3539 2910 3599 mente

384 3607 661 3734 ἷξζῗδῖᾙό,
696 3642 957 3701 tantum
994 3659 1071 3703 ac
1098 3639 1347 3724 judicio
1384 3662 1706 3725 assequor,
1735 3661 1961 3706 verum
2001 3641 2200 3705 etiam
2233 3641 2444 3724 reipsa
2471 3645 2666 3722 atque
2710 3637 2908 3702 editis

384 3751 529 3811 ΜΨ
537 3737 673 3784 ‘¹³⁸⁸i·
696 3747 1150 3830 experimentis
1211 3749 1458 3814 dudum
1510 3751 1854 3834 exploravi,
1899 3757 2126 3815 tamen
2178 3749 2552 3816 Pestilentia
2597 3747 2908 3813 fermenti

386 3809 519 3862 patio
541 3817 652 3850 eva-

386 3866 602 3913 cantioni
694 3870 811 3933 per
840 3850 1247 3936 diaphoresin
1286 3852 1618 3936 dissipatio
1657 3873 1810 3938 prae
1847 3853 2138 3938 ejusdem
2171 3873 2286 3938 per
2322 3851 2906 3917 venae-sectionem

380 3944 669 4044 ξξζῇζξζζζ·
694 3955 1110 4020 evacuatione
1139 3955 1300 4019 mihi
1326 3955 1553 4020 multis
1583 3956 1958 4021 nominibus
1987 3956 2270 4036 arridet3
2312 3961 2542 4040 utpote
2585 3975 2750 4039 quae
2778 3975 2908 4020 nec

383 4075 481 4135 <1¹30
503 4075 591 4108 πο·
694 4077 1035 4140 aegrorum
1054 4059 1221 4124 vires
1251 4079 1454 4142 aeque
1481 4066 1871 4143 prosternat,
1891 4081 2014 4125 nec
2043 4060 2380 4124 Medicum
2401 4058 2706 4122 infamiae
2731 4058 2908 4142 peri-

382 4131 669 4240 ffssssffoe'
694 4161 841 4225 culo
876 4161 1159 4246 objiciat.
1245 4161 1451 4246 Atqui
1497 4169 1564 4226 et
1603 4163 1764 4228 haec
1804 4163 2295 4229 difficultatibus
2333 4161 2464 4226 suis
2508 4183 2642 4227 non
2675 4168 2861 4226 vacat
2879 4187 2906 4242 3

380 4268 582 4346 {auibus
692 4264 903 4347 primo
949 4265 1126 4328 enim
1170 4265 1415 4344 multis,
1466 4286 1541 4330 ac
1598 4267 1978 4350 praesertim
2029 4266 2348 4331 calidioris
2404 4263 2910 4348 temperamenti

377 4333 666 4447 illaiassrsseutlz
686 4371 1052 4456 juvenibus,
1086 4372 1348 4437 sudores
1380 4374 1634 4457 aegrius
1673 4375 2141 4460 proliciuntur3
2187 4373 2548 4460 cujusmodi
2583 4381 2904 4457 aegrotos,

378 4463 571 4512 utiba&
692 4495 819 4557 quo
848 4473 1201 4559 hydroticis
1234 4475 1604 4542 fortioribus
1636 4499 1709 4544 ac
1741 4479 2150 4544 cumulatiori
2181 4485 2708 4562 tegumentorum
2735 4497 2906 4560 Pon·
