3138 5006
659 201 788 268 386
1229 207 1620 274 THOMAE
1670 209 2185 277 SYDENHAM

393 375 478 424 De
501 375 604 424 Ar·
753 368 940 436 Quae
979 369 1238 454 quidem
1273 371 1733 458 idiosyncrasia
1774 372 1933 438 adeo
1971 373 2245 456 insignis
2284 394 2359 438 ac
2396 373 2703 456 frequens
2744 376 2867 447 est,

361 440 639 552 ‘fgnssx'
665 471 856 555 quod,
888 479 1182 556 respectu
1219 473 1302 537 ad
1333 495 1475 537 eam
1505 495 1640 537 non
1677 473 1920 552 habito,
1952 495 2181 556 aegrae
2208 474 2281 538 in
2316 473 2667 537 discrimen
2692 473 2869 535 vitae

663 575 894 658 conjici
921 575 1205 658 possint;
1234 575 1429 660 idque
1457 597 1594 640 non
1630 576 1838 640 solum
1868 576 2079 660 quoad
2110 575 2473 662 Hysterica‚
2504 577 2621 640 sed
2652 575 2869 659 quoad

661 677 872 740 multa
907 677 1192 741 remedia
1230 677 1387 742 alia:
1433 677 1619 762 cujus
1657 676 2259 761 impraesentiarum
2294 679 2681 743 instantiam
2718 677 2869 740 uni-

663 799 806 842 cam
849 777 1153 842 adferam.
1243 779 1589 844 Foeminae
1626 779 1999 859 nonnullae,
2036 781 2289 844 variolis
2330 780 2722 859 laborantes,
2766 802 2869 863 sy·

661 879 810 963 rupi
839 879 918 943 de
946 881 1240 945 meconio
1279 903 1472 946 usum
1513 881 1681 945 ferre
1719 902 1855 946 non
1882 889 2174 965 possunt,
2204 889 2430 965 utpote
2472 905 2513 946 a
2554 903 2687 965 quo
2722 903 2869 946 ver-

661 980 917 1064 tigines,
948 981 1480 1062 vomituritiones‚
1511 991 1579 1046 et
1616 982 1689 1046 id
1728 1005 1931 1066 genus
1976 991 2409 1069 symptomata
2447 985 2531 1048 ad
2566 986 2869 1049 Affectus

663 1083 1036 1168 Hysterioos
1065 1086 1478 1169 pertinentia,
1517 1092 1949 1166 accersantur,
1984 1087 2217 1170 quibus
2250 1093 2475 1152 tamen
2501 1087 2868 1151 laudanum

363 1196 604 1246 Instantia
659 1185 978 1269 liquidum
1009 1187 1294 1271 apprime
1333 1186 1695 1252 conveniat.
1784 1186 1981 1253 Quod
2014 1195 2079 1252 et
2116 1189 2271 1252 dum
2314 1189 2474 1252 haec
2511 1187 2865 1252 scriberem

349 1261 640 1388 liizgglano
662 1287 735 1351 in
773 1287 1250 1354 adolescentula
1286 1288 1489 1354 nobili
1527 1288 1871 1369 observavi,
1911 1291 2017 1354 cui
2054 1290 2307 1354 variolis
2346 1289 2670 1354 laboranti
2708 1310 2865 1352 cum

354 1390 607 1466 sympifle
663 1395 844 1454 sexta
885 1411 960 1454 ac
1003 1390 1276 1474 septima
1315 1399 1507 1455 nocte
1549 1413 1861 1474 syrupum
1904 1390 2153 1456 dictum
2194 1391 2646 1470 exhibuissem,
2686 1413 2863 1476 sym-

355 1469 592 1581 Ξὲξῗῐὲἕ.
659 1497 950 1575 ptomata
989 1492 1168 1576 prius
1211 1499 1566 1557 memorata
1604 1492 1861 1575 singula
1901 1492 2296 1558 exhibitione
2338 1493 2401 1558 ei
2440 1492 2861 1576 ingruebant,

353 1589 500 1630 “¹¹²⁶-
658 1611 871 1675 neque
905 1592 1311 1674 pustularum
1339 1593 1763 1657 inflammatio
1801 1592 2018 1656 debito
2046 1594 2238 1657 modo
2271 1593 2696 1676 procedebat3
2742 1593 2861 1656 sed

657 1715 808 1759 cum
855 1693 928 1758 in
974 1702 1306 1779 posterum
1361 1695 1645 1760 laudano
1701 1701 2013 1774 uteretur,
2074 1715 2115 1759 a
2160 1695 2605 1780 symptomatis
2664 1695 2860 1759 dictis

654 1816 913 1878 prorsus
941 1795 1248 1859 immunis
1277 1803 1435 1875 erat,
1465 1796 1653 1860 faciei
1698 1804 1953 1860 tumore
1982 1817 2057 1860 ac
2082 1797 2359 1880 pustulis
2386 1797 2597 1860 indies
2626 1816 2857 1878 auges-

655 1895 970 1974 centibus,
993 1903 1060 1960 et
1095 1896 1288 1979 (quod
1317 1918 1450 1961 non
1477 1900 1697 1962 minus
1723 1897 1879 1961 laeti
1907 1897 2139 1961 ominis
2168 1898 2351 1979 erat,)
2386 1898 2679 1961 anxietas
2707 1897 2857 1974 ista,

653 2017 804 2060 cum
841 1998 1290 2080 inquietudine
1331 1999 1609 2084 quadam
1646 2007 1784 2064 tam
1822 2001 2061 2064 mentis
2100 2021 2295 2084 quam
2330 1999 2628 2084 corporis,
2664 2002 2859 2082 (quae

653 2098 836 2182 quasi
875 2119 1293 2184 paroxysmus
1335 2101 1718 2164 variolarum
1760 2101 1923 2165 solet
1966 2102 2147 2183 esse,)
2196 2121 2455 2185 prorsus
2496 2101 2855 2177 tolleretur,

651 2199 900 2283 quoties
928 2201 1371 2284 paregoricum
1400 2202 1523 2267 hoc
1549 2201 2035 2285 propinabatur,
2066 2223 2259 2285 aegra
2284 2223 2437 2266 mox
2462 2201 2626 2265 vires
2655 2209 2859 2284 atque

648 2301 938 2365 animum
968 2302 1200 2368 exinde
1227 2303 1596 2387 recipiente.
1688 2301 1865 2368 Hoc‘
1888 2303 2119 2370 obiter.

745 2403 954 2488 [108.]
1006 2407 1228 2488 Atque
1264 2406 1360 2469 ita
1401 2405 1729 2490 Hysterici
1765 2405 2060 2470 Affectus
2098 2405 2311 2488 quoad
2351 2403 2705 2488 plurimum
2748 2425 2857 2467 sa-

647 2512 909 2585 nantur,
941 2514 1018 2571 ut
1059 2515 1126 2571 et
1168 2508 1510 2591 pleraeque
1551 2509 1875 2572 mulierum
1930 2510 2111 2591 (quas
2154 2508 2523 2591 appellant,)
2574 2506 2857 2570 obstruc-

649 2610 883 2681 tione&
923 2617 992 2674 at
1019 2630 1174 2692 prae
1203 2610 1470 2674 caeteris
1500 2610 1805 2674 chlorosis
1834 2632 1951 2674 seu
1984 2609 2205 2693 pallidi
2232 2608 2555 2691 virginum
2582 2608 2853 2687 colores,

343 2712 610 2825 Sizhtlybt
647 2709 749 2774 uti
777 2712 972 2775 etiam
1001 2714 1321 2777 mensium
1349 2713 1827 2797 suppressiones
1858 2714 2389 2797 qualescunque&
2446 2711 2765 2774 Attamen
2794 2712 2857 2773 si

341 2792 606 2904 ffemi’ovss}
651 2814 914 2896 sanguis
955 2835 1160 2897 usque
1204 2814 1364 2879 adeo
1415 2816 1685 2879 effoetus
1728 2814 1943 2891 fuerit,
1987 2820 2297 2897 tantaque
2340 2812 2611 2895 proinde
2660 2812 2852 2895 spiri-

339 2906 530 3015 {3232
546 2907 624 3016 ἓξ·
649 2921 838 2978 tuum
869 2914 1118 2997 ἀταξία,
1146 2922 1226 2980 ut
1253 2916 1518 3001 chalybs
1545 2916 1938 2999 praescripta
1963 2914 2270 2979 methodo
2298 2921 2645 2995 usurpatus
2672 2914 2852 2977 malo

341 3046 469 3093 quae
489 3033 585 3079 mi·
646 3016 961 3080 vincendo
987 3038 1106 3099 par
1132 3039 1268 3081 non
1297 3019 1400 3095 sit,
1433 3017 1768 3082 adeundae
1804 3038 2005 3099 aquae
2042 3015 2384 3080 minerales
2412 3015 2663 3097 aliquae
2690 3014 2851 3078 ferri

341 3094 541 3145 ”³⁸¹³
647 3117 896 3181 minera
930 3124 1204 3197 satmae,
1237 3119 1458 3201 quales
1497 3126 1655 3183 sunt
1692 3126 1951 3184 nostrae
1979 3118 2498 3199 TunbrigienseS‚
2528 3122 2641 3179 aut
2680 3116 2851 3180 aliae

647 3238 858 3301 nuper
897 3226 1208 3301 repertae.
1317 3219 1613 3283 Harum²²
1662 3221 1839 3285 enim
1886 3220 2090 3284 virtus
2134 3219 2529 3304 chalybeata„
2570 3225 2717 3281 tum
2760 3216 2847 3281 ob

647 3318 970 3400 insignem
1005 3320 1436 3403 quantitatem
1473 3343 1605 3405 qua
1635 3322 2044 3400 hauriuntur,
2072 3330 2217 3385 tum
2264 3321 2461 3385 etiam
2494 3319 2575 3385 ob
2612 3340 2848 3383 earun-

649 3420 800 3483 dem
827 3440 978 3483 cum
997 3422 1258 3487 Natura
1283 3424 1817 3505 convenientiam,
1846 3424 2141 3489 intimius
2174 3423 2477 3506 sanguini
2502 3422 2847 3505 permisce-

647 3530 778 3599 tur,
815 3528 883 3585 et
913 3524 1244 3605 potentius
1285 3525 1542 3591 morbos
1578 3533 1925 3609 expugnat,
1958 3546 2151 3609 quam
2181 3524 2423 3588 ferrum
2462 3543 2849 3608 quocunque

647 3623 912 3687 demum
949 3625 1217 3690 artificio
1253 3627 1689 3706 nobilitatum,
1719 3635 1796 3691 ut
1826 3628 2049 3692 volunt
2080 3622 2432 3691 ciniflones¹
2468 3623 2847 3709 impruden·

645 3723 862 3789 tiores.

341 3833 611 3909 Obgman-
743 3824 1000 3911 [109]ΙΙ
1031 3826 1177 3893 Hoc
1201 3836 1420 3895 autem
1447 3850 1601 3913 prae
1630 3832 1898 3895 caeteris
1920 3830 2091 3895 inter
2118 3828 2476 3894 bibendum
2503 3829 2847 3895 observan-

337 3898 620 4013 ξῖὴξζᾎῗω,
647 3926 844 4007 dum3
889 3930 944 3993 si
973 3931 1308 4013 aegritudo
1339 3933 1597 4015 quaevis
1624 3932 1711 3995 ad
1736 3938 2171 4015 symptomata
2190 3932 2567 3997 Affectionis
2598 3932 2847 4017 Hyste-

649 4030 820 4093 ricae
839 4030 1178 4095 referenda
1207 4032 1472 4111 accidat,
1493 4032 1619 4096 hoc
1647 4034 1719 4096 in
1740 4054 1893 4097 casu
1920 4055 2035 4117 per
2064 4034 2235 4097 diem
2252 4056 2461 4097 unum
2489 4033 2849 4098 alterumve

715 4176 732 4207 ¹
764 4180 1288 4244 Hoc—qualescunque]
1314 4196 1407 4230 om.
1441 4182 1514 4229 ed.
1539 4184 1635 4229 ’82
1788 4186 1908 4231 ande
1929 4186 2115 4261 ssav-um
2136 4188 2283 4232 virtus
2302 4186 2573 4245 chalybeum
2595 4182 2669 4229 ed.
2692 4184 2793 4231 '82

718 4238 744 4269 ⁸
780 4242 857 4290 cf.
877 4246 1082 4292 Proceu.
1101 4247 1193 4295 Int.
1219 4262 1260 4293 c.
1283 4246 1362 4302 46,
1387 4244 1464 4296 47.
1856 4244 1869 4276 ¹
1898 4246 2065 4309 aaa]
2104 4248 2179 4299 cf.
2206 4248 2375 4295 Horat.
2400 4250 2500 4295 Sat.
2522 4247 2555 4295 i.
2580 4248 2625 4293 2.
2650 4246 2732 4293 98.

713 4306 738 4337 ⁸
770 4308 1396 4371 Harum—convenientiam]
1441 4310 1534 4356 Hie
1584 4312 1703 4356 enim
1854 4308 1877 4340 ¹¹
1912 4310 2109 4359 Desunt
2128 4314 2182 4372 ἧς
2212 4312 2460 4360 109—111
2486 4311 2538 4358 in
2560 4310 2633 4357 ed.
2656 4310 2759 4357 '82

633 4368 821 4432 serrum
841 4373 986 4419 inem
1006 4374 1187 4421 videtur
1203 4376 1252 4420 in
1267 4376 1513 4435 principiis
1526 4374 1701 4429 solutis,
