3138 5006
1008 435 1441 484 DocTISSIMo
1474 436 1652 485 VIRO

747 574 1187 650 THOMAE
1267 576 1643 671 sH0R¹1¹‚
1703 576 1892 652 M.D.

1021 764 1167 801 com..
1192 765 1322 801 nn.
1346 765 1505 801 LOND·
1529 766 1638 803 800.

316 902 470 965 EN
488 903 645 980 Tibi,
675 904 1131 969 Humani-ssime
1168 908 1297 985 Vir,
1334 908 1763 973 Tractatulum
1783 910 1857 973 de
1883 910 2176 995 Podaqra
2199 920 2257 975 et
2279 912 2423 997 Hy-

226 1006 429 1089 drope,
462 1006 586 1068 loco
619 1010 917 1091 spissioris
958 1010 1273 1073 voluminis
1302 1012 1464 1096 quod
1503 1015 1706 1077 animo
1747 1014 2183 1078 destinaveram
2199 1042 2224 1091 ,-
2270 1015 2426 1079 His·

226 1110 446 1171 toriam
489 1109 751 1193 intelliqo
792 1111 1151 1173 Morborum
1212 1111 1666 1189 Chronieorum,
1713 1134 1915 1177 eorum
1960 1117 2215 1179 maxime
2257 1105 2423 1179 circa

224 1232 374 1294 quos
420 1232 551 1274 mea
601 1210 830 1275 Praxis
860 1215 1241 1296 potissimum
1297 1223 1539 1277 versata
1595 1223 1698 1278 est.
1800 1214 1953 1279 Cum
2010 1238 2148 1279 vero
2198 1238 2426 1281 omnem

222 1314 532 1395 coyitandi
577 1315 699 1375 vim
748 1324 927 1397 atque
964 1336 1164 1379 omnes
1213 1337 1421 1379 nervos
1478 1316 1575 1379 Itis
1631 1316 1806 1379 rebus
1840 1317 1988 1400 plus
2032 1321 2185 1381 satis
2227 1321 2424 1381 inten-

223 1415 435 1493 dendo,
504 1417 853 1479 atrociorem
918 1418 1233 1501 podaqrae
1293 1440 1732 1503 parozysmum
1790 1420 1941 1483 milii
2007 1422 2418 1483 accersit-erim

222 1538 410 1601 quam
440 1539 557 1601 quo
584 1519 744 1579 alias
769 1517 873 1601 (ut
885 1517 1359 1603 puto,)fueram
1390 1520 1812 1595 mulctandus;
1860 1541 1956 1582 res
1982 1521 2118 1603 ipsa
2149 1521 2424 1583 monebat

223 1628 300 1681 ut
334 1620 450 1683 has
492 1620 931 1685 lumbrationes
972 1621 1073 1683 vel
1117 1622 1338 1683 invitus
1370 1642 1674 1703 ponerem,
1720 1630 1778 1682 et
1819 1620 1969 1681 milti
2009 1620 2250 1683 tandem
2293 1622 2420 1703 ipse

223 1721 607 1795 consulerem,
659 1721 765 1783 hos
812 1728 1048 1789 tantum
1105 1722 1335 1783 morbos
1390 1721 1539 1785 duos
1597 1722 2017 1805 quadantenus
2061 1721 2420 1803 expedivisse

222 1830 549 1884 contentus.
652 1822 898 1898 Quoties
935 1822 1091 1885 enim
1127 1823 1215 1883 ad
1248 1822 1397 1883 baec
1436 1822 1646 1885 studia
1689 1842 1781 1883 me
1823 1820 2200 1903 recipiebam,
2247 1822 2416 1881 toties

222 1931 287 1984 et
318 1922 601 2005 podayra
646 1922 1005 1985 recurrebat.
1094 1922 1238 1985 Hoc
1278 1923 1481 2007 itaque
1523 1925 1736 2005 operis,
1767 1922 1945 2007 quale
1977 1922 2156 2006 quale
2184 1922 2422 1984 demum

220 2024 296 2085 id
322 2032 427 2099 est,
459 2025 725 2106 accipere
758 2023 1037 2107 diqneris,
1070 2023 1233 2107 quod
1270 2024 1414 2085 Tibi
1448 2024 1684 2087 duabus
1716 2025 2094 2107 potissimum
2125 2024 2197 2084 de
2225 2025 2426 2085 causis

221 2126 551 2189 dicandum
594 2148 830 2189 censeo.-
876 2126 1178 2201 Primum,
1220 2127 1382 2210 quod
1420 2148 1631 2189 earum
1669 2147 1826 2211 quas
1831 2129 1976 2209 jam
2010 2126 2150 2187 olim
2179 2127 2243 2187 in
2268 2126 2424 2207 pub-

223 2228 407 2289 licum
449 2227 589 2289 dedi
627 2227 1117 2304 observationum,
1148 2249 1190 2289 a
1228 2228 1585 2312 quibusdam
1629 2229 2058 2311 despectarum,
2105 2226 2420 2289 utilitatem

221 2330 515 2413 aliquam,
561 2350 679 2391 non
722 2337 959 2392 tantum
1002 2351 1094 2391 me
1138 2350 1343 2393 coram
1386 2337 1567 2414 atque
1609 2330 1676 2391 in
1717 2350 1802 2404 os,
1847 2328 1952 2389 sed
1991 2330 2171 2390 etiam
2215 2350 2419 2391 coram

222 2431 383 2506 aliis,
406 2451 726 2514 aynoscere
741 2439 922 2515 atque
943 2453 1204 2493 asserere
1224 2431 1427 2494 nullus
1448 2430 1812 2493 dubitaveris
1819 2453 1846 2506 ,·
1890 2430 2148 2508 Deinde,
2169 2432 2332 2515 quod
2347 2453 2420 2493 ex

222 2535 437 2618 aliqua
480 2535 896 2597 consuetudine
937 2556 1120 2619 quam
1165 2544 1436 2598 mutuam
1479 2535 1817 2611 habuimus,
1862 2534 2110 2596 consilia
2149 2535 2215 2595 in
2261 2555 2419 2596 com-

226 2657 403 2698 mune
436 2657 559 2718 pro
604 2657 923 2720 aeqrorum
974 2637 1289 2699 commodis
1336 2637 1716 2720 conserentes,
1769 2658 1874 2722 eqo
1924 2637 2129 2699 Tuum
2173 2638 2418 2719 genium

223 2739 706 2822 deprehenderim
748 2740 837 2802 ad
858 2739 1105 2804 Praxin
1132 2741 1445 2804 Medicam
1487 2743 1762 2825 apprime
1779 2742 2030 2825 factum
2047 2768 2073 2818 ‚·
2121 2742 2415 2825 quodque,

225 2845 465 2905 tametsi
491 2842 767 2904 doctrina
797 2845 987 2906 omnis
1012 2845 1249 2926 qeneris
1277 2843 1656 2918 inclareseas,
1702 2842 1792 2905 Te
1821 2851 2019 2906 tamen
2048 2841 2302 2904 Natura
2331 2842 2420 2904 ad

222 2966 326 3006 eas
363 2945 569 3027 potius
618 2943 976 3008 subtilitates
1025 2945 1503 3006 determinaverit
1552 2965 1706 3028 quae
1751 2966 1782 3005 e
1826 2945 2017 3027 praa-i
2058 2951 2414 3017 nascuntur,

104 3079 113 3086 ·
222 3068 406 3130 quam
428 3046 517 3108 ad
541 3049 750 3108 inanes
776 3046 1202 3128 speculationes
1217 3067 1487 3129 J—quae
1513 3045 1633 3107 duo
1661 3044 1834 3107 haud
1857 3046 2076 3106 minori
2100 3044 2416 3106 intervallo

223 3169 265 3208 a
292 3169 356 3208 se
381 3149 632 3210 invicem
674 3148 921 3223 distant,
951 3169 1137 3231 quam
1178 3150 1517 3231 sapientum
1550 3168 1646 3208 res
1689 3149 1880 3208 seriae
1907 3167 1982 3238 ac
2012 3147 2264 3207 maz-imi
2288 3166 2416 3208 mo-

223 3251 407 3316 menti
444 3271 486 3311 a
522 3249 913 3334 puerulorum
959 3250 1099 3313 ludo
1140 3271 1217 3312 ac
1259 3249 1601 3332 crepundiis
1637 3249 2150 3323 disterminantur,
2183 3255 2242 3309 et
2268 3246 2415 3329 for·
2465 3322 2478 3332 ,

225 3361 383 3416 tasse
424 3350 578 3436 (nisi
617 3374 709 3415 me
732 3353 927 3436 fallit
966 3353 1292 3416 observatio
1320 3349 1505 3436 mea,)
1522 3372 1785 3436 perraro
1829 3353 1893 3412 in
1934 3352 2135 3414 eodem
2162 3351 2416 3432 suffecto

224 3456 593 3518 conveniunt.
714 3455 889 3532 Quae
947 3456 1090 3519 Tua
1133 3457 1457 3542 saqacitas,
1488 3457 1717 3538 juncta
1755 3457 2192 3537 opportunitati
2231 3475 2415 3539 quam

237 3549 381 3619 Tibi
424 3557 831 3640 suppeditavit
872 3559 1079 3641 ingens
1128 3557 1616 3622 medicandorum
1663 3559 1835 3640 copia
1884 3558 1973 3620 ad
2018 3560 2415 3642 eagperimenta

223 3657 597 3733 stabilienda,
662 3658 751 3719 Te
804 3659 893 3721 ad
933 3663 1103 3722 Artis
1148 3668 1387 3723 nostrae
1412 3658 1744 3744 fastiqium
1789 3661 1974 3722 evexit
1992 3688 2018 3736 ,-
2076 3669 2136 3722 et
2182 3681 2416 3722 morum

224 3763 475 3824 comitas
502 3782 708 3823 versus
735 3784 931 3825 omnes
959 3763 1133 3826 haud
1157 3763 1426 3846 vulqaris
1452 3765 1957 3841 existimationem,
1989 3786 2171 3848 quam
2201 3773 2416 3828 nactus

225 3882 303 3936 es,
316 3861 517 3942 facile
546 3863 821 3928 tuebitur.
883 3864 959 3926 Si
985 3885 1141 3949 quae
1168 3865 1296 3926 heic
1322 3865 1596 3939 disserui,
1629 3885 1813 3949 neque
1857 3865 2015 3939 Tibi,
2047 3866 2149 3926 cui
2171 3867 2293 3928 ista
2321 3867 2416 3928 in-

223 3962 434 4037 scribo,
466 3983 575 4025 nec
592 3965 815 4047 paucis
842 3965 981 4040 illis,
1013 3975 1084 4027 at
1121 3975 1421 4049 spectatae
1438 3967 1764 4049 probitatis
1806 3968 1972 4041 viris,
2004 3985 2152 4048 quos
2193 3968 2416 4026 amicos

224 4064 425 4140 habeo,
455 4067 601 4127 vitio
640 4065 785 4128 dari
813 4069 1067 4151 possint,
1099 4068 1271 4130 haud
1309 4068 1561 4131 multum
1601 4069 1753 4130 alios
1780 4067 2075 4141 morabor,
2110 4067 2220 4149 qui
2244 4065 2416 4128 nulla

224 4166 351 4228 alia
379 4168 453 4229 de
480 4189 668 4231 causa
698 4169 849 4231 mihi
872 4171 1262 4252 infensissimi
1286 4179 1444 4246 sunt,
1476 4173 1600 4242 nisi
1624 4171 1786 4255 quod
1809 4170 1988 4232 aliter
2015 4177 2138 4231 tam
2168 4168 2242 4229 de
2269 4168 2417 4250 ipsis

222 4269 439 4332 morbis
467 4292 651 4354 quam
695 4272 768 4334 de
808 4295 1010 4336 eorum
1056 4275 1464 4338 curationibus
1497 4277 1770 4350 sentiam,
1804 4281 1983 4357 atque
2011 4272 2102 4336 illi
2134 4275 2410 4334 sentiant.

235 4370 417 4447 Quod
457 4382 527 4435 ut
560 4376 649 4437 ita
694 4397 811 4439 non
832 4377 1041 4456 fleret,
1063 4399 1248 4461 penes
1289 4399 1381 4440 me
1416 4377 1582 4440 nullo
1625 4378 1798 4439 modo
1811 4378 1954 4459 fuit
1970 4405 1997 4453 ‚·
2041 4376 2286 4461 quando
2327 4377 2414 4438 sic
