3138 5006
654 267 792 332 340.
1282 267 1676 335 ἸῊΟΜΑΕ
1723 268 2246 335 SYDENHAM

350 443 436 491 D:
461 442 631 491 vnu-
659 427 835 509 aegri
856 426 1034 491 alvus
1062 426 1393 511 hucusque
1420 434 1497 492 ut
1518 428 1870 512 plurimum
1899 429 2223 509 adstricta,
2243 428 2651 513 pustularum
2675 450 2872 513 erup-

348 521 474 618 ⁰52
482 508 635 619 gg*
658 528 924 609 tionem,
978 550 1187 593 seram
1245 529 1415 609 licet,
1470 539 1714 595 certam
1763 538 1986 596 tamen
2043 531 2180 596 fore
2231 531 2564 615 spondeat.
2653 532 2780 595 Ast
2831 552 2876 595 e

354 640 637 707 ῙΠἮ-
659 632 1000 710 contrariO,
1041 637 1199 715 quot
1250 632 1603 716 quantique
1648 633 1828 698 letho
1869 640 2096 717 patent
2140 633 2374 712 aditus,
2421 634 2671 718 quoties
2715 654 2874 717 pus-

351 724 554 834 {lulssl’u
584 735 835 798 tulae
897 734 1347 818 intempestive
1412 741 1477 799 et
1540 735 1744 800 nimio
1802 757 1992 820 opere
2057 736 2441 819 exiguntur!
2563 736 2872 818 Longum

350 740 633 965 1»ιὲξὲΞὲ
660 840 825 1007 ἒοιὲθῒ
864 861 1153 1021 otpnneslo
1122 860 1529 923 percurrere3
1567 840 1943 1006 Ρέἳιῗὶριιοε
1973 841 2119 1007 ἔξω
2146 838 2665 1005 ἱῃέιιέτανίωιιεε
2714 844 2874 901 sunt

661 965 746 1009 au
776 964 879 1007 em
1200 943 1479 1007 nimium
1528 964 1616 1006 au
1810 962 1975 1005 exan
2053 962 2196 1006 ema
2381 960 2716 1019 numerus,
2765 940 2878 1002 cui

661 1068 739 1111 ex
778 1066 982 1129 aequo
1024 1045 1368 1129 respondet
1409 1045 1607 1109 febris
1649 1045 1898 1109 ultimis
1941 1045 2172 1109 diebus
2215 1042 2617 1109 succedentis
2658 1044 2874 1127 majus

659 1150 954 1215 minusve
992 1149 1372 1227 discrimen3
1434 1152 1524 1212 2⁰.
1573 1148 1806 1213 mictus
1851 1148 2246 1230 sanguineus
2285 1153 2352 1211 et
2389 1145 2680 1211 maculae
2719 1165 2873 1227 pur-

660 1272 916 1338 pureae,
977 1274 1252 1337 quorum
1294 1258 1646 1335 utrumque
1701 1251 1783 1316 ab
1828 1256 2226 1315 extravasato
2271 1247 2587 1331 sanguine
2645 1247 2876 1325 oritur,

662 1358 773 1441 qui
816 1355 960 1440 plus
998 1356 1177 1440 justo
1214 1361 1590 1418 attenuatus
1629 1361 1694 1419 et
1736 1354 1919 1437 quasi
1953 1374 2110 1437 prae
2149 1358 2334 1417 aestu
2369 1350 2701 1429 ferociens,
2743 1349 2876 1412 dis-

661 1460 869 1544 ruptis
925 1480 1221 1525 vasorum
1278 1456 1620 1541 repagulis,
1687 1461 1728 1491 “
1749 1478 1877 1540 qua
1935 1455 2088 1519 data
2143 1460 2347 1538 porta,
2397 1452 2574 1517 ruit’'
2653 1450 2878 1536 [Virg.

660 1568 818 1629 Aen.
841 1565 886 1628 i.
912 1562 1089 1645 83.];
1134 1563 1224 1625 3⁰.
1245 1567 1323 1627 ut
1352 1581 1547 1643 supra
1566 1560 1635 1645 [§
1661 1558 1795 1640 15.]
1815 1558 2062 1622 dictum
2093 1563 2210 1636 est,
2234 1555 2492 1619 debitae
2514 1553 2874 1637 eruptionis

662 1666 1021 1751 suppressio
1058 1664 1295 1741 totalis,
1328 1684 1367 1726 a
1407 1661 1603 1727 nimis
1643 1660 1865 1727 sedulo
1906 1659 1979 1723 in
2018 1656 2497 1743 praecipitanda
2533 1656 2873 1739 eruptione

662 1768 1036 1845 conamine3
1098 1787 1225 1849 quo
1268 1785 1403 1828 non
1444 1763 1653 1847 magis
1691 1783 1919 1846 scopus
1960 1762 2220 1825 Medico
2263 1759 2626 1844 propositus
2671 1757 2870 1822 attin-

665 1870 858 1959 gitur,
900 1890 1093 1955 quam
1138 1868 1193 1931 si
1224 1866 1366 1951 quis
1401 1866 1470 1929 id
1514 1886 1714 1949 agens
1750 1871 1826 1930 ut
1866 1866 2066 1932 densa
2101 1864 2442 1930 hominum
2479 1862 2696 1941 turba,
2727 1882 2871 1945 spa-

662 1970 844 2037 tiosis
884 1970 1147 2034 aedibus
1184 1969 1452 2047 inclusa,
1493 1968 1778 2032 seriatim
1809 1975 1875 2032 et
1913 1975 2161 2033 servato
2199 1967 2424 2032 ordine
2451 1964 2606 2030 inde
2641 1966 2870 2045 exiret,

664 2072 966 2161 machina
992 2071 1328 2136 chartacea
1352 2070 1536 2156 pyrio
1563 2070 1824 2154 pulvere
1858 2070 2094 2138 referta
2131 2090 2205 2134 ac
2233 2072 2304 2133 in
2341 2070 2555 2135 medio
2587 2069 2874 2153 displosa

663 2196 868 2259 usque
920 2174 1079 2239 adeo
1122 2194 1345 2238 omnes
1394 2173 1789 2257 percelleret,
1831 2179 1904 2237 ut
1950 2172 2220 2254 singulis
2265 2170 2346 2235 ad
2389 2177 2644 2254 portam
2689 2170 2872 2233 omni

665 2294 785 2359 ope
836 2274 1398 2354 contendentibus,
1449 2274 1845 2358 proindeque
1895 2274 2254 2357 constipato
2307 2273 2566 2357 agmine
2605 2274 2680 2337 in
2728 2273 2874 2356 ejus

664 2377 955 2449 faucibus
997 2376 1326 2455 haerente,
1366 2377 1576 2440 exitus
1614 2376 1944 2455 universis,
1986 2376 2168 2461 quasi
2211 2396 2416 2440 cuneo
2454 2376 2645 2456 fact0,
2685 2396 2872 2459 prae-

665 2480 1049 2548 cluderetur.
2379 2470 2384 2475 ⁸

756 2581 924 2670 [20]
982 2585 1025 2648 J
1026 2607 1131 2649 am
1172 2585 1226 2648 si
1262 2585 1405 2669 quis
1444 2592 1648 2668 roget,
1687 2607 1994 2670 quorsum
2033 2585 2254 2650 debita
2289 2584 2598 2650 materiae
2636 2586 2876 2650 Vario-

665 2684 837 2754 losae
882 2687 1196 2773 separatio
1238 2708 1373 2751 non
1422 2686 1690 2770 perinde
1733 2688 1957 2772 primis
2007 2688 2184 2752 hisce
2235 2687 2464 2753 diebus
2510 2687 2878 2771 promoveri

664 2787 885 2874 possit,
940 2789 994 2852 si
1046 2809 1235 2872 aeger
1280 2790 1613 2854 moderato
1662 2789 1886 2853 lectuli
1936 2790 2144 2853 calore
2189 2789 2500 2870 foveatur,
2551 2811 2625 2854 ac
2671 2791 2728 2854 si
2789 2791 2875 2856 ab

358 2903 499 2952 Lecti
512 2901 643 2951 calor
668 2889 893 2958 eodem
924 2898 1259 2969 arceatur3
1306 2891 1676 2955 sciscitabor
1713 2911 1834 2974 ego
1874 2912 1954 2954 ex
1994 2891 2278 2970 advers0,
2311 2914 2396 2956 an
2423 2913 2560 2957 non
2587 2899 2878 2958 testetur

360 2974 585 3031 quantun.
668 2991 1078 3074 experientia,
1110 2992 1461 3077 quemlibet
1489 2993 1658 3062 lecto
1696 2993 2021 3060 inclusum
2057 2999 2346 3078 tempore
2374 2994 2672 3073 brumali,
2703 3003 2878 3060 m

667 3095 835 3178 gulis
864 3094 1114 3160 modice
1142 3101 1532 3174 contectum,
1554 3094 1698 3159 foco
1723 3116 1859 3160 non
1881 3115 2166 3172 accenso,
2189 3097 2398 3180 magis
2418 3097 2878 3180 pei-calescere,

667 3217 862 3280 quam
892 3197 947 3259 si
974 3196 1147 3264 idem
1174 3198 1373 3280 probe
1400 3199 1671 3262 vestitus
1713 3198 1786 3260 in
1825 3198 2052 3263 eodem
2089 3200 2384 3266 cubiculo
2415 3207 2598 3265 extra
2624 3201 2880 3266 lectum

665 3304 973 3362 versetur.
1066 3297 1315 3362 Quodsi
1358 3300 1439 3363 de
1482 3299 1848 3365 differentia
1890 3302 2164 3365 notabili
2207 3303 2362 3367 satis
2405 3310 2675 3382 constet,
2705 3310 2882 3370 tune

670 3400 791 3463 erit
822 3399 1281 3483 quaerendum,
1314 3421 1632 3484 quaenam
1662 3422 1740 3466 ex
1768 3402 1870 3465 his
1901 3403 2222 3468 methodis
2251 3404 2457 3487 magis
2488 3411 2641 3488 apta
2668 3405 2755 3470 sit
2785 3407 2884 3471 ad

668 3501 1143 3584 reprimendam
1188 3503 1649 3567 exuberantem
1695 3502 1998 3569 fermenti
2041 3504 2360 3572 Variolosi
2406 3506 2880 3590 agitationem3

669 3602 754 3666 ad
782 3624 973 3686 quam
1005 3611 1246 3669 metam
1280 3605 1358 3686 (si
1390 3605 1544 3688 quid
1574 3612 1797 3672 nostra
1835 3607 2241 3674 mediocritas
2264 3609 2617 3692 judicando
2644 3609 2876 3694 valet)

670 3727 709 3769 a
748 3705 1027 3784 Medico,
1068 3705 1416 3789 incipiente
1456 3707 1702 3786 morb0,
1743 3709 2081 3791 praecipue
2120 3709 2577 3774 collimandum
2617 3717 2753 3790 est3
2803 3721 2882 3776 et

668 3815 862 3892 prout
905 3809 987 3872 ab
1027 3809 1251 3873 eadem
1284 3810 1429 3892 plus
1470 3810 1765 3875 minusve
1803 3811 1859 3874 is
1905 3812 2310 3892 aberraverit,
2349 3813 2445 3877 ita
2487 3835 2636 3878 cum
2679 3815 2884 3883 malis

667 3913 932 3977 bonisve
963 3912 1139 3995 aegri
1165 3912 1359 3976 rebus
1387 3912 1777 3977 medicinam
1802 3913 2048 3979 fecerit.

766 4015 933 4100 [21.]
990 4014 1468 4079 Incautioribus
1496 4015 1565 4079 id
1594 4036 1744 4080 vero
1771 4015 2151 4100 praesertim
2178 4016 2300 4080 hac
2338 4016 2408 4080 in
2439 4037 2508 4082 re
2537 4016 2893 4099 imposuit„

670 4117 841 4202 quod
870 4117 1109 4184 scilicet
1139 4116 1706 4182 animadverterint
1751 4137 2016 4200 aegrum
2056 4123 2282 4200 suapte
2315 4123 2544 4200 sponte
2573 4116 2644 4180 in
2675 4117 2882 4182 sudo-

666 4243 770 4289 res
799 4221 1158 4304 proclivem,
1192 4219 1305 4303 qui
1348 4241 1497 4284 cum
1533 4218 1780 4303 jugiter
1821 4225 2182 4298 manarent,
2215 4218 2464 4302 quoties
2506 4218 2676 4282 lecto
2713 4239 2882 4282 con-

667 4323 987 4387 tineretur
1017 4343 1224 4404 aeger,
1256 4327 1469 4385 aestus
1498 4319 1753 4384 febriles
1782 4319 1959 4383 haud
1988 4341 2218 4403 parum
2245 4319 2648 4399 minuebant,
2683 4341 2882 4385 secus

669 4443 741 4490 ac
788 4422 858 4486 in
900 4423 978 4488 iis
1024 4423 1133 4507 qui
1174 4443 1306 4489 non
1351 4421 1689 4490 sudabant.
1781 4422 2076 4487 Primum
2127 4429 2346 4512 autem
2389 4422 2880 4508 perpendamus
