3138 5006
456 293 1249 360 OBSERVATIONUM
1297 285 1869 359 MEDICARUM
1917 310 2015 364 IV.
2051 314 2106 376 2,
2140 317 2191 366 3.
2327 287 2452 361 16'7

236 461 425 518 'rente
445 462 845 519 eoautumno
864 455 1304 540 Dysenterias,
1319 476 1483 538 quae
1502 439 2450 538 cumiisdemingrediebantur,
2501 469 2740 521 Dareum.

238 557 605 640 aequabant
648 578 943 635 numeru,
982 579 1069 621 ne
1117 559 1327 622 dicam
1366 558 1811 640 exuperabant.
1902 558 2126 622 Febris
2164 579 2344 622 nunc
2372 559 2450 622 iis
2479 535 2756 650 4232?

238 660 529 738 accessit,
558 680 737 724 nunc
774 659 1015 723 aberat.
1063 660 1601 744 Dysenteriarum
1634 680 1750 743 per
1778 660 1846 724 id
1875 665 2132 743 tempus
2150 682 2448 743 grassan-
2465 667 2742 745 W

234 761 406 826 tium
428 762 819 827 torminibus
842 763 1018 827 dicta
1036 764 1279 827 ventris
1308 764 1617 827 'Permina
1637 763 1903 827 omnino
1932 763 2408 846 respondebant
2425 790 2445 842 3
2472 767 2646 871 natu?
2665 777 2757 838 ¹¹50

238 865 639 929 atrocissima
674 887 911 950 nempe
949 866 1109 930 haec
1154 872 1361 943 erant,
1403 873 1469 929 et
1512 887 1630 949 per
1672 865 2011 929 intervalla
2048 866 2442 944 cruciabant,
2471 837 2738 936 Ῐῃυέὃιὲἆῖω

235 966 456 1030 nuJJae
519 987 669 1031 vero
746 967 1184 1051 sequebantur
1253 967 1642 1051 dejectiones
1710 967 1812 1030 vel
1887 974 2276 1033 stercorosae
2343 968 2444 1032 vel
2470 952 2758 1077 333}ssssssss

236 1089 556 1133 mucosae.
646 1069 797 1132 Pari
824 1090 1020 1152 passu
1058 1091 1209 1133 cum
1238 1069 1644 1156 Dysenteriis
1683 1090 1800 1152 per
1839 1076 2231 1133 autumnum
2265 1070 2444 1135 hunc
2468 1078 2512 1125 is
2534 1080 2738 1128 disside-

236 1191 499 1234 omnem
529 1171 981 1255 procedebant,
1012 1171 1127 1235 sed
1174 1171 1272 1253 (ut
1308 1171 1446 1255 jam
1487 1172 1572 1256 [c.
1600 1174 1658 1234 1.
1686 1174 1721 1257 ᾧ
1751 1170 1840 1255 1.]
1897 1171 2274 1254 docuimus)
2309 1195 2444 1238 non
2469 1143 2598 1191 bant.

234 1292 388 1336 cum
434 1273 663 1336 iisdem
709 1293 827 1356 per
872 1294 1079 1337 anuos
1128 1279 1468 1356 sequentes
1519 1273 1716 1357 hujus
1765 1273 2263 1338 Constitutionis
2311 1275 2442 1358 epi-

236 1372 485 1438 demice
524 1374 798 1458 amplius
841 1374 1254 1439 invadebant.
1368 1375 1535 1438 Cum
1582 1395 1730 1439 vero
1769 1373 2076 1439 Tormina
2107 1375 2267 1439 haec
2295 1376 2441 1440 sine

234 1475 703 1560 dejectionibus
742 1498 953 1560 neque
981 1485 1219 1541 natura
1248 1499 1382 1555 sua,
1413 1498 1626 1560 neque
1655 1476 1767 1540 illa
1796 1498 1924 1559 qua
1963 1477 2442 1561 promptissime

234 1579 656 1662 ‘sopiebantur
677 1578 999 1658 method0,
1027 1601 1067 1642 a
1087 1579 1491 1663 Dysenteriis
1515 1579 1799 1642 multum
1822 1579 2194 1659 dissideant,
2220 1579 2299 1642 ad
2322 1579 2440 1643 has

234 1700 343 1743 me
372 1681 655 1745 confero,

336 1782 459 1865 [2.]
500 1783 947 1847 Animadverti
975 1781 1277 1847 morbum
1304 1783 1499 1861 hunc,
1525 1783 1626 1846 uti
1655 1804 1851 1862 nunc,
1881 1784 1976 1848 ita
2001 1783 2135 1846 fere
2166 1803 2435 1867 semper,
2461 1789 2755 1856 Dysenteria

2463 1860 2689 1907 autumni

234 1885 537 1948 autumni
570 1884 759 1950 initio
794 1885 1095 1949 invadere
1132 1885 1355 1963 solere,
1386 1892 1454 1948 et
1493 1885 2035 1969 appropinquanti
2069 1885 2287 1968 hyemi
2322 1905 2438 1968 pro
2463 1923 2603 1971 initio
2626 1924 2748 1972 solet

230 1993 526 2068 tempore
555 1987 800 2052 cedere.
893 1988 1061 2051 Cum
1089 2007 1239 2051 vero
1270 2008 1590 2052 annorum
1622 1989 1814 2051 series
1850 1987 2057 2050 eidem
2088 1986 2438 2070 epidemice
2463 1988 2706 2065 invadere,

232 2089 649 2172 producendo
676 2090 953 2153 nimium
981 2090 1421 2168 faveat,unum
1454 2091 1805 2154 alterumve
1835 2089 2032 2153 etiam
2063 2089 2283 2173 quovis
2314 2089 2438 2152 alio
2463 2067 2718 2178 {megm-

232 2197 525 2274 tempore
567 2199 781 2275 potest
822 2192 1051 2269 ferire3
1116 2193 1275 2274 quin
1320 2199 1385 2256 et
1431 2192 1602 2256 circa
1643 2193 1806 2256 veris
1849 2193 2232 2273 ingressum,
2271 2191 2438 2256 forte
2463 2180 2730 2291 331³?er-

235 2292 437 2356 etiam
464 2293 801 2372 maturius,
838 2293 917 2375 (si
944 2314 1181 2376 nempe
1211 2315 1369 2356 aura
1406 2294 1672 2357 calidior
1699 2293 2257 2378 intemperantiori
2287 2293 2441 2376 gelu
2465 2260 2688 2370 tempgre.

235 2393 587 2480 derepente
624 2396 835 2459 soluto
864 2417 1015 2458 mox
1044 2396 1528 2478 supervenerit,)
1562 2395 1779 2479 plures
1809 2397 2054 2478 aliquot
2080 2396 2434 2460 incessere:

229 2498 433 2576 unde,
463 2499 764 2581 perpauci
792 2499 943 2563 licet
973 2498 1219 2562 fuerint
1248 2499 1364 2584 qui
1403 2497 1526 2562 hoc
1556 2497 1985 2582 corripiantur
2011 2498 2258 2578 morbo,
2289 2520 2439 2563 cum

229 2599 491 2665 tament
515 2601 582 2663 id
603 2609 892 2684 tempore
920 2602 1015 2664 ita
1032 2601 1245 2665 alieno
1274 2602 1633 2684 contingat,
1659 2602 1814 2665 satis
1845 2602 1977 2665 scio
1993 2602 2170 2664 illam
2200 2601 2436 2665 consti-

230 2702 558 2767 tutionem
606 2703 786 2767 haud
828 2704 1235 2768 mediocriter
1284 2704 1437 2767 huic
1488 2704 1714 2767 morbo
1767 2704 2122 2786 suffragari.
2215 2705 2435 2789 Atque

230 2805 330 2871 ita
370 2825 437 2868 se
480 2826 582 2869 res
625 2805 856 2869 habuit
892 2827 1007 2889 per
1046 2827 1154 2869 eos
1196 2826 1400 2869 annos
1443 2805 1676 2888 quibus
1707 2806 2132 2889 Dysenteriae
2174 2805 2270 2868 ita
2306 2806 2437 2868 late

234 2905 831 2990 depopulabantur3
896 2908 1281 2989 quandoque
1328 2908 1503 2970 enim
1556 2907 1726 2970 circa
1781 2907 1978 2969 finem
2025 2906 2274 2989 hyemis
2323 2914 2435 2968 aut

230 3009 399 3073 veris
441 3009 703 3074 initium
748 3010 871 3091 (uti
923 3009 1010 3093 [c.
1055 3009 1145 3093 1.]
1195 3010 1485 3092 dictum,)
1526 3009 1634 3072 hic
1669 3007 1935 3071 morbus
1963 3006 2141 3069 hunc
2173 3006 2436 3070 illumve

230 3111 526 3175 vexabat.

328 3213 452 3297 [3.]
506 3214 706 3278 Nunc
745 3236 895 3277 cum
932 3212 1143 3297 rigore
1171 3214 1560 3296 horroreque
1598 3208 1973 3297 aggreditur
2008 3212 2116 3276 hic
2145 3211 2427 3291 morbus,
2455 3226 2698 3303 bysente-

229 3337 395 3398 quos
440 3317 730 3399 sequitur
770 3316 972 3380 totius
1017 3316 1296 3399 corporis
1340 3317 1530 3394 calor,
1578 3317 1677 3398 (ut
1719 3316 1791 3378 in
1833 3314 2120 3379 febribus
2165 3314 2429 3378 solenne
2453 3293 2664 3419 22inss

226 3416 377 3497 est,)
420 3425 613 3501 atque
646 3418 823 3481 hunc
860 3418 1038 3482 brevi
1076 3426 1221 3501 post
1258 3418 1501 3481 ventris
1541 3418 1842 3496 tormina,
1878 3417 2006 3480 ista
2039 3437 2189 3480 vero
2224 3416 2429 3500 dejec-

222 3520 465 3583 tiones.
558 3520 763 3606 Saepe
798 3542 947 3583 vero
976 3520 1159 3583 nulla
1196 3520 1521 3584 antecedit
1554 3520 1752 3584 febris
1781 3519 2164 3603 praesensio,
2197 3540 2430 3601 agmen

226 3629 455 3685 autem
500 3622 749 3686 ducunt
782 3622 1084 3700 tormina,
1133 3622 1519 3705 dejectiones
1556 3622 2060 3705 subsequuntur.
2165 3621 2432 3703 Semper

222 3732 454 3787 tamen
485 3724 667 3787 adest
700 3724 932 3807 ingens
972 3725 1295 3789 cruciatus
1330 3733 1395 3789 et
1428 3726 1886 3789 intestinorum
1926 3724 2248 3807 depressio
2281 3745 2432 3787 cum

224 3826 455 3890 dolore
495 3826 744 3909 quoties
785 3835 1171 3891 exoneratur
1211 3828 1408 3905 alvus,
1440 3847 1592 3890 cum
1629 3826 1870 3891 crebris
1908 3826 2135 3890 itidem
2172 3826 2430 3910 dejecti-

224 3926 488 4004 onibus,
540 3934 607 3991 et
657 3928 1109 3993 molestissimo
1158 3929 1477 3993 viscerum
1526 3930 1817 3993 omnium
1869 3929 2052 4012 quasi
2098 3928 2428 3991 descensu.

224 4030 645 4113 Dejectiones
685 4051 983 4095 mucosae
1023 4039 1176 4095 sunt
1214 4053 1457 4110 omnes,
1490 4053 1623 4095 non
1665 4040 2071 4109 stercorosae,
2103 4030 2230 4093 nisi
2260 4030 2432 4111 quod

222 4153 706 4215 nonnunquam
751 4140 1102 4197 stercorosa
1150 4133 1607 4217 interponitur,
1647 4133 1842 4215 idque
1887 4133 2026 4196 sine
2071 4131 2288 4195 dolore
2331 4131 2431 4193 ina

226 4233 421 4315 signi.
514 4232 803 4298 Mucosis
841 4234 1017 4299 bisce
1058 4236 1523 4318 dejectionibus
1566 4235 2055 4298 intertexuntur
2097 4231 2432 4316 sanguinis

225 4334 551 4420 quaedam
577 4335 1008 4415 lineamenta,·
1041 4337 1425 4421 quandoque
1447 4343 1668 4401 tamen
1691 4358 1776 4400 ne
1804 4336 2148 4399 minimum
2172 4333 2432 4418 quidem

1046 4460 1067 4491 f
1096 4460 1273 4525 tamen]
1299 4477 1393 4513 om.
1418 4463 1493 4511 cd.
1517 4462 1617 4513 ³76.
