3138 5006
594 273 731 338 228
1210 274 1606 342 THOMAE
1654 271 2168 343 SYDENHAM

338 441 537 492 'russas
597 433 915 497 exercitiis
946 441 1237 499 uteretur
1278 438 1644 517 moderatiS,
1677 445 1742 502 et
1773 439 2099 502 frueretur
2143 457 2300 501 aura
2324 435 2646 513 liberiore,
2667 436 2798 519 pti-

288 507 570 622 Αἳᾞῗῗῗὲ,
598 557 820 600 sanam
848 537 1234 620 pectoralem
1262 541 1750 623 refrigerantem
1785 541 2060 604 subinde
2093 540 2416 603 hauriens.
2511 540 2801 603 Sufficie-

290 667 338 706 et
361 663 550 723 ptisana
596 639 757 702 bant
799 639 1107 704 nimirum
1148 643 1423 725 paucula
1466 644 1624 707 haec
1663 650 1730 707 et
1765 644 1850 707 ad
1887 643 2140 706 Tussim
2182 642 2688 726 perdomandam
2731 649 2800 706 et

286 727 575 838 ffiss‘ffin·
596 744 848 823 febrim,
902 747 1150 830 aliaque
1202 753 1650 830 symptomata,
1698 757 1863 829 quae
1911 746 2088 809 illam
2139 744 2434 809 comitari
2483 745 2798 824 solebant,

286 859 349 908 te,
369 805 571 902 effaba-
597 849 1098 930 praevenienda:
1146 849 1311 912 sicut
1358 850 1533 912 enim
1575 848 1966 912 abstinentia
2009 869 2048 910 a
2089 846 2387 910 carnibus
2433 853 2499 910 et
2537 847 2816 930 liquori--

284 923 379 966 tur.
595 950 719 1014 bus
750 952 1122 1034 spirituosiS,
1152 959 1297 1015 tum
1336 951 1532 1015 etiam
1575 951 2094 1034 refrigerantium
2123 971 2267 1027 usu,
2296 950 2392 1012 ita
2429 956 2802 1032 contempe-

596 1052 860 1116 rabatur
889 1055 1149 1136 sanguis
1170 1061 1248 1116 ut
1274 1053 1680 1136 impressioni
1699 1052 1910 1117 febrili
1936 1052 2216 1135 ineptior
2243 1059 2448 1128 esset3
2482 1051 2578 1114 ita
2599 1052 2796 1114 etiam

596 1155 879 1218 exercitii
920 1177 1039 1239 ope
1068 1155 1309 1219 fervida
1344 1156 1457 1219 illa
1486 1154 1818 1238 sanguinis
1863 1155 2130 1232 effluvia,
2162 1173 2345 1235 quae,
2381 1153 2628 1236 quoties
2657 1174 2796 1216 cor-

594 1261 767 1344 poris
786 1262 929 1344 pori
957 1283 995 1325 a
1020 1262 1359 1345 repentino
1382 1262 1620 1344 frigore
1641 1260 2146 1338 occluderentur,
2169 1261 2344 1323 intro
2367 1267 2511 1323 acta
2537 1261 2795 1322 Tussim

596 1363 981 1442 excitabant,
1026 1365 1130 1428 via
1179 1362 1301 1426 sibi
1350 1363 1632 1427 naturali
1677 1384 1750 1426 ac
1802 1364 2084 1445 genuina
2131 1364 2518 1428 exhalabant
2565 1385 2794 1447 oppor-

592 1466 837 1544 tumus,
868 1475 933 1532 et
964 1489 1111 1532 cum
1139 1466 1325 1530 bonis
1354 1467 1530 1548 aegri
1558 1466 1752 1529 rebus
1783 1466 2210 1530 difflabantur.

290 1585 395 1660 Nep
411 1599 517 1631 nar.
687 1565 813 1653 [5.]
862 1568 1115 1632 Tussim
1146 1568 1315 1651 quod
1356 1568 1686 1651 spectabat
1713 1568 2080 1646 sedandam,
2112 1568 2290 1632 haud
2317 1568 2580 1633 vacabat
2623 1571 2804 1653 peri-·

287 1656 454 1704 ⁰⁰²¹⁰⁸⁹
595 1661 739 1733 culo
768 1671 1105 1734 narcoticis
1136 1677 1328 1753 atque
1352 1670 1663 1754 anodym's
1694 1669 1869 1732 illam
1893 1671 2190 1752 aggredi3
2235 1691 2359 1734 nee
2379 1671 2594 1734 minus
2623 1673 2791 1754 peri-

286 1795 377 1828 nec
394 1782 545 1860 liqqo-
593 1773 955 1851 ditabatur,
1002 1773 1057 1836 si
1108 1774 1249 1857 quis
1306 1773 1658 1856 liquoribus
1711 1773 2066 1855 spirituosis
2115 1773 2463 1857 calidisque
2515 1774 2794 1837 medica-

287 1860 439 1966 {1⁸22ss
440 1863 524 1894 m·
594 1874 831 1936 mentis
858 1874 1033 1938 idem
1053 1875 1405 1952 moliretur,
1430 1895 1599 1952 cum,
1621 1880 1896 1956 utroque
1925 1875 2116 1938 modo
2133 1875 2446 1940 inviscata
2466 1883 2658 1960 atque
2687 1877 2802 1939 in-·

595 1976 825 2041 durata
853 1977 1069 2040 Tussis
1104 1977 1391 2054 materia,
1422 1976 1660 2039 halitus
1701 1975 1830 2053 isti,
1864 1977 1972 2059 qui
2001 1998 2042 2040 a
2079 1977 2393 2059 sanguine
2425 1977 2672 2060 placide
2715 1999 2793 2041 ac

594 2081 830 2143 sensim
860 2080 1259 2145 discedentes
1286 2078 1616 2142 tussiendo
1643 2078 1714 2140 in
1745 2099 1930 2141 auras
1959 2084 2427 2154 evanescerent,
2451 2079 2588 2161 jam
2612 2077 2792 2140 exitu

592 2190 848 2265 negato,
892 2184 963 2245 in
1015 2183 1256 2247 cruoris
1312 2205 1523 2246 massa
1572 2182 1884 2266 praeclusi
1926 2183 2158 2246 febrim
2208 2182 2450 2245 ibidem
2508 2182 2786 2245 ciebant.

590 2287 809 2366 Atque
838 2283 961 2346 hoc
1004 2305 1461 2366 saepenumero
1496 2305 1632 2348 non
1669 2284 1888 2367 paucis
1919 2305 1954 2348 e
1981 2285 2174 2367 vulgo
2215 2283 2790 2348 inconsultioribus

590 2386 863 2468 pessime
900 2385 1106 2464 cessit,
1140 2387 1267 2469 qui,
1306 2381 1455 2449 cum
1500 2385 1732 2468 spiritu
1773 2386 1907 2448 vini
1943 2388 2226 2451 ustulato
2262 2387 2528 2471 aliisque
2566 2386 2794 2450 calidis

586 2487 939 2571 liquoribus
962 2479 1147 2553 Tussi
1178 2488 1423 2553 obicem
1444 2510 1683 2571 ponere
1713 2489 2094 2567 niterentur,
2119 2490 2384 2554 affectus
2419 2488 2788 2573 pleuriticos

588 2601 653 2655 et
702 2592 835 2676 peri
841 2592 1296 2675 pneumonicos
1347 2592 1728 2669 invitabant,
1775 2598 1970 2675 atque
2027 2594 2256 2657 insana
2304 2594 2426 2656 hac
2473 2592 2790 2676 sapientia

587 2694 887 2757 morbum
916 2716 1032 2758 sua
1059 2680 1293 2758 natura
1319 2695 1708 2759 levissimum
1739 2704 1804 2759 et
1832 2695 2018 2759 facile
2057 2694 2408 2759 sanabilem
2435 2696 2507 2758 in
2533 2695 2790 2778 pericu·

282 2832 371 2865 nec
394 2818 494 2865 dia·
588 2795 798 2860 losum
827 2818 901 2861 ac
934 2818 1125 2881 saepe
1160 2784 1465 2861 lethalem
1498 2797 2064 2861 transformabant.
2153 2798 2298 2861 Nec
2323 2798 2539 2861 minus
2578 2797 2786 2860 hallu-

317 2882 544 2995 fg'ffi‘tffa’
591 2898 975 2963 cinabantur
1010 2901 1179 2983 (licet
1218 2900 1421 2983 magis
1451 2920 1600 2963 cum
1629 2901 1878 2964 ratione
1915 2899 2196 2963 insanire
2223 2900 2635 2981 viderentur,)
2673 2900 2784 2982 qui

275 3013 555 3074 usurpaban
568 3004 943 3084 -provocatis
1004 3003 1340 3067 sudoribus
1397 3003 1606 3067 morbi
1663 3024 1920 3067 causam
1973 3001 2398 3065 exterminare
2444 2998 2784 3077 volebant3

280 3078 545 3188 ἓξὲξ·
593 3106 879 3187 quamvis
910 3106 1083 3168 enim
1126 3126 1260 3168 non
1291 3105 1696 3183 diffiteamur,
1729 3105 1992 3168 sudores
2039 3110 2266 3186 sponte
2295 3110 2784 3186 prorumpentes

280 3205 482 3262 tussim;
588 3206 763 3268 haud
792 3226 935 3269 raro
964 3227 1116 3288 prae
1146 3208 1409 3269 caeteris
1442 3207 1930 3290 quibuscunque
1968 3205 2297 3289 praesidiis
2327 3226 2584 3268 causam
2613 3226 2789 3268 mor-

278 3278 327 3317 et
350 3284 514 3331 quare.
586 3308 841 3371 bificam
888 3308 1217 3389 expellere,
1248 3309 1451 3391 liquet
1480 3316 1721 3389 tamen,
1751 3331 1890 3387 nos,
1922 3309 2080 3372 dum
2113 3310 2184 3371 in
2213 3309 2290 3371 iis
2331 3309 2786 3392 extorquendis

588 3434 828 3490 sumus,
888 3413 1268 3495 sanguinem
1342 3413 1705 3492 incendere,
1768 3422 1834 3477 et
1908 3434 2098 3497 quem
2171 3434 2418 3477 servare
2489 3413 2790 3479 volumus,

587 3536 870 3598 aegrum,
900 3516 1076 3579 letho
1107 3516 1261 3579 dare
1284 3538 1487 3599 posse.

682 3619 804 3702 [6.]
862 3618 1265 3702 Quandoque
1292 3641 1460 3698 ver0,
1492 3642 1628 3684 non
1651 3624 1929 3685 'tantum
1967 3619 2082 3684 ubi
2126 3620 2343 3683 minus
2382 3620 2506 3683 rite
2544 3624 2798 3683 tracta--

584 3730 763 3785 retur
794 3722 1072 3799 morbus,
1100 3744 1226 3806 quo
1256 3724 1495 3787 scilieet
1526 3745 1717 3807 supra
1739 3724 2188 3807 descripsimus
2217 3723 2428 3797 modo,
2453 3724 2568 3787 sed
2585 3710 2794 3788 etiam'

582 3847 1051 3908 nonnunquam
1089 3848 1205 3889 sua
1248 3835 1495 3911 sponte,
1534 3827 1832 3910 (maxime
1875 3829 1945 3891 in
1976 3828 2446 3891 delicatioribus
2477 3849 2550 3891 ac
2578 3829 2783 3892 tenel—

584 3928 775 4010 lulis,)
812 3950 986 3991 nunc
1024 3929 1243 3991 statim
1274 3929 1354 3992 ab
1400 3930 1606 4007 initio,
1637 3951 1813 3992 nunc
1842 3936 1985 4012 post
2017 3930 2186 3993 diem
2231 3950 2439 3991 unum
2469 3935 2582 3991 aut
2625 3930 2782 3992 alte-

583 4054 750 4110 rum,
783 4032 966 4095 Tussi
1002 4030 1486 4115 superveniebat
1516 4032 1740 4096 caloris
1771 4054 1845 4095 ac
1883 4032 2135 4115 frigoris
2177 4030 2545 4095 vicissitudo
2589 4050 2781 4113 quae·-

586 4137 753 4213 dam,
785 4136 1028 4219 capitis,
1066 4136 1255 4214 dorsi,
1286 4142 1478 4219 atque
1518 4142 1776 4199 artuum
1822 4134 2017 4212 dolor,
2051 4134 2133 4197 ad
2177 4133 2438 4196 sudores
2477 4154 2788 4197 nonnun-

585 4260 777 4319 quam
821 4236 1177 4320 propensio,
1223 4243 1421 4301 noctu
1470 4236 1783 4314 maxime;
1837 4236 2022 4319 (quae
2067 4235 2286 4298 omnia
2325 4234 2567 4316 pariter
2609 4256 2781 4319 sym-

581 4346 871 4419 ptomata
890 4339 1119 4402 febrim
1144 4338 1334 4420 hujus
1358 4338 1855 4402 Constitutionis
1878 4338 2253 4421 plerumque
2276 4337 2710 4420 sequebantur
2727 4339 2772 4417 3)

584 4436 812 4519 quibus
856 4460 1042 4521 saepe
1087 4438 1557 4521 adjungebatur
1587 4439 1802 4503 lateris
1847 4440 2044 4517 dolor,
2077 4461 2544 4523 nonnunquam
2583 4440 2780 4503 etiam
