3138 5006
417 433 502 480 Dc
527 432 644 482 Lus

381 497 660 545 Vsusne&

383 1667 447 1716 In
469 1681 568 1730 quo

383 1745 500 1778 casu
519 1744 647 1778 vena

383 1793 640 1845 tundenda.

689 253 822 318 316
1303 249 1696 318 THOMAE
1745 249 2260 318 SYDENHAM

688 433 885 496 parva
925 410 1289 496 quantitate
1329 411 1533 494 possit
1559 410 1905 494 indulgeri.
2011 410 2121 474 Ad
2150 409 2795 494 contemperantiam
2820 411 2919 472 in-

689 535 882 598 super
909 513 1505 590 inflammationem,
1536 519 1605 576 et
1638 511 2070 595 mitigandum
2110 513 2403 576 ardorem
2434 513 2701 591 urinae,
2734 513 2918 576 refri-

691 623 1028 701 gerantem
1075 616 1358 699 aliquam
1407 614 1833 680 emulsionem
1876 614 1959 678 ad
2010 615 2337 697 sequentis
2379 637 2699 679 normam
2746 636 2917 679 com-

689 739 882 803 pono,
909 719 982 783 in
1009 717 1474 802 purgationum
1503 716 1854 780 interstitio
1882 716 2255 800 frequenter
2280 717 2653 800 potandam
2674 743 2793 782 :—

691 887 898 958 [Form.
925 886 1074 954 62.]0
1119 884 1183 962 R
1223 887 1498 940 Sentinum
1526 885 1826 950 Melonum,

1217 972 1550 1036 [Seminum]
1579 971 1876 1042 Peponum‚
1899 989 2003 1026 ana
2025 975 2391 1037 semiunciam,

1223 1059 1499 1112 Seminum
1526 1058 1812 1128 Papaveris
1832 1058 1957 1110 Albi
1979 1057 2257 1113 drachmas
2280 1058 2431 1122 duas,

1214 1143 1540 1215 Amygdalas
1562 1143 1741 1196 dulces
1762 1145 2109 1197 excorticatas
2131 1151 2249 1197 octo
2267 1165 2279 1206 ;

970 1229 1380 1285 contundantur
1415 1229 1573 1282 simul
1608 1229 1666 1281 in
1704 1229 1953 1281 mortario
1986 1245 2295 1293 marmoreo,
2332 1231 2531 1282 sensim
2574 1229 2916 1282 affundendo

1215 1315 1404 1383 Aquae
1430 1313 1637 1368 Hordei
1660 1313 2057 1382 sesquilibram3
2090 1314 2357 1367 celaturae
2380 1313 2521 1367 adde

1217 1399 1468 1454 Saccbari
1489 1399 1780 1469 crystallini
1804 1400 2159 1468 quantitatem
2182 1400 2563 1463 sufficientem3

972 1487 1174 1550 Misce3
1210 1487 1305 1540 fiat
1327 1484 1619 1540 secundum
1644 1491 1811 1538 artem
1834 1484 2071 1538 emulsio.

785 1643 951 1729 [19.]
1008 1645 1092 1707 In
1141 1648 1656 1726 temperamento
1714 1639 2065 1706 admodum
2122 1641 2498 1724 sanguineo,
2550 1647 2625 1704 et
2670 1642 2913 1706 affectu
2986 1663 2991 1666 ·

689 1748 1130 1833 pertinaciore,
1181 1753 1330 1830 post
1379 1767 1674 1811 mensem
1722 1745 2005 1810 catharsi
2055 1744 2300 1822 datum,
2346 1753 2463 1807 aut
2504 1743 2795 1822 circiter,
2838 1753 2913 1808 ut

688 1851 1040 1935 plurimum
1081 1849 1410 1932 sanguinis
1445 1849 1669 1912 uncias
1708 1855 1853 1912 octo
1880 1845 1985 1911 vel
2020 1867 2255 1911 novem
2294 1868 2330 1910 e
2373 1845 2645 1910 brachio
2682 1847 2915 1911 dextro

692 1951 1120 2017 detrahendas
1151 1949 1425 2029 suade03
1471 1957 1548 2014 ut
1577 1949 1890 2013 maturius
1935 1948 2296 2028 celebretur
2323 1950 2769 2013 venae-sectio
2800 1971 2910 2012 au·

689 2054 839 2119 thor
867 2074 1003 2116 non
1031 2074 1196 2130 sum,
1219 2073 1305 2114 ne
1334 2051 1456 2115 hac
1485 2049 1813 2136 προφάσει
1841 2050 2215 2133 contagium
2242 2048 2522 2132 penitius
2552 2049 2908 2114 inseratur.

693 2154 1084 2237 Injectiones
1127 2154 1198 2217 in
1242 2153 1575 2217 urethram
1618 2173 1755 2216 non
1796 2153 2020 2234 magni
2062 2151 2244 2229 facio,
2284 2159 2511 2234 utpote
2560 2173 2735 2235 quae
2780 2153 2911 2214 sive

583 2321 592 2328 ,
693 2256 1040 2320 acrimonia
1078 2275 1195 2319 sua
1235 2254 1540 2331 mordaci,
1574 2252 1703 2317 sive
1742 2253 2159 2337 stypticitate‚
2190 2272 2326 2316 non
2368 2273 2515 2316 raro
2558 2252 2779 2334 magis
2818 2252 2911 2317 of-

389 3250 639 3299 Catharsis

388 3314 470 3363 hic
492 3316 556 3362 ad
575 3316 652 3363 in·

389 3385 489 3426 star
509 3394 615 3427 om-

391 3442 530 3490 nium
551 3449 640 3491 est.

393 3520 496 3572 Qui
511 3538 657 3571 mun-

393 3586 558 3634 dificat
577 3587 662 3635 be-

389 3665 467 3707 ne,
489 3650 612 3699 bene

390 3722 542 3762 sanat.

393 3794 672 3843 Incommo-

389 3859 452 3906 da
463 3874 524 3907 cx
540 3860 682 3922 aquis

391 3923 638 3972 minerali-

389 3986 496 4042 bus,

691 2357 882 2422 ficere
925 2356 1175 2421 soleant
1221 2379 1415 2440 quam
1457 2355 1797 2439 prodesse:
1844 2361 2269 2419 veruntamen
2304 2354 2424 2419 sub
2469 2354 2683 2418 morbi
2732 2356 2914 2420 exitu

695 2479 861 2541 aqua
885 2478 1145 2523 rosacea
1170 2458 1242 2521 in
1270 2479 1477 2542 pauca
1505 2457 1870 2541 quantitate
1898 2463 2112 2541 potest
2142 2456 2341 2540 injici.

791 2560 956 2645 [20]
1013 2561 1158 2625 Hac
1192 2559 1519 2639 methodo,
1552 2580 1717 2642 quae
1762 2559 1923 2623 mihi
1965 2578 2215 2642 semper
2252 2579 2369 2642 pro
2397 2566 2549 2622 voto
2597 2558 2796 2622 cessit
2840 2558 2915 2621 in

697 2662 1118 2728 Gonorrhoea
1152 2661 1459 2739 sananda,
1491 2661 1823 2725 meliorem
1862 2660 2154 2724 nondum
2183 2661 2483 2743 comperi,
2512 2660 2803 2723 maxime
2842 2660 2914 2722 in

696 2765 773 2829 iis
813 2764 921 2849 qui
953 2764 1138 2829 facile
1175 2769 1581 2847 purgantur5
1623 2763 1697 2825 in
1739 2762 1817 2825 iis
1862 2762 2037 2825 enim
2082 2761 2190 2845 qui
2226 2768 2594 2845 purgantur
2628 2762 2913 2843 aegrius,

695 2867 962 2946 curatio,
1005 2866 1156 2931 licet
1199 2887 1535 2949 nunquam
1576 2864 1791 2943 fallax,
1834 2868 2059 2927 tamen
2099 2883 2237 2927 non
2278 2863 2405 2927 nisi
2445 2868 2592 2946 post
2633 2863 2916 2945 longum

693 2969 1002 3053 temporis
1042 2968 1320 3052 spatium
1361 2966 1711 3051 perficitur.
1800 2966 1887 3031 In
1920 2964 2023 3029 his
2056 2963 2277 3050 itaque
2316 2965 2579 3047 sanguis
2596 2976 2629 3020 Ρ
2662 2964 2915 3028 iterum

695 3072 1071 3150 mittendus,
1103 3080 1168 3135 et
1205 3070 1496 3135 acuenda
1533 3075 1690 3133 sunt
1734 3067 2105 3147 cathartica,
2135 3074 2278 3132 tum
2321 3068 2517 3131 etiam
2550 3067 2918 3150 repetenda

695 3174 966 3256 saepius,
998 3180 1193 3255 atque
1235 3173 1306 3235 in
1349 3194 1573 3236 eorum
1612 3192 1739 3235 usu
1767 3170 2011 3234 diutius
2055 3177 2154 3234 est
2196 3169 2761 3253 perseverandum,
2792 3178 2917 3232 aut

696 3272 1000 3355 clysteres
1043 3270 1238 3335 modo
1273 3272 1413 3356 jam
1447 3272 1706 3355 signato
1733 3271 2122 3355 usurpandi:
2169 3272 2413 3336 etenim
2452 3271 2772 3335 catharsis
2800 3271 2913 3335 hic

695 3374 780 3439 ad
805 3374 1012 3437 instar
1040 3372 1329 3437 omnium
1364 3381 1482 3437 est.
1571 3374 1793 3457 Atque
1832 3374 1903 3436 in
1931 3374 2054 3437 hoc
2094 3374 2347 3451 affectu,
2380 3374 2435 3436 si
2466 3374 2541 3435 in
2583 3373 2712 3437 alio
2749 3394 2911 3455 quo-

695 3476 889 3560 piam,
918 3496 1066 3539 vere
1111 3474 1434 3555 asseritur,
1466 3474 1641 3558 quod
1671 3475 1783 3558 qui
1818 3475 2199 3539 mundificat
2240 3473 2431 3553 bene,
2458 3474 2629 3538 bene
2674 3482 2909 3537 sanat:

696 3578 889 3643 modo
933 3576 1014 3641 ab
1059 3578 1242 3661 aquis
1285 3576 1702 3641 minem-libus
1756 3576 1878 3640 sibi
1921 3583 2259 3660 temperet,
2308 3597 2466 3659 quas
2518 3581 2698 3639 certo
2744 3574 2909 3638 mihi

699 3685 953 3745 constat
981 3678 1191 3743 morbi
1230 3679 1530 3764 reliquias
1566 3699 1603 3742 e
1646 3698 1910 3762 corpore
1954 3677 2376 3744 eliminandas
2406 3678 2468 3743 vi
2500 3678 2907 3760 astringente

701 3791 768 3848 et
789 3784 934 3867 plus
957 3783 1111 3847 satis
1135 3783 1422 3847 sanativa
1439 3780 1676 3845 arctius
1700 3782 2160 3864 constringere,
2180 3786 2247 3845 et
2271 3770 2452 3864 quasi
2474 3781 2686 3845 clavo‘¹
2704 3779 2909 3863 figere

702 3885 970 3964 trabali3
1014 3884 1192 3949 unde
1227 3883 1420 3967 (quod
1450 3882 1700 3966 saepius
1742 3882 2114 3967 observavi,)
2160 3884 2354 3971 scroti
2389 3890 2677 3947 tumores
2718 3902 2905 3947 enas-

701 3990 1014 4055 cebantur
1059 3988 1322 4073 quoties·
1340 3986 1413 4049 in
1446 3984 1655 4049 morbi
1692 3985 2006 4068 principio
2034 3985 2134 4049 vel
2173 3992 2367 4064 statu,
2396 3987 2747 4069 pejoraque
2792 3984 2906 4049 ad-

699 4093 828 4157 huc
873 4096 1324 4177 symptomata,
1355 4093 1433 4151 ut
1483 4088 1917 4166 carunculae',
1960 4088 2014 4151 si
2050 4087 2308 4171 quando
2352 4086 2472 4151 sub
2521 4088 2660 4170 ejus
2700 4087 2905 4165 exitu,

767 4292 788 4315 ⁰
823 4286 898 4333 Cf.
924 4286 1114 4333 formm.
1143 4284 1223 4340 34,
1250 4283 1358 4341 164,
1381 4284 1490 4330 233.
1833 4291 2105 4345 perpetuum
2151 4285 2357 4331 reddere.
2396 4282 2473 4329 Cf.
2520 4280 2621 4335 Cic.
2674 4282 2807 4329 Orat.
2858 4286 2907 4329 in

765 4356 787 4387 Ρ
819 4346 1090 4411 senff—ct]
1115 4362 1210 4396 om.
1235 4347 1306 4394 ed.
1334 4348 1430 4395 ²80.
1851 4350 1979 4396 Verr.
2004 4363 2049 4395 v.
2075 4348 2151 4395 21.

766 4420 787 4450 *ἱ
821 4415 945 4460 clavo
968 4414 1116 4473 figere
1151 4408 1350 4471 trabali]
1374 4409 1408 4457 i.
1425 4426 1465 4458 e.
1487 4412 1671 4471 firmum
1710 4420 1754 4459 et
1909 4418 1927 4440 ³
1961 4410 2171 4472 carana]
2200 4411 2279 4473 ξε.
2302 4410 2409 4458 add.
2436 4410 2509 4459 ed.
2538 4411 2633 4457 ⁹30.
