3138 5006
657 260 780 320 102
1269 257 1657 321 ΤΗΟΜΑΕ
1706 254 2223 318 SYDENHAM
2292 275 2303 282 ·

379 433 583 545 {snum
649 439 873 482 corum
903 439 977 482 ac
1004 418 1468 484 rheumatismo
1503 417 1941 482 laborantium
1976 415 2361 499 sanguinem
2405 414 2595 498 plane
2632 433 2855 480 aemu-

423 512 586 546 Earn..

239 519 246 525 ⁵
352 563 398 612 ἃ
423 563 610 610 Pan-1⁸
647 521 858 600 latur,
904 521 1202 586 adustam
1241 522 1628 587 anthracum
1668 521 1917 598 faciem,
1961 517 2237 604 pyrotici
2275 516 2545 582 actualis
2582 517 2853 599 impres·

343 627 622 714 ausqnuu
649 623 812 688 sioni
855 645 992 688 non
1031 624 1426 702 absimilem3
1472 644 1730 688 necnon
1772 621 2065 686 bubones
2102 621 2294 704 ipsos,
2337 619 2449 703 qui
2488 618 2855 685 inflamma-

391 693 469 749 65’
511 692 590 739 ὅδ’
647 726 895 790 tionem
925 747 1128 810 aeque
1163 727 1514 791 solenniter
1553 725 1883 809 excipiunt
1924 745 1998 802 ac
2038 723 2313 788 eandem
2350 722 2461 786 alii
2504 721 2853 805 cujuscun-

652 850 777 912 que
813 829 1066 911 generis
1105 835 1391 893 tumores
1427 829 1734 912 consequi
1786 827 2015 906 solent,
2044 827 2147 889 uti
2196 834 2263 889 et
2305 823 2855 888 inflammationes

643 931 984 1013 pleraeque
1025 951 1250 996 omnes
1299 931 1374 994 in
1407 930 1775 994 abscessum
1816 929 2272 994 terminantur.
2363 926 2541 993 Quin
2584 933 2653 990 et
2691 924 2851 990 anni

645 1039 994 1117 tempestas
1045 1055 1174 1117 qua
1231 1033 1585 1116 epidemica
1634 1032 1845 1096 Pestis
1895 1037 1971 1095 ut
2022 1029 2373 1114 plurimum
2424 1028 2726 1106 exoritur,
2763 1027 2851 1091 ad

646 1137 816 1200 hanc
865 1156 1004 1200 rem
1055 1137 1420 1220 symbolum
1473 1157 1665 1200 suum
1710 1135 1999 1201 conferre
2042 1133 2333 1211 videtur3
2394 1131 2620 1196 eodem
2670 1130 2851 1194 enim

647 1245 938 1322 tempore
977 1237 1310 1322 (nimirum
1350 1238 1522 1322 quod
1563 1239 1739 1303 inter
1766 1258 2037 1302 vernum
2082 1236 2523 1318 aestivumque
2560 1233 2855 1298 medium

649 1343 792 1423 est,)
853 1340 1250 1423 pleuritides,
1326 1340 1624 1423 anginae,
1694 1340 1982 1422 aliaeque
2054 1337 2440 1404 inflammati
2514 1335 2855 1418 sanguinis

563 1509 570 1516 ,
647 1443 1016 1508 affectiones
1066 1443 1462 1527 populariter
1515 1443 1817 1526 ingruere
1864 1447 2369 1506 consueverunt:
2435 1438 2851 1522 quemadmo-

647 1546 804 1610 dum
835 1546 1030 1610 etiam
1058 1566 1395 1631 nunquam
1435 1545 1901 1629 frequentiores
1928 1543 2091 1608 mihi
2118 1541 2295 1608 visae
2326 1549 2480 1607 sunt
2510 1562 2705 1625 quam
2733 1562 2851 1626 per

649 1649 891 1732 aliquot
921 1649 1312 1732 septimanas
1342 1670 1506 1732 quae
1535 1667 1819 1730 nuperae
1850 1647 2061 1714 Pestis
2092 1645 2523 1712 Londinensis
2553 1650 2851 1710 exortum

648 1737 1152 1816 antecesserunt.
1241 1751 1388 1816 Nec
1429 1772 1579 1815 vero
1622 1751 1865 1814 nullius
1902 1756 2001 1814 est
2046 1748 2359 1814 momenti
2397 1747 2583 1812 illum
2633 1746 2851 1830 ipsum

649 1875 916 1932 annum,
945 1860 1046 1918 tot
1073 1853 1352 1918 millium
1381 1861 1595 1936 strage
1624 1853 1977 1930 funestum,
2009 1852 2293 1934 alioquin
2328 1849 2742 1914 mitissimum
2774 1870 2849 1914 ac

649 1955 1144 2020 saluberrimum
1201 1955 1529 2034 extitiss03
1606 1975 1957 2038 omnesque
2016 1955 2128 2038 qui
2186 1975 2225 2017 a
2276 1954 2465 2018 Peste
2524 1952 2849 2018 immunes

649 2059 1072 2142 perstiterunt
1109 2079 1447 2141 nunquam
1491 2058 1743 2122 meliori
1782 2056 2149 2122 valetudine
2194 2076 2343 2120 usos
2389 2054 2625 2118 fuisse:
2688 2054 2851 2138 quin

649 2167 718 2224 et
745 2181 854 2224 eos
883 2160 996 2243 qui
1033 2159 1115 2223 ab
1151 2160 1372 2224 eadem
1411 2159 1905 2238 convaluissent,
1937 2158 2273 2224 cachexiae
2304 2156 2571 2241 aliisque
2602 2156 2847 2220 affecti-

646 2261 770 2324 bus
813 2283 854 2325 a
883 2262 1134 2325 residua
1170 2262 1458 2345 priorum
1503 2261 1875 2326 morborum
1903 2261 2049 2326 labe
2092 2261 2427 2344 provenire
2457 2259 2679 2338 solitis,
2711 2279 2848 2328 non

645 2362 852 2445 magis
869 2362 1176 2427 obnoxios
1199 2363 1498 2448 deinceps
1516 2363 1766 2428 vixisse.
1816 2363 2071 2430 Quibus
2091 2363 2336 2428 accedit
2358 2362 2531 2445 quod
2552 2367 2619 2426 et
2642 2382 2848 2444 quan-

647 2473 1008 2550 taecunque
1036 2466 1398 2532 latitudinis
1431 2473 1831 2551 apostemata
1860 2473 1925 2532 et
1955 2466 2349 2545 carbunculi,
2372 2471 2715 2549 postquam
2742 2463 2845 2529 in-

647 2568 1012 2633 flammatae
1041 2569 1392 2653 particulae
1421 2590 1557 2634 una
1585 2591 1735 2635 cum
1765 2571 1943 2635 sanie
1982 2569 2423 2646 decessissent,
2466 2567 2845 2649 chirurgicis

648 2670 920 2749 auxiliis,
939 2671 1145 2755 iisque
1167 2692 1300 2736 non
1319 2671 1667 2737 admodum
1690 2673 2088 2757 conquisitis,
2112 2672 2297 2738 facile
2322 2676 2549 2735 sanata
2575 2670 2850 2735 fuerint*

746 2774 810 2857 [1
820 2777 859 2840 ’7
865 2774 909 2858 .]
965 2775 1212 2839 Verum
1262 2776 1590 2859 perquirat
1639 2775 1747 2841 hic
1790 2776 2059 2841 fortasse
2112 2774 2359 2858 aliquis,
2406 2773 2461 2837 si
2512 2773 2723 2837 Pestis
2772 2771 2849 2841 in

645 2876 1153 2942 inflammatione
1205 2877 1482 2961 quadam
1530 2878 1859 2957 consistat,
1914 2878 2025 2961 qui
2082 2878 2197 2943 fiat
2247 2884 2323 2941 ut
2374 2876 2849 2947 medicamenta

647 2979 964 3044 calidioris
1023 3001 1271 3059 census,
1325 2981 1541 3065 qualia
1598 2988 1752 3045 sunt
1804 2980 2314 3064 alexipharmaca
2357 2998 2555 3063 prope
2605 2977 2843 3057 omnia,

341 3058 625 3170 ssffc'fflfflss‘j
645 3089 790 3145 tum
820 3082 902 3146 ad
931 3083 1196 3166 hujusce
1225 3083 1492 3148 affectus
1521 3084 1935 3167 therapeiam,
1966 3104 2157 3168 quam
2188 3080 2630 3167 prophylaxin,
2658 3087 2849 3149 tanto

344 3202 439 3249 <1¹10
451 3186 619 3261 caliqi-
647 3206 796 3248 cum
843 3185 1060 3249 fructu
1111 3192 1506 3269 usurpentur
1524 3188 1554 3249 Ρ
1657 3184 1789 3251 Cui
1816 3187 2189 3271 responden,
2220 3186 2331 3249 illa
2370 3185 2687 3251 duntaxat
2728 3205 2844 3267 per

339 3250 600 3390 gssssff‘
651 3286 943 3351 accidens
984 3288 1294 3351 auxilium
1329 3295 1671 3371 praestare,
1703 3311 1936 3373 nempe
1976 3289 2439 3373 diaphorescos,
2470 3310 2667 3373 quam
2704 3309 2840 3351 sus-

375 3394 589 3490 ἓξξξξιῑι·
649 3388 874 3465 citant,
904 3388 1258 3467 benefici03
1303 3411 1432 3472 quo
1469 3392 1822 3474 particulae
1866 3390 2200 3475 sanguinis
2240 3391 2675 3457 inflammatae
2721 3389 2841 3453 dif-

343 3513 450 3555 tum
472 3522 582 3570 pro-
647 3490 888 3555 flantur
915 3497 1110 3573 atque
1140 3492 1671 3557 exterminantur.
1736 3493 1930 3559 Quod
1972 3494 2028 3559 si
2055 3495 2220 3559 forte
2250 3492 2537 3557 exhibita
2578 3491 2845 3559 sudores

343 3578 582 3697 {ffiissffiis
649 3613 1044 3657 commovere
1073 3615 1207 3658 non
1247 3595 1519 3674 valeant,
1557 3598 1657 3679 (ut
1678 3617 1979 3680 persaepe
2008 3596 2283 3677 accidit)
2318 3616 2470 3663 mox
2508 3594 2841 3677 sanguinis

345 3700 597 3777 djaphore-
646 3694 1040 3773 incendium,
1061 3696 1141 3759 ab
1173 3696 1470 3761 addititio
1499 3698 1708 3762 calore
1737 3699 1945 3781 magis
1967 3698 2325 3775 efferatum,
2351 3718 2573 3764 eorum
2604 3716 2841 3760 noxam

339 3771 610 3893 225³ss-
648 3797 862 3879 palam
909 3798 1280 3881 proclamat.
1395 3799 1831 3885 Prophylaxin
1896 3806 1973 3865 ut
2046 3800 2239 3865 verbo
2312 3800 2651 3881 attingam,
2704 3819 2845 3864 non.

340 3908 552 3957 bet-alius
649 3921 794 3963 sum
838 3899 1092 3965 nescius
1136 3900 1334 3967 etiam
1377 3901 1462 3969 ad
1516 3902 1697 3970 illm
1741 3902 2193 3971 antidotalium
2236 3900 2591 3966 calidorum
2647 3921 2843 3967 usum·

341 3974 624 4087 {ssffiffln
653 4001 883 4081 passim
926 4001 1394 4085 depraedicari;
1441 4009 1509 4067 at
1540 4025 1668 4087 quo
1698 4004 2150 4081 emolument0‚
2184 4002 2395 4071 adhuc
2432 4000 2847 4085 probandum

337 4102 538 4151 fortiora
646 4110 866 4169 restat.
957 4103 1104 4169 Imo
1147 4104 1370 4170 vinum
1419 4105 1684 4171 liberius
1732 4105 2226 4189 ingurgitatum,
2276 4106 2525 4188 aliaque
2574 4104 2841 4169 fortiora

341 4167 620 4279 0νὲῐέἷέἓῖῧῖ
647 4206 1111 4288 praeservativa
1159 4208 1343 4273 statis
1389 4208 1562 4273 horis
1616 4208 1841 4275 dietim
1900 4216 2247 4291 assumpta,
2296 4208 2673 4291 complures,
2727 4207 2843 4290 qui

341 4300 416 4343 *εἴ
431 4296 482 4343 ῑΠ
501 4294 619 4343 Pess·
649 4310 804 4373 alias
863 4310 1019 4375 salvi
1063 4310 1420 4395 intactique
1477 4312 1905 4377 verisimiliter
1961 4312 2481 4396 permansissent,
2530 4312 2603 4375 in
2659 4312 2837 4375 hunc

342 4366 612 4485 {535¹ssssss
649 4411 952 4478 effectum
983 4412 1416 4494 conjecerunt.
