3138 5006
701 284 1297 351 DISSERTATIO
1343 286 1956 351 EPISTOLARIS.
2293 286 2418 351 3⁷1

225 445 435 509 morbi
476 446 853 533 προφάσεις,
900 447 1237 527 accedunt,
1267 447 1367 512 vel
1412 447 1724 513 stomachi
1751 447 2036 511 vacuitas
2082 445 2162 510 ab
2207 441 2425 509 inedia
2482 460 2566 508 Dz
2589 461 2693 509 Ar·

224 549 653 631 pertinaciori,
695 551 797 614 vel
834 550 1071 615 nimiae
1117 549 1465 614 humorum
1510 549 1973 627 evacuationes,
2021 549 2150 612 sive
2195 568 2234 611 a
2277 568 2421 611 san·
2450 526 2728 637 ζξζῖἒζ·

228 653 426 736 guine
475 655 981 738 intemperanter
1018 654 1241 732 effus0,
1287 654 1417 717 sive
1461 653 1541 717 ab
1595 653 1866 717 emetico
1909 658 2023 715 aut
2071 650 2422 715 cathartico

228 756 335 819 cui
362 756 637 837 impares
666 762 851 819 erant
882 776 1109 837 aegrae
1142 755 1321 819 vires.

318 857 480 941 [79.]
538 859 580 921 J
582 880 687 921 am
730 880 880 922 vero
924 856 1004 920 ab
1051 858 1173 921 hae
1213 857 1414 922 totius
1456 857 1666 921 morbi
1715 858 2018 941 imagine,
2067 856 2422 921 secundum
2449 874 2638 924 causae

226 958 667 1040 vulgatissima
696 961 833 1043 ejus
864 956 1211 1045 φαινόμενα
1238 959 1510 1043 depicta,
1539 961 1829 1043 proximo
1858 960 1996 1024 loco
2025 961 2165 1044 ejus
2193 980 2424 1024 causae
2445 955 2681 1063 :wu-

228 1062 575 1127 efficientes
621 1063 932 1141 internae,
982 1064 1114 1126 sive
1164 1060 1648 1149 προσηνωμέναι,
1697 1062 1859 1125 mihi
1898 1062 2169 1125 veniunt
2210 1062 2424 1144 pensi-

227 1164 483 1242 tandae,
516 1172 833 1246 quantum
876 1186 983 1228 eas
1026 1186 1103 1229 ex
1149 1163 1448 1228 omnibus
1478 1184 1636 1248 quas
1667 1163 2114 1247 descripsimus
2153 1163 2422 1227 circum-

229 1264 484 1326 stantiis
516 1263 707 1327 simul
729 1264 975 1347 junctis
1006 1264 1315 1347 expiscari
1342 1264 1608 1327 valeam.
1702 1264 1998 1329 Pendent
2029 1285 2182 1346 ergo
2210 1266 2424 1329 Affec-

228 1364 439 1428 tiones
461 1365 641 1443 istae,
665 1386 823 1447 quas
840 1365 913 1428 in
932 1365 1230 1429 foeminis
1247 1365 1636 1447 Hystericas,
1659 1366 1728 1429 in
1750 1366 2036 1430 maribus
2057 1367 2424 1448 Hypochon-

231 1468 483 1531 ciriacus
528 1468 839 1550 insignire
883 1468 1061 1546 libet,
1114 1468 1453 1551 (quantum
1500 1490 1622 1551 ego
1665 1469 1931 1554 judico)
1996 1492 2036 1533 a
2085 1471 2427 1553 spirituum

231 1572 607 1635 animalium
639 1569 887 1657 ἀταξίᾳ,
917 1570 1093 1633 unde
1120 1570 1293 1635 facto
1320 1570 1574 1654 impetu
1599 1570 1669 1633 in
1698 1571 1868 1635 hanc
1893 1570 2148 1635 illamve
2177 1580 2426 1655 partem

230 1674 375 1756 plus
422 1695 615 1757 quam
660 1694 776 1756 pro
818 1681 960 1738 rata
993 1674 1177 1737 densi
1219 1674 1531 1757 nimiique
1573 1672 1889 1753 fenmtur,
1922 1696 2206 1758 spasmos
2234 1676 2334 1738 uti
2363 1684 2428 1741 et

233 1776 520 1841 dolorem
568 1778 919 1841 excitantes
970 1777 1087 1841 ubi
1132 1777 1202 1841 in
1248 1786 1462 1861 partes
1506 1798 1703 1840 sensu
1749 1778 2065 1861 exquisito
2111 1778 2430 1862 praeditas

231 1879 511 1957 irruunt,
543 1885 736 1962 atque
766 1899 1171 1961 organorum,
1202 1885 1348 1942 tum
1376 1880 1513 1963 ejus
1542 1880 1614 1943 in
1645 1880 1818 1963 quod
1846 1902 1914 1944 se
1941 1881 2264 1963 ingerunt,
2287 1888 2430 1946 tum

232 1980 419 2044 istius
449 2003 488 2045 a
517 2003 641 2065 quo
670 1980 1042 2060 abscedunt,
1070 1981 1437 2045 functiones
1476 1987 1954 2064 pervertentes3
1999 2002 2150 2046 cum
2177 1990 2430 2048 utrum-

233 2108 359 2170 que
396 2086 477 2150 ab
516 2085 637 2149 hac
675 2092 809 2149 tam
852 2085 1077 2168 iniqua
1110 2084 1475 2168 partitione,
1508 2106 1672 2167 quae
1702 2086 1994 2150 Naturae
2023 2088 2432 2152 oeconomiae

230 2190 486 2272 penitus
516 2188 905 2266 adversatur,
936 2187 1113 2252 haud
1140 2208 1371 2270 parum
1400 2187 1776 2251 detrimenti
1805 2188 2034 2271 capiat.

330 2290 494 2373 [80.]
552 2290 753 2374 Cujus
785 2290 1041 2372 quidem
1080 2286 1343 2371 ἀταξίας
1386 2290 1565 2373 origo
1597 2296 1790 2373 atque
1821 2310 2014 2354 causa
2041 2292 2429 2356 antecedens
2453 2322 2646 2363 antece-

233 2402 331 2457 est
370 2392 638 2463 debilior
675 2393 994 2456 dictorum
1038 2392 1383 2476 spirituum
1420 2392 1635 2471 erasis,
1668 2392 1796 2456 sive
1835 2393 2054 2456 nativa
2096 2414 2174 2457 ea
2209 2394 2425 2473 fuerit,
2453 2380 2580 2429 ἀπ’·

234 2500 365 2564 sive
408 2499 605 2562 etiam
646 2497 1014 2576 adventitia,
1045 2495 1219 2560 unde
1263 2495 1483 2580 quavis
1512 2494 1838 2582 προφάσει
1877 2496 2185 2581 dissipatu
2213 2498 2430 2563 faciles

236 2609 411 2679 sunt,
471 2607 537 2664 et
595 2600 945 2663 eorundem
1002 2605 1283 2683 systema
1336 2599 1516 2662 nullo
1573 2600 1708 2663 fere
1766 2599 2027 2683 negotio
2086 2602 2429 2667 dirimitur.

238 2706 797 2772 Quemadmodum
845 2705 1020 2768 enim
1062 2703 1257 2768 homo
1293 2705 1555 2786 quidam
1600 2705 1875 2769 exterior
1919 2706 2310 2789 conspicitur
2352 2729 2432 2771 ex

235 2808 523 2892 partibus
558 2806 771 2870 sensui
808 2806 1007 2870 obviis
1050 2806 1557 2888 compaginatus,
1599 2807 1692 2870 ita
1731 2809 1956 2890 procul
1991 2807 2187 2872 dubio
2231 2817 2297 2872 et
2331 2809 2430 2873 in-

237 2913 435 2977 terior
486 2917 585 2976 est
630 2909 891 2993 quidam
937 2909 1131 2973 homo
1182 2928 1219 2972 e
1270 2907 1489 2971 debita
1538 2909 1879 2991 spirituum
1930 2912 2091 2973 serie
2136 2917 2203 2974 et
2251 2911 2432 2993 quasi

235 3015 479 3079 fabrica
518 3019 839 3090 constans,
877 3012 1012 3075 solo
1056 3010 1323 3074 rationis
1369 3010 1615 3075 lumine
1661 3013 2211 3096 contemplandus.
2304 3017 2435 3080 Hic

238 3141 405 3198 ver0,
466 3139 615 3182 cum
662 3117 972 3200 temperie
1023 3115 1301 3199 corporis
1352 3114 1646 3181 intimius
1703 3117 2086 3200 conjunctus
2145 3125 2210 3182 et
2257 3119 2438 3202 quasi

239 3223 475 3300 unitus,
505 3228 693 3285 tanto
722 3220 977 3303 aegrius
1003 3218 1330 3282 faciliusve
1366 3217 1447 3282 de
1476 3224 1652 3282 statu
1691 3238 1808 3282 suo
1847 3219 2162 3304 dejicitur,
2195 3227 2438 3305 quanto

240 3325 445 3409 major
472 3331 571 3388 est
598 3324 885 3387 minorve
916 3343 1012 3399 ea,
1043 3341 1237 3404 quam
1266 3341 1307 3382 a
1333 3319 1592 3382 Natura
1625 3320 1947 3400 sortimur,
1977 3321 2438 3407 principiorum

145 3409 153 3418 ⁸
242 3430 778 3495 constituentium
804 3426 1093 3490 firmitas.
1186 3420 1627 3487 Quamobrem
1653 3421 1968 3487 foeminas
2001 3424 2194 3507 longe
2221 3425 2438 3509 plures
2466 3455 2569 3503 em.
2581 3455 2750 3518 plures

242 3554 437 3616 quam
456 3530 772 3597 masculos
791 3527 898 3592 hic
927 3524 1193 3590 morbus
1221 3523 1610 3606 aggreditur,
1633 3525 1938 3608 quoniam
1959 3527 2254 3592 videlicet
2281 3530 2437 3594 istas
2461 3521 2699 3568 foeminae

242 3637 499 3699 Natura
523 3633 729 3716 magis
761 3629 1103 3694 delicatulo
1130 3627 1496 3710 rarioreque
1527 3625 1806 3710 corporis
1835 3627 2063 3694 habitu
2098 3631 2241 3713 (ceu
2270 3634 2438 3698 vitae
2463 3601 2620 3697 32⁸:ss
2635 3600 2739 3696 ’ἓῖ

244 3737 537 3816 molliori,
589 3745 657 3800 et
700 3733 1041 3798 hominum
1091 3729 1351 3807 deliciis,
1402 3728 1799 3813 destinatas)
1855 3730 2096 3797 blanda
2139 3734 2434 3816 donavit;
2463 3721 2692 3777 ‘mmm‘

246 3861 453 3904 mares
499 3844 717 3902 autem
769 3844 983 3900 toroso
1040 3832 1318 3916 corporis
1369 3831 1618 3910 robore,
1668 3841 1896 3916 utpote
1944 3836 2054 3919 qui
2111 3837 2436 3903 laboribus

246 3940 648 4008 exantlandis
677 3940 749 4002 in
776 3938 1009 4002 tellure
1036 3934 1305 4000 colenda
1332 3943 1399 3997 et
1426 3934 1904 4016 repastinanda,
1929 3945 1996 4000 et
2020 3938 2171 4002 feris
2205 3941 2436 4022 quibus

246 4048 505 4111 alantur
532 4041 875 4127 capiendis,
908 4039 1174 4122 aliisque
1202 4036 1532 4116 similibus,
1564 4039 1700 4121 apti
1727 4039 1866 4103 nati
1894 4040 2043 4105 sint.

338 4146 509 4235 [81.]
558 4146 819 4210 Dictam
862 4150 1080 4207 autem
1122 4141 1466 4224 spirituum
1510 4138 1780 4222 ἀταξάιν
1805 4141 1998 4227 hujus
2040 4144 2250 4208 morbi
2287 4165 2437 4209 cau·
2465 4173 2653 4235 Speciei
2673 4173 2734 4222 il-

130 4287 140 4298 ·
249 4274 385 4316 sam
430 4272 586 4328 esse,
616 4249 1065 4332 phaenomena
1099 4244 1238 4327 jam
1282 4243 1602 4325 descripta
1639 4243 1794 4307 satis
1838 4244 2134 4326 probant,
2166 4267 2440 4329 quorum
2464 4236 2561 4285 ΠΜ
2583 4255 2708 4301 quae

248 4354 588 4439 praecipua
616 4359 875 4415 tantum
922 4347 1263 4429 attingam,
1296 4367 1335 4408 a
1372 4345 1709 4408 notissimo
1747 4345 1859 4409 illo
1901 4347 2159 4412 Affectu
2202 4350 2440 4435 Hyste-
2466 4305 2692 4443 gessssgq-

250 4458 399 4534 ricc,
447 4455 555 4537 qui
609 4454 781 4516 Uteri
828 4449 1270 4532 Stranyulatus
1319 4446 1513 4528 vulgo
1566 4445 1820 4524 dicitur,
1865 4446 2126 4511 initium
2177 4451 2436 4519 faciens.
2464 4433 2711 4552 {332⁶ss
