3138 5006
13 840 26 936 ··⁷r·
13 710 32 805 U’fl
13 644 26 674 ar-
13 512 38 609 -vffl
13 434 38 477 33-

1177 258 1438 317 INDEX
1482 258 1793 317 RERUM.
2570 264 2685 324 627

279 412 390 469 399,
415 413 538 468 685,
574 412 626 460 in
649 412 804 461 mictu
826 420 1027 461 cruento
1049 428 1108 461 ex
1131 412 1262 463 febre
1280 420 1438 471 acuta,

278 476 406 530 359,
462 476 514 523 in
557 478 922 534 rheumatismo,
969 480 1092 534 258,
1149 478 1204 525 in
1248 478 1442 526 cholera

277 541 541 652 ignorboeex
562 542 760 603 jusculo
783 541 918 589 tenui
947 549 998 589 et
1023 543 1216 605 syrupis
1243 542 1441 591 leniori-

311 619 386 661 us,
415 609 434 651 1
475 607 526 652 5.

346 669 588 717 Enemata
629 669 683 716 in
717 670 896 733 angina
931 671 1126 731 quando
1163 670 1440 733 injicienda,

282 734 405 789 269,
441 734 492 781 in
526 734 680 781 colica
705 734 892 791 biliosa,
921 735 1040 790 197;
1077 736 1128 783 in
1151 734 1304 783 colica
1325 736 1439 797 hys-

280 798 444 853 terica,
483 800 604 854 2013
640 798 692 845 in
726 799 990 857 diarrhoea,
1015 800 1070 846 61
1097 818 1108 853 3
1142 800 1196 846 in
1230 800 1444 847 febribus

283 862 593 923 quibuslibet,
617 862 783 911 fractis
815 864 970 911 morbi
1003 864 1203 919 viribus,
1226 880 1325 911 non
1358 864 1443 911 diu

283 926 556 987 repetenda,
586 929 708 985 2293
745 928 796 975 in
827 927 1100 989 pleuritide,
1127 931 1248 983 250,
1283 928 1338 975 in
1369 928 1440 975 fe-

281 990 450 1037 bribus
483 992 682 1049 contin..
723 994 802 1049 47,
829 995 922 1048 48,
977 994 1030 1040 in
1065 993 1196 1040 febre
1237 993 1442 1055 epidem.

283 1070 394 1103 ann.
419 1054 664 1112 ’73—’75,
691 1060 800 1114 209,
825 1059 948 1113 210,
985 1058 1035 1104 in
1058 1057 1273 1105 febribus
1293 1058 1442 1104 inter-

283 1119 410 1166 mitt.
436 1120 610 1167 cortice
645 1120 820 1169 Peruv.
857 1121 1050 1179 curatiS,
1075 1124 1197 1177 2883
1230 1122 1283 1169 in
1315 1121 1445 1169 febre

282 1182 578 1241 morbillosa,
614 1186 735 1241 2183
769 1186 822 1232 in
854 1186 986 1233 febre
1019 1186 1291 1242 scarlatina,
1317 1188 1442 1239 243,

284 1247 334 1293 in
369 1247 500 1296 febre
532 1250 738 1297 tertiana
756 1250 956 1307 vernali,
980 1251 1072 1305 753
1106 1250 1157 1297 in
1192 1250 1322 1297 febre
1355 1257 1446 1297 ter-

286 1310 416 1359 tiana
450 1312 648 1375 duplici,
672 1317 763 1369 823
798 1315 850 1361 in
887 1314 1018 1361 febre
1040 1314 1292 1372 variolosa,
1321 1316 1443 1371 158;

285 1376 337 1423 in
355 1378 653 1437 gonorrhoea
673 1379 832 1435 virul„
859 1380 1111 1433 314-16,
1146 1379 1198 1426 in
1219 1380 1313 1427 ileo
1335 1394 1448 1427 vero

286 1455 371 1502 per
400 1456 452 1487 os
483 1442 786 1503 rejiciuntur,
811 1445 889 1501 62,
917 1446 1008 1492 195
1024 1462 1036 1498 3
1091 1444 1218 1490 inter
1248 1443 1448 1492 laudani

286 1519 450 1563 usum,
484 1506 627 1553 istius
661 1507 888 1555 effectum
921 1508 1194 1567 destruunt,
1229 1510 1349 1564 394,
1394 1508 1448 1555 in

288 1569 558 1631 nephritide
581 1586 641 1618 ex
664 1571 854 1619 calculo
875 1572 953 1619 vel
983 1572 1212 1628 arenulis,
1235 1574 1360 1629 3953
1395 1573 1449 1619 in

285 1634 560 1695 nephritide
599 1650 659 1683 ex
695 1636 875 1698 hyster.
915 1636 1178 1694 affectione,
1215 1638 1342 1693 395,
1397 1637 1450 1684 in

289 1699 526 1760 soporosis
579 1700 844 1758 affectibus,
890 1702 985 1749 209
1008 1720 1020 1757 ,
1077 1701 1129 1748 in
1177 1700 1448 1763 pleuritide,

289 1764 413 1819 250,
449 1763 500 1810 in
534 1765 656 1811 tussi
691 1766 897 1827 epidem.
927 1765 1012 1812 ubi
1044 1764 1207 1821 febris,
1232 1772 1338 1823 etc.,
1362 1765 1447 1813 ad·-

289 1834 420 1883 sunt,
457 1829 580 1883 229,
626 1828 678 1876 in
709 1830 919 1886 variolis,
958 1832 1079 1885 1323
1120 1829 1453 1891 refrigerantia

287 1890 339 1937 in
375 1891 589 1939 febribus
623 1894 817 1950 contin„
849 1894 928 1952 47,
956 1896 1050 1949 48,
1087 1900 1314 1941 vetantur
1343 1901 1452 1958 post

289 1954 474 2017 largam
507 1972 680 2005 venae·
689 1957 966 2015 sectionem,
989 1966 1038 2006 et
1066 1958 1118 2005 in
1152 1965 1308 2006 aetate
1339 1974 1450 2021 pro-

289 2030 441 2076 vecta,
469 2020 559 2076 47,
600 2022 1004 2070 venae-sectionis
1031 2023 1194 2071 locum
1233 2023 1450 2085 quando-

290 2099 384 2145 que
413 2086 656 2147 supplent,
683 2088 744 2134 48
769 2105 780 2142 ,
830 2087 1176 2135 abstinendum
1209 2088 1268 2134 ab
1304 2087 1365 2135 iis
1398 2088 1451 2135 in

289 2163 547 2211 progressu
569 2150 740 2207 morbi,
767 2153 848 2208 48,
869 2154 980 2201 229.

358 2214 401 2261 1.
436 2214 726 2276 Epidemica
760 2216 1056 2264 Constitutio
1086 2232 1198 2263 ann.
1223 2216 1452 2264 ’el—’64

289 2276 441 2326 ferme
473 2279 601 2327 nihil
635 2295 784 2341 quam
820 2280 977 2327 febres
1013 2281 1192 2329 contin.
1215 2288 1264 2327 et
1298 2280 1448 2328 inter-

288 2342 418 2391 mitt.
439 2342 587 2405 (quae
610 2344 813 2392 ultimae
831 2352 995 2392 tamen
1015 2344 1342 2408 principatum
1363 2346 1448 2392 ob-

290 2407 584 2524 {linueruptd
601 2408 846 2470 produxit,
863 2412 941 2467 93,
957 2412 1068 2466 234,
1088 2412 1197 2457 235.
1224 2409 1455 2458 Traditur

325 2486 426 2529 aec,
451 2474 480 2519 3
514 2476 661 2522 -94.

359 2539 402 2584 2.
436 2563 503 2571 -
522 2563 589 2572 --
610 2553 722 2585 ann.
745 2539 840 2594 ⁸65,
859 2539 940 2586 ’66
966 2538 1305 2600 pestilentialis
1325 2539 1450 2594 fuit3

292 2600 637 2649 delitescebant
664 2602 888 2658 variolae,
911 2619 1036 2664 quae
1067 2603 1202 2650 brevi
1232 2611 1345 2664 post
1366 2619 1450 2665 ap—

292 2681 512 2728 paruere,
539 2668 648 2714 118.
713 2667 942 2714 Traditur
964 2667 1097 2723 haec,
1121 2667 1362 2718 95—117.

359 2732 402 2776 3.
439 2757 505 2765 —
525 2757 591 2765 —
612 2745 724 2778 ann.
748 2732 841 2786 ⁹67,
862 2732 958 2787 ⁹68,
983 2738 1032 2778 et
1052 2731 1228 2794 partim
1252 2733 1348 2787 ⁹69,
1371 2747 1452 2779 va·

292 2794 468 2841 riolosa
489 2795 613 2850 fuit3
651 2796 927 2843 continebat
959 2796 1180 2853 variolas,
1209 2796 1456 2857 simulque

292 2858 476 2906 febrem
492 2859 796 2916 variolosam,
810 2862 830 2907 1
843 2862 915 2915 18,
931 2863 952 2908 1
963 2862 1020 2909 19
1034 2881 1045 2916 3
1071 2861 1275 2908 accessit
1285 2860 1457 2908 itidem

293 2939 422 2970 anno
444 2925 540 2979 ’68,
563 2924 814 2972 diarrhoea
836 2925 1044 2986 epidem.
1067 2925 1286 2986 ejusdem
1307 2931 1454 2972 natu-

293 3003 374 3034 rae
393 3005 448 3035 ac
468 2989 597 3036 dicta
618 2989 780 3045 febris,
804 2991 910 3045 158,
934 2991 1044 3038 159.
1069 2989 1300 3037 Traditur
1320 2989 1456 3047 haec,

298 3053 570 3102 118—159.

359 3120 408 3164 4.
428 3143 496 3152 ——
520 3144 586 3152 —
617 3133 730 3165 ann.
752 3117 982 3168 ’69-’72
1015 3117 1318 3182 dysenterica
1345 3118 1456 3174 fuit,

295 3181 444 3229 febris
489 3198 602 3230 vero
646 3183 950 3244 dysenterica
993 3182 1167 3246 hyeme
1211 3183 1456 3244 regnabat,

298 3248 572 3294 160-164.
616 3247 846 3293 Traditur
866 3247 999 3303 haec,
1028 3249 1300 3294 160—203.
1345 3247 1459 3298 Quo

293 3311 460 3358 ordine
497 3310 724 3367 morbilli,
761 3311 970 3359 tormina
1003 3312 1200 3367 ventris,
1230 3312 1456 3368 variolae,

294 3375 610 3437 dysenteriae,
645 3375 802 3424 febres
843 3376 1186 3439 dysentericae,
1222 3382 1270 3423 et
1301 3375 1459 3424 febres

293 3439 548 3489 intermitt.
571 3456 674 3487 sese
695 3440 970 3498 habuerint,
998 3441 1268 3488 160—163.
1325 3441 1456 3488 Con-

294 3504 484 3552 stitutio
522 3505 699 3552 haecce
741 3505 958 3552 nondum
1001 3506 1197 3568 penitus
1243 3506 1458 3553 extincta

295 3576 412 3624 erat,
457 3570 650 3630 quando
695 3569 990 3618 constitutio
1037 3585 1164 3618 nova
1216 3570 1332 3618 anni
1374 3569 1455 3621 ’73

297 3640 371 3680 est
391 3633 626 3695 ingressa,
651 3636 763 3681 204.

361 3699 409 3744 5.
442 3723 509 3732 —-
529 3725 595 3732 -
616 3713 728 3745 ann.
746 3697 974 3749 ’73—’75
1007 3699 1228 3746 insecuta
1259 3706 1348 3755 est,
1368 3713 1456 3746 cu-

290 3761 376 3822 jus
410 3776 578 3809 omnes
609 3761 765 3809 morbi
795 3777 1031 3824 perquam
1063 3762 1272 3810 anomali
1303 3763 1456 3819 fuere,

297 3827 410 3873 206.
479 3826 834 3874 Funestabatur
853 3827 1012 3888 primo
1033 3841 1159 3874 anno
1186 3826 1318 3874 febre
1340 3842 1454 3874 con-

297 3890 401 3946 tin„
441 3892 554 3937 204.
642 3890 864 3938 Morbilli
903 3891 1052 3938 altero
1091 3906 1217 3938 anno
1249 3891 1458 3939 insecuti

297 3961 428 4011 sunt,
451 3954 664 4002 variolae
699 3955 901 4010 deinde3
939 3961 1097 4002 tusses
1131 3955 1340 4012 tandem,
1373 3971 1457 4002 su-

297 4019 691 4080 pervenientibus
724 4019 984 4082 pleuritide
1027 4027 1075 4066 et
1115 4019 1455 4082 peripneumo-

296 4083 380 4130 nia
401 4092 612 4141 ornatae,
633 4085 748 4142 205,
772 4084 884 4132 206.
952 4083 1182 4132 Traditur
1202 4083 1338 4142 haec,
1362 4087 1458 4132 204

363 4213 654 4275 Epidemica
676 4213 844 4262 Febris
865 4228 977 4261 ann.
1001 4214 1244 4262 ’85-’90.
1269 4210 1340 4274 [v.
1364 4214 1460 4261 No-

297 4295 356 4326 va
378 4276 585 4339 Febrim]

364 4343 682 4404 Epidemicae
712 4343 870 4390 febres
893 4350 1007 4390 sunt
1028 4342 1103 4389 vel
1140 4342 1461 4401 stationariae,

300 4407 374 4454 vcl
398 4407 786 4463 intercurrentes,
818 4409 1028 4464 28-30,
1055 4409 1338 4462 239-243,
1383 4422 1458 4454 re-

299 4471 442 4535 gulas
473 4473 535 4520 ad
568 4472 864 4522 curationem
898 4471 1146 4535 generales
1167 4486 1265 4522 non
1286 4470 1462 4520 admit-

1523 419 1651 472 tunt,
1667 416 1758 469 35,
1783 413 1989 461 febrium
2008 413 2212 477 epidem.
2231 413 2531 461 diversarum
2547 414 2691 461 ratio·

1525 494 1612 525 nes
1623 493 1723 525 non
1734 478 1957 526 videntur
1970 494 1997 525 a
2012 492 2157 526 causa
2168 476 2417 525 morbiflca
2428 476 2481 524 in
2492 477 2690 524 homine

1523 549 1723 605 aggesta
1761 542 1935 590 deduci
1968 557 2124 605 posse,
2162 544 2255 598 35,
2303 540 2451 589 febris
2484 541 2687 604 epidem.

1524 607 1701 671 speciei
1733 608 1877 668 cujus
1910 606 1988 664 sit,
2021 607 2262 669 quomodo
2294 611 2536 663 noscatur,
2566 609 2688 661 1813

1525 687 1585 719 ex
1608 673 1737 720 febre
1754 671 1963 733 quadam
1986 680 2243 734 conspecta
2260 669 2483 733 quisnam
2508 670 2553 716 ei
2568 672 2687 732 Jun-

1523 744 1667 799 gatur
1709 736 1906 782 morbus
1947 736 2260 797 epidemicus‚
2304 734 2534 791 noscitur,
2575 737 2689 793 235,

1525 801 1651 857 2363
1706 800 1875 847 eadem
1914 800 2140 848 methodo
2178 816 2276 862 qua
2317 800 2467 846 semel
2502 799 2692 847 sublata

1523 865 1858 922 fuit,.curatur
1890 880 2093 927 semper,
2128 868 2223 921 293
2258 864 2469 925 alicujus
2503 864 2690 911 constit.

1525 929 1778 977 materiam
1817 929 2117 976 morbificam
2154 929 2205 976 in
2250 934 2417 992 pectus
2456 928 2693 989 deponere

1527 1001 1697 1055 potest,
1737 994 1849 1050 226,
1875 995 2020 1056 230,
2077 993 2225 1041 febr-Is
2267 993 2470 1055 epidem.
2512 992 2690 1039 contin.

1527 1073 1639 1107 ann.
1685 1058 1917 1105 ’61-’64
1966 1057 2157 1105 videtur
2201 1057 2417 1105 Naturae
2466 1056 2695 1119 primaria

1527 1121 1689 1179 febris,
1727 1124 1851 1177 234,
1897 1122 2043 1169 febris
2078 1122 2281 1184 epidem.
2322 1120 2509 1169 constit.
2544 1121 2686 1170 ’73—

1530 1186 1610 1235 ’75
1634 1186 1877 1247 quomodo
1908 1186 2266 1249 ingrediebatur
2286 1192 2333 1233 et
2353 1186 2689 1247 progredieba-

1529 1257 1624 1306 tur,
1650 1253 1777 1306 204,
1810 1250 1948 1298 initio
1980 1250 2139 1312 magis
2172 1258 2275 1297 erat
2304 1250 2691 1307 inflammatoria,

1533 1314 1655 1370 207,
1690 1314 1986 1363 variolarum
2023 1314 2273 1377 nigrarum
2312 1314 2426 1361 anni
2460 1314 2544 1363 ’70
2577 1314 2690 1361 reli-

1531 1378 1673 1441 quias
1706 1379 1955 1435 referebat,
1994 1381 2119 1435 208,
2177 1384 2504 1441 symptomata
2544 1378 2695 1439 hujus

1530 1443 1679 1491 febris
1734 1444 1943 1505 propria,
2000 1444 2122 1498 207,
2188 1443 2315 1489 hanc
2371 1442 2696 1490 comitabatur

1532 1523 1671 1555 corna
1724 1507 1967 1569 quoddam
2021 1507 2281 1570 aliquando
2334 1507 2386 1554 in
2435 1507 2694 1568 aphoniam

1532 1572 1773 1629 desinens,
1810 1572 1933 1627 207,
1988 1572 2074 1633 qui
2112 1572 2182 1619 ita
2217 1571 2432 1629 affectus,
2473 1574 2583 1619 28v0
2618 1570 2695 1618 vel

1533 1638 1655 1684 800⁰
1689 1637 1767 1683 die
1802 1642 1994 1684 tantum
2028 1636 2405 1693 convalescebat,
2434 1637 2544 1693 207,
2570 1637 2695 1691 214,

1533 1700 1763 1749 delirium
1782 1700 1890 1748 leve
1911 1700 1965 1748 in
1982 1701 2162 1749 adultis
2184 1700 2365 1759 aderat,
2388 1707 2434 1748 et
2456 1701 2507 1747 in
2531 1700 2697 1762 pueris

1534 1780 1735 1812 somnus
1754 1765 1991 1827 abruptus
2024 1780 2140 1812 cum
2175 1771 2389 1821 stertere,
2414 1767 2535 1819 208;
2572 1764 2694 1811 deli-

1532 1830 1663 1877 rium
1694 1830 1785 1877 hoc
1823 1844 1963 1877 coma
1994 1829 2156 1891 potius
2190 1837 2384 1893 stupore
2417 1828 2695 1883 aemulaba-

1535 1901 1629 1951 tur,
1656 1896 1781 1948 213,
1815 1908 1963 1955 quare
1986 1894 2129 1941 febris
2158 1894 2279 1941 haec
2304 1902 2529 1941 comatum
2550 1908 2693 1941 voca-

1536 1965 1631 2014 tur,
1651 1959 1743 2008 217
1765 1977 1777 2012 ,
1810 1958 2006 2005 tandem
2023 1958 2077 2005 in
2093 1959 2280 2005 viscera
2294 1958 2453 2021 coepit
2468 1957 2699 2014 converti,

1535 2023 1697 2085 specie
1740 2023 2042 2084 dysenteriae
2080 2031 2130 2070 et
2170 2023 2447 2070 diarrhoeae
2490 2038 2541 2069 se
2584 2036 2695 2084 pro-

1537 2087 1671 2142 dens,
1694 2087 1805 2143 205,
1840 2089 1966 2141 208,
2002 2102 2127 2149 quae
2159 2087 2323 2149 potius
2355 2094 2697 2149 symptomata,

1539 2166 1687 2213 quam
1701 2151 1857 2199 morbi
1888 2150 2165 2199 essentiales
2195 2158 2345 2208 erant,
2369 2154 2464 2199 205
2488 2166 2577 2213 sq.‚
2603 2152 2697 2199 215

1538 2231 1644 2278 sq.;
1680 2216 1889 2264 catarrhi
1922 2222 1971 2263 et
2000 2222 2159 2263 tusses
2192 2231 2243 2263 se
2270 2216 2563 2279 adjungunt,
2592 2222 2703 2277 post

1538 2281 1750 2329 subitam
1804 2279 2109 2342 tempestatis
2171 2281 2505 2337 mutationem,
2564 2280 2659 2328 206
2686 2298 2697 2333 ,

1539 2345 1782 2407 quomodo
1827 2345 2102 2403 curabatur,
2148 2346 2242 2392 208
2286 2360 2386 2407 sq.3
2443 2359 2595 2406 quare
2636 2344 2696 2391 ad

1538 2409 1823 2457 methodum
1846 2409 2189 2457 inveniendam
2217 2409 2297 2456 hic
2327 2408 2511 2456 diutius
2532 2409 2701 2456 haere-

1539 2473 1623 2522 bat
1670 2474 1871 2532 Auctor,
1918 2475 2041 2530 2083
2097 2479 2208 2538 post
2257 2474 2701 2524 venae-sectionem

1539 2539 1885 2602 epispasticum
1926 2539 2117 2586 nuchae
2165 2538 2526 2602 applicandum,
2572 2540 2701 2594 210,

1539 2611 1590 2650 et
1621 2619 1793 2651 enema
1827 2604 2041 2664 quotidie
2070 2604 2401 2665 repetendum,
2424 2605 2553 2660 210,
2596 2609 2707 2665 post

1540 2668 1661 2715 haec
1714 2668 1912 2715 morbus
1974 2667 2067 2715 sibi
2125 2667 2517 2723 committendus,
2574 2669 2669 2715 210
2691 2687 2703 2724 ,

1542 2731 1701 2779 diaeta
1723 2733 1787 2779 sit
1808 2731 1983 2788 tenuis,
2010 2733 2103 2778 210
2124 2750 2134 2786 ;
2170 2731 2296 2779 lecto
2319 2731 2533 2793 quotidie
2554 2732 2703 2778 absti-

1541 2797 1774 2853 nendum,
1799 2797 1925 2850 210,
1958 2810 2020 2842 ne
2051 2803 2213 2842 tamen
2243 2795 2427 2843 diutius
2449 2811 2596 2857 quam
2621 2811 2708 2859 par

1543 2867 1631 2918 est,
1657 2862 1779 2916 2113
1814 2859 2067 2907 solvuntur
2087 2859 2393 2921 objectiones,
2420 2860 2706 2916 211-213,

1544 2925 1743 2972 sudores
1780 2939 1877 2971 non
1916 2924 2021 2971 sine
2057 2923 2336 2971 discrimine
2371 2924 2706 2981 sollicitantur,

1546 2991 1641 3036 213
1662 3008 1673 3044 ,
1708 3004 1796 3051 per
1816 2989 2253 3036 venae-sectionem
2286 2995 2336 3034 et
2359 2993 2580 3035 enemata
2596 2987 2705 3036 feli·

1545 3053 1652 3100 cius
1676 3053 1959 3100 succedebat
1985 3053 2185 3110 curatio,
2206 3047 2317 3109 213,
2343 3054 2465 3107 214,
2500 3067 2641 3099 coma
2660 3059 2710 3100 et

1545 3125 1713 3180 stupor
1734 3117 1931 3164 tandem
1954 3133 2043 3164 sua
2063 3124 2233 3180 sponte
2254 3117 2554 3172 recedebant,
2581 3119 2676 3164 214
2696 3137 2711 3172 ,

1545 3182 1805 3245 aliquando
1820 3182 1881 3228 ad
1904 3184 2061 3229 30““““ΙΙ
2078 3181 2205 3229 diem
2230 3181 2442 3229 defertur
2458 3181 2708 3228 convales-

1546 3247 1733 3294 centiae
1751 3247 1964 3309 primum
1990 3247 2201 3308 signum,
2221 3248 2333 3304 214,
2355 3248 2447 3294 215
2467 3265 2478 3301 ,
2502 3246 2709 3308 phrene-

1546 3310 1612 3359 sis
1654 3311 1757 3358 sine
1800 3317 2011 3373 stupore,
2058 3326 2181 3373 quae
2225 3310 2487 3372 aliquando
2530 3311 2709 3369 aderat,

1546 3375 1788 3437 quomodo
1822 3376 2096 3432 sanabatur,
2134 3377 2261 3430 215,
2312 3376 2429 3422 item
2463 3375 2713 3423 diarrhoea

1545 3447 1595 3487 et
1616 3439 1890 3503 dysenteria
1921 3439 2307 3502 symptomatica,
2332 3442 2426 3488 215
2450 3455 2520 3502 sq.
2541 3459 2553 3496 3
2589 3440 2709 3487 item

1545 3505 1743 3552 sudores
1773 3505 2013 3560 nocturni,
2039 3505 2148 3562 216,
2170 3504 2262 3555 217
2285 3522 2297 3560 3
2330 3504 2533 3567 epidem.
2558 3505 2707 3552 febris

1543 3569 1660 3616 anni
1682 3569 1761 3620 ’79
1784 3568 1957 3630 quaIiS,
1982 3574 2029 3616 et
2045 3569 2285 3630 quomodo
2307 3569 2580 3625 curabatur,
2597 3569 2707 3620 297.

1612 3634 1932 3680 Error-,mers
1960 3633 2092 3694 (De)
2120 3633 2337 3681 Moasxs
2362 3634 2583 3688 29-37,
2620 3634 2705 3681 Da

1544 3697 1761 3746 Momm
1786 3697 2113 3744 Error-:mers
2149 3712 2214 3745 ΑΒ
2240 3711 2387 3744 Anno
2409 3698 2489 3746 ’75
2512 3711 2582 3744 An
2607 3711 2705 3745 Au-

1544 3776 1661 3810 ΝυΜ
1686 3765 1783 3820 ’80,
1813 3762 2086 3813 275-299.
2115 3760 2199 3822 [cfi
2228 3761 2541 3823 Con-stitutio]

1608 3826 1885 3889 Epidemici
1906 3825 2061 3874 morbi
2076 3825 2159 3886 qui
2181 3833 2429 3882 vocentur,
2450 3827 2509 3872 28
2529 3845 2541 3880 3
2576 3826 2707 3873 unde

1541 3891 1797 3953 pendeant,
1822 3893 1899 3948 28,
1924 3893 2003 3948 30,
2029 3892 2106 3945 34,
2132 3891 2209 3946 36,
2236 3891 2313 3944 96,
2339 3888 2417 3945 97,
2446 3889 2553 3946 179,
2580 3893 2705 3947 428,

1542 3971 1641 4018 qua
1661 3955 1845 4002 ratione
1874 3957 1957 4002 aer
1988 3952 2195 4000 effluviis
2214 3953 2407 4000 morbos
2428 3953 2573 4001 hosce
2594 3969 2704 4016 pro-

1542 4019 1832 4066 ducentibus
1875 4024 2067 4073 scateat,
2109 4020 2221 4074 220,
2260 4019 2372 4074 225,
2418 4020 2530 4073 428,
2574 4017 2703 4074 487,

1541 4083 1663 4130 varii
1685 4083 1889 4145 epidem.
1915 4098 2011 4144 qua
2034 4082 2093 4128 de
2121 4096 2268 4129 causa
2287 4081 2339 4128 in
2360 4083 2561 4130 eandem
2588 4098 2703 4131 con-

1543 4147 1843 4195 stitutionem
1878 4147 2107 4203 incidant,
2142 4147 2260 4202 179,
2299 4146 2513 4207 quidam,
2545 4147 2705 4208 quoad

1543 4219 1869 4274 symptomata
1899 4210 2151 4266 nonnulla,
2188 4211 2247 4258 ab
2285 4211 2409 4257 aeria
2451 4211 2707 4260 manifesta

1543 4275 1749 4323 diathesi
1780 4276 2005 4338 pendent,
2042 4274 2165 4330 277,
2205 4289 2372 4322 omnes
2403 4291 2461 4323 ea
2492 4276 2705 4324 maxime

1543 4347 1827 4403 tempestate
1868 4347 2163 4402 grassantur,
2208 4355 2331 4401 quae
2376 4355 2490 4387 cum
2536 4355 2705 4388 eorum

1543 4405 1707 4453 indole
1728 4405 1884 4467 magis
1917 4403 2047 4462 facit,
2072 4407 2195 4459 332,
2231 4411 2337 4452 tum
2363 4405 2545 4452 ratione
2568 4421 2699 4468 sym-

1544 4476 1831 4533 ptomatum,
1854 4477 1960 4518 tum
1992 4469 2217 4517 medendi
2249 4469 2409 4527 modo,
2433 4471 2707 4533 discrepant
