3138 5006
601 298 1393 369 OBSERVATIONUM
1436 295 2008 369 MED'IGARUM
2059 312 2106 366 Ι.
2144 317 2194 365 5.
2405 294 2492 367 83

287 456 715 525 subducenda
757 456 855 526 est
901 462 1210 526 materiae
1256 456 1527 527 Febrilis
1577 484 1724 547 pars
1777 464 2009 548 aliqua,
2057 483 2184 548 quo
2226 454 2490 527 liberius
2551 472 2766 525 Funus

283 569 511 626 cortex
550 582 667 627 suo
694 564 1011 647 fimgatur
1046 586 1351 629 munere:
1398 583 1548 629 cum
1588 567 1764 630 enim
1804 566 1885 630 ab
1915 574 2188 649 utraque
2217 556 2491 631 labefac-
2521 540 2800 653 ξξζξζζ,

280 668 473 727 -tetur
501 666 951 749 quadantenus
988 668 1360 731 oeconomia
1387 669 1686 751 corporis,
1718 687 1795 733 eo
1830 668 2184 752 promptius
2225 669 2489 732 certius·
2551 670 2757 719 ’⁶¹³⁶ss

283 788 417 849 que
460 769 910 833 recrudescent
953 768 1335 854 paroxysmi,
1382 779 1801 835 evanescente
1845 772 2038 836 semel
2086 772 2364 855 pulveris
2406 772 2489 835 vi.

293 870 465 933 Mihi
494 872 691 935 etiam
718 872 925 955 magis
956 894 991 936 e
1020 894 1091 935 re
1118 872 1257 936 fore
1284 873 1539 938 videtur
1566 882 1644 938 ut
1674 876 2058 958 sanguinem
2088 875 2262 939 dicto
2289 874 2491 938 medi·

292 970 543 1037 camine
601 970 841 1039 sensim·
889 971 1307 1058 longioreque
1354 998 1395 1039 a
1436 978 1835 1061 paroxysmis
1877 978 2215 1042 intervallo
2265 976 2494 1042 leviter

290 1075 671 1157 inficiamus,
704 1098 899 1160 quam
946 1084 1022 1143 ut
1065 1098 1219 1159 uno·
1243 1078 1508 1143 omnino
1546 1080 1684 1144 ictu
1723 1102 2178 1165 paroxysmum
2209 1082 2348 1165 jam
2390 1081 2491 1143 in-

284 1184 575 1242 stantem
602 1186 932 1245 tentemus
954 1178 1330 1245 confodere:
1376 1182 1499 1245 hoc
1520 1183 1696 1246 enim
1716 1190 1906 1267 pacto
1933 1189 2000 1248 et
2018 1184 2163 1267 plus
2181 1184 2493 1267 'temporis
2529 1194 2538 1199 '

294 1282 574 1345 remedio
638 1282 1013 1346 conceditur
1076 1304 1203 1366 quo
1262 1304 1453 1347 suum
1510 1304 1672 1367 opus
1743 1285 1997 1370 plenius
2057 1285 2364 1364 absolvat,
2425 1292 2492 1350 et

292 1382 571 1446 evitatur
610 1372 912 1467 quicquid
940 1383 1010 1447 id
1054 1393 1152 1448 est
1193 1385 1461 1468 periculi
1505 1386 1680 1470 quod
1718 1408 1912 1469 aegro
1949 1388 2188 1471 poterit
2223 1388 2376 1451 oriri
2412 1408 2488 1451 ex

292 1484 511 1551 subito
538 1486 665 1550 isto
694 1494 887 1569 atque
916 1486 1367 1571 intempestivo
1396 1488 1592 1552 nimis
1623 1489 2000 1569 sufflamine,
2033 1509 2162 1573 quo
2191 1510 2490 1574 paroxys-

284 1608 469 1651 mum
533 1588 671 1670 jam
726 1588 1225 1653 invalescentem
1286 1597 1481 1674 atque
1547 1591 1726 1655 omni
1799 1612 1868 1655 se
1926 1612 2048 1674 ope
2121 1600 2490 1656 exerentem

292 1710 603 1753 conamur
644 1691 1021 1773 opprimere.
1119 1692 1477 1773 Postremo,
1522 1692 1823 1757 brevibus
1857 1694 2000 1757 istis
2042 1694 2348 1777 temporis
2389 1695 2489 1758 in-

286 1792 573 1855 tervallis
620 1793 1009 1876 repetendus
1055 1801 1153 1858 est
1211 1795 1437 1878 pulvis,
1490 1802 1568 1859 ut
1626 1818 1761 1859 non
1811 1796 2106 1879 protinus
2155 1803 2490 1861 evanescat

294 1894 523 1977 prioris
552 1894 721 1959 dosis
750 1895 951 1959 virtus
982 1904 1331 1980 antequam
1360 1899 1567 1962 altera
1599 1896 2014 1963 exhibeatur:
2062 1898 2285 1963 crebra
2315 1897 2490 1962 enim

290 1996 673 2080 repetitione
722 1998 850 2062 ista
900 1997 1108 2079 εὐεξία·
1155 1999 1422 2065 tandem
1468 1994 1971 2084 recuperabitur,
2023 2000 2363 2085 profligato
2420 2000 2491 2064 in

287 2100 569 2163 solidum
610 2099 855 2165 morbo.
972 2101 1139 2185 [35.]
1205 2102 1331 2165 His
1374 2102 1694 2167 adductus
1743 2103 2104 2167 rationibus
2147 2104 2319 2167 hanc
2369 2124 2490 2185 ego

290 2203 672 2267 methodum
716 2203 981 2267 caeteris
1022 2210 1382 2287 antepono:
1442 2203 1788 2269 Peruviani
1833 2204 2086 2268 corticis
2124 2204 2320 2268 uncia
2356 2226 2492 2269 una

286 2326 447 2368 cum
498 2306 753 2390 syrupi¹
797 2326 1089 2369 rosarum
1138 2305 1482 2370 rubr-arum
1540 2308 1750 2371 unciis
1802 2306 2053 2370 duabus
2104 2306 2488 2385 misceatur3

287 2428 483 2491 aeger
526 2426 675 2472 vero
726 2408 1155 2491 quantitatem
1206 2408 1391 2472 nucis
1434 2409 1804 2473 moschatae
1855 2409 2130 2493 majoris,
2183 2430 2370 2473 mane
2422 2416 2488 2473 et

286 2533 452 2590 sero,
500 2511 785 2595 quotidie
824 2511 1102 2591 devoret,
1145 2512 1371 2577 diebus
1416 2535 1457 2576 a
1502 2513 1788 2596 genuino
1835 2534 2216 2597 paroxysmo
2253 2511 2489 2590 vacuis,

284 2615 497 2678 donec
540 2614 1006 2678 confectionem
1043 2636 1303 2678 omnem
1346 2614 1788 2699 absumpserit.
1897 2616 2254 2698 Repetatur
2299 2635 2490 2698 porro

284 2719 373 2782 ad
401 2726 533 2782 tres
555 2719 709 2782 alias
738 2719 925 2797 vices,
956 2719 1311 2803 interjectis
1342 2738 1594 2802 semper
1622 2718 1849 2782 diebus
1880 2718 2386 2802 quatuordecim.

386 2821 552 2905 [36.]
613 2823 849 2906 Neque
894 2823 1063 2887 forte
1076 2831 1103 2870 ⁷
1155 2843 1304 2886 cum
1351 2822 1589 2886 minori
1635 2821 1853 2886 fructu
1899 2822 2194 2904 usurpari
2251 2820 2488 2905 poterit
2515 2840 2654 2889 Idem
2672 2842 2794 2891 etin

286 2929 510 2986 cortex
536 2923 643 2986 hic
670 2923 743 2986 in
771 2923 1110 3002 Tertianis,
1137 2945 1265 3006 qua
1290 2923 1549 3002 Vei-nie,
1576 2945 1704 3006 qua
1730 2922 2259 3000 Autumnalibus,
2292 2943 2486 3006 quam
2509 2905 2796 3032 ἔξαᾞζξζζὲ,

280 3025 359 3088 in
390 3023 742 3090 Quartanis
776 3025 1138 3090 adhibetur.
1232 3025 1362 3090 Sed
1406 3027 1503 3108 (ut
1536 3046 1689 3090 vera
1729 3023 2088 3108 loquamur,
2123 3043 2246 3088 nec
2279 3029 2485 3089 artem
2511 3049 2608 3096 qua
2629 3033 2738 3081 Au-

284 3125 805 3214 ἀπροσδιονύσως
821 3138 843 3164 ²
866 3129 1309 3210 ostentemus,)
1337 3128 1392 3191 si
1420 3128 1653 3191 harum
1683 3126 1986 3191 Febrium
2009 3126 2320 3190 alterutra
2348 3147 2486 3190 cor-
2509 3098 2755 3221 {³¹:²¹3ssss

280 3237 509 3313 reptus
538 3249 729 3313 aeger
754 3230 857 3294 vel
884 3231 1098 3294 infans
1128 3230 1232 3308 sit,
1254 3229 1356 3293 vel
1384 3235 1598 3293 aetate
1625 3229 1870 3307 floreat,
1891 3227 2191 3292 convenit
2219 3227 2486 3293 omnino
2507 3227 2672 3338 11⁶?ssss
2693 3243 2779 3276 ex-

289 3333 634 3416 (quantum
664 3355 783 3417 ego
811 3333 1125 3398 hactenus
1156 3333 1421 3397 edoctus
1450 3333 1639 3414 sum‚)
1673 3332 1836 3396 nihil
1866 3331 2485 3395 medicamentorum
2509 3362 2616 3405 test.
2683 3305 2772 3356 po-

284 3435 653 3518 quorumvis
688 3457 827 3519 ope,
860 3443 973 3500 aut
1009 3436 1175 3501 aeris
1216 3457 1291 3500 ac
1326 3435 1578 3499 diaetae
1616 3434 1977 3498 mutatione
2018 3433 2272 3512 moliri3
2317 3434 2486 3498 nihil
2507 3435 2789 3557 {3332th

282 3539 462 3603 enim
490 3538 645 3603 hinc
671 3540 827 3603 mali
856 3545 1085 3603 natum
1113 3537 1445 3621 hucusque
1474 3537 1783 3616 intellexi,
1803 3537 1858 3600 si
1885 3537 2079 3602 modo
2107 3544 2315 3602 totam
2343 3557 2482 3600 rem
2505 3564 2724 3612 rentibus

280 3642 579 3705 Naturae
620 3640 1040 3724 permiserim.
1147 3640 1231 3705 Id
1276 3639 1447 3724 quod
1492 3661 1615 3723 ego
1663 3660 1799 3703 non
1850 3639 1992 3703 sine
2034 3637 2478 3717 admiratione,
2504 3627 2792 3740 ἰζῗὲϊξνθ

278 3742 623 3828 praecipue
672 3745 743 3808 in
786 3743 1143 3823 infantulis,
1192 3763 1381 3826 saepe
1424 3742 1787 3822 observavi;
1839 3741 2156 3825 sanguine
2199 3762 2478 3825 namque
2502 3757 2602 3804 sive
2626 3756 2789 3806 Quar-

280 3847 704 3930 depuratione
734 3868 849 3911 sua
871 3847 1194 3924 defunct0,
1218 3846 1455 3910 Febres
1482 3846 1630 3909 illae
1662 3853 1890 3929 sponte
1919 3866 2038 3908 sua
2057 3851 2476 3909 evanuerunt.
2502 3821 2772 3941 ζζῗὶὲζξῗ·

283 3949 481 4015 Quod
508 3949 564 4012 si
594 3957 832 4028 autem,
856 3969 893 4013 e
922 3949 1264 4027 contrario,
1283 3948 1385 4012 vel
1415 3946 1718 4012 strictiori
1749 3947 1963 4031 aliquo
1991 3946 2306 4030 regimine
2337 3953 2478 4010 uta-
2503 3955 2722 4061 ῒΝοὶιωτξίο

278 4051 395 4129 ris,
434 4052 537 4115 vel
578 4051 1050 4116 medicamenta
1087 4050 1437 4134 purgantia
1478 4048 1754 4114 subinde
1798 4048 2123 4128 adhibeas,
2162 4047 2480 4130 (adhiberi
2500 4077 2784 4140 permitten-

281 4152 529 4220 scilicet
586 4155 797 4219 solent
854 4175 933 4218 eo
977 4160 1335 4238 praetextu,
1388 4159 1465 4217 ut
1513 4151 1986 4217 obstructiones
2037 4149 2474 4234 expediantur,
2503 4141 2576 4190 ‘¹²-

346 4303 373 4327 ⁸
409 4305 609 4370 Syr-api]
640 4309 887 4356 Conservae
908 4307 983 4354 ed.
1008 4305 1103 4357 ‘76.
1424 4306 1533 4368 quis
1562 4321 1619 4353 ea
1649 4311 1858 4366 nugatur
1879 4319 2001 4367 quae
2033 4302 2094 4349 ad
2115 4317 2218 4349 rem
2250 4315 2476 4364 praesen-

344 4377 368 4410 7
406 4373 565 4433 Neque
586 4369 715 4434 forte
750 4371 857 4435 ὅπη]
895 4374 947 4419 Se·
984 4373 1139 4433 itaque
1174 4373 1335 4420 harum
1424 4377 1520 4418 tem
1543 4369 1668 4417 nihil
1691 4371 1942 4418 attinent.''
2013 4366 2205 4414 Erasini
2242 4367 2394 4429 Δάας.
2423 4365 2472 4414 ii.

279 4438 499 4484 Faebn'am
522 4439 747 4483 alterutra
770 4435 846 4498 &a
872 4435 976 4482 edd.
1002 4436 1099 4492 ’66,
1125 4436 1218 4482 ’68.
1424 4437 1466 4483 4.
1488 4434 1594 4490 57.;
1637 4433 1878 4491 Gaisford‚
1903 4435 2104 4481 Paroem.
2134 4433 2296 4478 Graec.

342 4507 363 4530 ⁸
398 4497 553 4548 Οὐδὲν
583 4499 699 4562 πρὸς
733 4503 968 4548 Διόνυσον
1000 4500 1175 4547 dicitur
1206 4499 1336 4546 “ubi
