<?xml version="1.0" encoding="UTF-8"?>
<!DOCTYPE html PUBLIC "-//W3C//DTD XHTML 1.0 Transitional//EN"
    "http://www.w3.org/TR/xhtml1/DTD/xhtml1-transitional.dtd">
<html xmlns="http://www.w3.org/1999/xhtml" xml:lang="en" lang="en">
 <head>
  <title>
</title>
<meta http-equiv="Content-Type" content="text/html;charset=utf-8" />
  <meta name='ocr-system' content='tesseract 3.04.00' />
  <meta name='ocr-capabilities' content='ocr_page ocr_carea ocr_par ocr_line ocrx_word'/>
</head>
<body>
  <div class='ocr_page' id='page_1' title='image "./operaomnia00khgoog_0123.png"; bbox 0 0 3138 5006; ppageno 0'>
   <div class='ocr_carea' id='block_1_1' title="bbox 715 245 2291 312">
    <p class='ocr_par' dir='ltr' id='par_1_1' title="bbox 715 245 2291 312">
     <span class='ocr_line' id='line_1_1' title="bbox 715 245 2291 312; baseline 0.001 -2"><span class='ocrx_word' id='word_1_1' title='bbox 715 247 807 310; x_wconf 74' lang='lat'><strong>86</strong></span> <span class='ocrx_word' id='word_1_2' title='bbox 1023 297 1030 304; x_wconf 86' lang='lat'><em>.</em></span> <span class='ocrx_word' id='word_1_3' title='bbox 1121 265 1130 270; x_wconf 83' lang='lat'><strong>·</strong></span> <span class='ocrx_word' id='word_1_4' title='bbox 1335 245 1727 312; x_wconf 77' lang='lat' dir='ltr'><strong>&#39;I&#39;HOMAE</strong></span> <span class='ocrx_word' id='word_1_5' title='bbox 1776 246 2291 312; x_wconf 80' lang='lat' dir='ltr'><strong>SYDENHAM</strong></span> 
     </span>
    </p>
   </div>
   <div class='ocr_carea' id='block_1_2' title="bbox 400 407 2935 3157">
    <p class='ocr_par' dir='ltr' id='par_1_2' title="bbox 400 407 2935 3157">
     <span class='ocr_line' id='line_1_2' title="bbox 449 407 2930 493; baseline 0 -20"><span class='ocrx_word' id='word_1_6' title='bbox 449 425 659 475; x_wconf 66' lang='lat' dir='ltr'><strong>Fauna</strong></span> <span class='ocrx_word' id='word_1_7' title='bbox 795 409 979 493; x_wconf 84' lang='lat'><strong>-[40.]</strong></span> <span class='ocrx_word' id='word_1_8' title='bbox 1034 409 1422 492; x_wconf 81' lang='lat' dir='ltr'>Priusquam</span> <span class='ocrx_word' id='word_1_9' title='bbox 1479 407 1635 473; x_wconf 90' lang='lat' dir='ltr'><strong>huic</strong></span> <span class='ocrx_word' id='word_1_10' title='bbox 1708 415 2091 492; x_wconf 87' lang='lat' dir='ltr'><strong>argumento</strong></span> <span class='ocrx_word' id='word_1_11' title='bbox 2150 409 2507 473; x_wconf 70' lang='lat' dir='ltr'><strong>clausulam</strong></span> <span class='ocrx_word' id='word_1_12' title='bbox 2580 409 2930 487; x_wconf 64' lang='lat' dir='ltr'><strong>addamne,</strong></span> 
     </span>
     <span class='ocr_line' id='line_1_3' title="bbox 409 490 2935 606; baseline 0 -31"><span class='ocrx_word' id='word_1_13' title='bbox 409 490 694 606; x_wconf 39' lang='lat' dir='ltr'><strong>{xxa</strong></span> <span class='ocrx_word' id='word_1_14' title='bbox 715 512 877 576; x_wconf 89' lang='lat' dir='ltr'><strong>illud</strong></span> <span class='ocrx_word' id='word_1_15' title='bbox 920 511 1320 576; x_wconf 85' lang='lat' dir='ltr'><strong>monendum</strong></span> <span class='ocrx_word' id='word_1_16' title='bbox 1365 511 1562 590; x_wconf 89' lang='lat' dir='ltr'><strong>venit,</strong></span> <span class='ocrx_word' id='word_1_17' title='bbox 1602 531 1698 589; x_wconf 90' lang='lat' dir='ltr'><strong>ea,</strong></span> <span class='ocrx_word' id='word_1_18' title='bbox 1741 531 1905 595; x_wconf 91' lang='lat' dir='ltr'><strong>quae</strong></span> <span class='ocrx_word' id='word_1_19' title='bbox 1944 511 2025 575; x_wconf 92' lang='lat' dir='ltr'><strong>de</strong></span> <span class='ocrx_word' id='word_1_20' title='bbox 2064 510 2369 576; x_wconf 89' lang='lat' dir='ltr'><strong>Febrium</strong></span> <span class='ocrx_word' id='word_1_21' title='bbox 2412 510 2935 576; x_wconf 83' lang='lat' dir='ltr'><strong>Autumnalium</strong></span> 
     </span>
     <span class='ocr_line' id='line_1_4' title="bbox 454 613 2932 697; baseline -0 -19"><span class='ocrx_word' id='word_1_22' title='bbox 454 620 659 669; x_wconf 72' lang='lat'>&#39;61-’64-</span> <span class='ocrx_word' id='word_1_23' title='bbox 717 613 1308 678; x_wconf 87' lang='lat' dir='ltr'><strong>Intermittentium</strong></span> <span class='ocrx_word' id='word_1_24' title='bbox 1342 613 1701 691; x_wconf 86' lang='lat' dir='ltr'><strong>duratione,</strong></span> <span class='ocrx_word' id='word_1_25' title='bbox 1748 621 1942 696; x_wconf 86' lang='lat' dir='ltr'><strong>atque</strong></span> <span class='ocrx_word' id='word_1_26' title='bbox 1988 613 2068 677; x_wconf 92' lang='lat' dir='ltr'><strong>de</strong></span> <span class='ocrx_word' id='word_1_27' title='bbox 2114 619 2403 697; x_wconf 89' lang='lat' dir='ltr'><strong>tempore</strong></span> <span class='ocrx_word' id='word_1_28' title='bbox 2454 613 2535 676; x_wconf 89' lang='lat' dir='ltr'><strong>ad</strong></span> <span class='ocrx_word' id='word_1_29' title='bbox 2580 614 2932 697; x_wconf 75' lang='lat' dir='ltr'><strong>sanguinis</strong></span> 
     </span>
     <span class='ocr_line' id='line_1_5' title="bbox 711 713 2933 800; baseline 0 -21"><span class='ocrx_word' id='word_1_30' title='bbox 711 715 1274 800; x_wconf 87' lang='lat' dir='ltr'><strong>despumationem</strong></span> <span class='ocrx_word' id='word_1_31' title='bbox 1295 716 1605 799; x_wconf 86' lang='lat' dir='ltr'><strong>requisito</strong></span> <span class='ocrx_word' id='word_1_32' title='bbox 1626 716 1764 800; x_wconf 83' lang='lat' dir='ltr'><strong>jam</strong></span> <span class='ocrx_word' id='word_1_33' title='bbox 1787 713 2001 779; x_wconf 79' lang='lat' dir='ltr'><strong>dictak</strong></span> <span class='ocrx_word' id='word_1_34' title='bbox 2024 723 2199 793; x_wconf 89' lang='lat' dir='ltr'><strong>sunt,</strong></span> <span class='ocrx_word' id='word_1_35' title='bbox 2222 715 2318 780; x_wconf 87' lang='lat' dir='ltr'><strong>ita</strong></span> <span class='ocrx_word' id='word_1_36' title='bbox 2336 715 2760 798; x_wconf 88' lang='lat' dir='ltr'><strong>intelligenda</strong></span> <span class='ocrx_word' id='word_1_37' title='bbox 2776 737 2933 780; x_wconf 79' lang='lat' dir='ltr'><strong>esse</strong></span> 
     </span>
     <span class='ocr_line' id='line_1_6' title="bbox 713 816 2929 902; baseline 0 -20"><span class='ocrx_word' id='word_1_38' title='bbox 713 826 791 883; x_wconf 84' lang='lat' dir='ltr'><strong>ut</strong></span> <span class='ocrx_word' id='word_1_39' title='bbox 821 839 938 882; x_wconf 89' lang='lat' dir='ltr'><strong>nos</strong></span> <span class='ocrx_word' id='word_1_40' title='bbox 970 819 1178 882; x_wconf 88' lang='lat' dir='ltr'><strong>solum</strong></span> <span class='ocrx_word' id='word_1_41' title='bbox 1205 816 1392 882; x_wconf 90' lang='lat' dir='ltr'><strong>illud¹</strong></span> <span class='ocrx_word' id='word_1_42' title='bbox 1422 839 1601 882; x_wconf 90' lang='lat' dir='ltr'><strong>nunc</strong></span> <span class='ocrx_word' id='word_1_43' title='bbox 1642 825 1999 902; x_wconf 80' lang='lat' dir='ltr'><strong>spectemus</strong></span> <span class='ocrx_word' id='word_1_44' title='bbox 2030 818 2203 901; x_wconf 88' lang='lat' dir='ltr'><strong>quod</strong></span> <span class='ocrx_word' id='word_1_45' title='bbox 2232 818 2509 896; x_wconf 89' lang='lat' dir='ltr'><strong>Natura,</strong></span> <span class='ocrx_word' id='word_1_46' title='bbox 2540 817 2929 900; x_wconf 72' lang='lat' dir='ltr'>vulgaribus</span> 
     </span>
     <span class='ocr_line' id='line_1_7' title="bbox 714 920 2923 1005; baseline -0 -19"><span class='ocrx_word' id='word_1_47' title='bbox 714 928 910 1005; x_wconf 89' lang='lat' dir='ltr'><strong>atque</strong></span> <span class='ocrx_word' id='word_1_48' title='bbox 938 921 1192 986; x_wconf 84' lang='lat' dir='ltr'><strong>usitatis</strong></span> <span class='ocrx_word' id='word_1_49' title='bbox 1221 928 1482 986; x_wconf 86' lang='lat' dir='ltr'><strong>tantum</strong></span> <span class='ocrx_word' id='word_1_50' title='bbox 1510 921 1997 984; x_wconf 83' lang='lat' dir='ltr'><strong>medicamentis</strong></span> <span class='ocrx_word' id='word_1_51' title='bbox 2028 920 2313 998; x_wconf 84' lang='lat' dir='ltr'><strong>suffulta,</strong></span> <span class='ocrx_word' id='word_1_52' title='bbox 2337 927 2661 1003; x_wconf 88' lang='lat' dir='ltr'><strong>praestare</strong></span> <span class='ocrx_word' id='word_1_53' title='bbox 2690 920 2923 985; x_wconf 80' lang='lat' dir='ltr'><strong>soleat.</strong></span> 
     </span>
     <span class='ocr_line' id='line_1_8' title="bbox 714 1021 2923 1106; baseline -0.001 -17"><span class='ocrx_word' id='word_1_54' title='bbox 714 1023 1144 1106; x_wconf 79' lang='lat' dir='ltr'><strong>Nequaquam</strong></span> <span class='ocrx_word' id='word_1_55' title='bbox 1185 1023 1361 1086; x_wconf 90' lang='lat' dir='ltr'><strong>enim</strong></span> <span class='ocrx_word' id='word_1_56' title='bbox 1395 1044 1471 1087; x_wconf 93' lang='lat' dir='ltr'><strong>eo</strong></span> <span class='ocrx_word' id='word_1_57' title='bbox 1511 1022 1779 1087; x_wconf 87' lang='lat' dir='ltr'><strong>consilio</strong></span> <span class='ocrx_word' id='word_1_58' title='bbox 1816 1021 1895 1086; x_wconf 90' lang='lat' dir='ltr'><strong>de</strong></span> <span class='ocrx_word' id='word_1_59' title='bbox 1930 1023 2031 1086; x_wconf 89' lang='lat' dir='ltr'><strong>his</strong></span> <span class='ocrx_word' id='word_1_60' title='bbox 2066 1023 2259 1086; x_wconf 89' lang='lat' dir='ltr'><strong>rebus</strong></span> <span class='ocrx_word' id='word_1_61' title='bbox 2298 1023 2395 1087; x_wconf 84' lang='lat' dir='ltr'><strong>ita</strong></span> <span class='ocrx_word' id='word_1_62' title='bbox 2431 1023 2633 1086; x_wconf 89' lang='lat' dir='ltr'><strong>locuti</strong></span> <span class='ocrx_word' id='word_1_63' title='bbox 2668 1043 2923 1102; x_wconf 86' lang='lat' dir='ltr'><strong>sumus,</strong></span> 
     </span>
     <span class='ocr_line' id='line_1_9' title="bbox 713 1125 2919 1209; baseline 0.001 -21"><span class='ocrx_word' id='word_1_64' title='bbox 713 1147 788 1189; x_wconf 89' lang='lat' dir='ltr'><strong>ac</strong></span> <span class='ocrx_word' id='word_1_65' title='bbox 811 1125 866 1188; x_wconf 93' lang='lat' dir='ltr'><strong>si</strong></span> <span class='ocrx_word' id='word_1_66' title='bbox 888 1126 1108 1193; x_wconf 88' lang='lat' dir='ltr'><strong>doctos</strong></span> <span class='ocrx_word' id='word_1_67' title='bbox 1140 1135 1266 1190; x_wconf 68' lang='lat' dir='ltr'><strong>acm</strong></span> <span class='ocrx_word' id='word_1_68' title='bbox 1298 1126 1560 1190; x_wconf 89' lang='lat' dir='ltr'><strong>solertes</strong></span> <span class='ocrx_word' id='word_1_69' title='bbox 1581 1125 1873 1189; x_wconf 91' lang='lat' dir='ltr'><strong>Medicos</strong></span> <span class='ocrx_word' id='word_1_70' title='bbox 1896 1125 2291 1209; x_wconf 82' lang='lat' dir='ltr'><strong>despondere</strong></span> <span class='ocrx_word' id='word_1_71' title='bbox 2310 1127 2603 1189; x_wconf 89' lang='lat' dir='ltr'><strong>animum</strong></span> <span class='ocrx_word' id='word_1_72' title='bbox 2619 1125 2919 1204; x_wconf 85' lang='lat' dir='ltr'><strong>velimus,</strong></span> 
     </span>
     <span class='ocr_line' id='line_1_10' title="bbox 713 1227 2923 1311; baseline -0 -20"><span class='ocrx_word' id='word_1_73' title='bbox 713 1236 908 1310; x_wconf 87' lang='lat' dir='ltr'><strong>atque</strong></span> <span class='ocrx_word' id='word_1_74' title='bbox 935 1229 1035 1292; x_wconf 91' lang='lat' dir='ltr'><strong>vel</strong></span> <span class='ocrx_word' id='word_1_75' title='bbox 1066 1229 1146 1292; x_wconf 91' lang='lat' dir='ltr'><strong>de</strong></span> <span class='ocrx_word' id='word_1_76' title='bbox 1185 1228 1554 1292; x_wconf 88' lang='lat' dir='ltr'><strong>melioribus</strong></span> <span class='ocrx_word' id='word_1_77' title='bbox 1584 1227 1888 1292; x_wconf 88' lang='lat' dir='ltr'><strong>medendi</strong></span> <span class='ocrx_word' id='word_1_78' title='bbox 1920 1228 2281 1292; x_wconf 87' lang='lat' dir='ltr'><strong>rationibus</strong></span> <span class='ocrx_word' id='word_1_79' title='bbox 2322 1227 2780 1311; x_wconf 79' lang='lat' dir='ltr'><strong>excogitandis,</strong></span> <span class='ocrx_word' id='word_1_80' title='bbox 2809 1228 2923 1292; x_wconf 83' lang='lat' dir='ltr'><strong>vel</strong></span> 
     </span>
     <span class='ocr_line' id='line_1_11' title="bbox 711 1314 2915 1414; baseline 0 -21"><span class='ocrx_word' id='word_1_81' title='bbox 711 1314 1133 1395; x_wconf 80' lang='lat' dir='ltr'><strong>nobilioribus</strong></span> <span class='ocrx_word' id='word_1_82' title='bbox 1178 1331 1474 1394; x_wconf 86' lang='lat' dir='ltr'><strong>remediis</strong></span> <span class='ocrx_word' id='word_1_83' title='bbox 1517 1330 1919 1394; x_wconf 86' lang='lat' dir='ltr'><strong>inveniendis</strong></span> <span class='ocrx_word' id='word_1_84' title='bbox 1956 1351 2136 1414; x_wconf 86' lang='lat' dir='ltr'><strong>spem</strong></span> <span class='ocrx_word' id='word_1_85' title='bbox 2174 1337 2380 1394; x_wconf 88' lang='lat' dir='ltr'><strong>totam</strong></span> <span class='ocrx_word' id='word_1_86' title='bbox 2426 1330 2721 1414; x_wconf 84' lang='lat' dir='ltr'><strong>abjicere,</strong></span> <span class='ocrx_word' id='word_1_87' title='bbox 2754 1351 2915 1414; x_wconf 80' lang='lat' dir='ltr'><strong>quo-</strong></span> 
     </span>
     <span class='ocr_line' id='line_1_12' title="bbox 710 1432 2917 1517; baseline -0 -21"><span class='ocrx_word' id='word_1_88' title='bbox 710 1455 859 1496; x_wconf 90' lang='lat' dir='ltr'><strong>rum</strong></span> <span class='ocrx_word' id='word_1_89' title='bbox 889 1455 1008 1516; x_wconf 88' lang='lat' dir='ltr'><strong>ope</strong></span> <span class='ocrx_word' id='word_1_90' title='bbox 1035 1433 1406 1517; x_wconf 73' lang='lat' dir='ltr'><strong>hujusmodi</strong></span> <span class='ocrx_word' id='word_1_91' title='bbox 1435 1432 1808 1497; x_wconf 87' lang='lat' dir='ltr'><strong>morborum</strong></span> <span class='ocrx_word' id='word_1_92' title='bbox 1845 1433 2244 1497; x_wconf 74' lang='lat' dir='ltr'><strong>sanationem</strong></span> <span class='ocrx_word' id='word_1_93' title='bbox 2275 1433 2651 1498; x_wconf 85' lang='lat' dir='ltr'><strong>accelerent.</strong></span> <span class='ocrx_word' id='word_1_94' title='bbox 2740 1433 2917 1496; x_wconf 82' lang='lat' dir='ltr'><strong>Tan-</strong></span> 
     </span>
     <span class='ocr_line' id='line_1_13' title="bbox 709 1534 2915 1619; baseline 0 -21"><span class='ocrx_word' id='word_1_95' title='bbox 709 1543 853 1599; x_wconf 92' lang='lat' dir='ltr'><strong>tum</strong></span> <span class='ocrx_word' id='word_1_96' title='bbox 883 1535 1060 1599; x_wconf 91' lang='lat' dir='ltr'><strong>enim</strong></span> <span class='ocrx_word' id='word_1_97' title='bbox 1099 1557 1219 1618; x_wconf 88' lang='lat' dir='ltr'><strong>ego</strong></span> <span class='ocrx_word' id='word_1_98' title='bbox 1261 1535 1548 1619; x_wconf 87' lang='lat' dir='ltr'><strong>profecto</strong></span> <span class='ocrx_word' id='word_1_99' title='bbox 1585 1534 1666 1599; x_wconf 88' lang='lat' dir='ltr'><strong>ab</strong></span> <span class='ocrx_word' id='word_1_100' title='bbox 1696 1535 1818 1598; x_wconf 91' lang='lat' dir='ltr'><strong>hoc</strong></span> <span class='ocrx_word' id='word_1_101' title='bbox 1856 1536 2181 1618; x_wconf 88' lang='lat' dir='ltr'><strong>proposito</strong></span> <span class='ocrx_word' id='word_1_102' title='bbox 2211 1535 2441 1599; x_wconf 88' lang='lat' dir='ltr'><strong>absum</strong></span> <span class='ocrx_word' id='word_1_103' title='bbox 2482 1541 2557 1598; x_wconf 93' lang='lat' dir='ltr'><strong>ut</strong></span> <span class='ocrx_word' id='word_1_104' title='bbox 2588 1555 2722 1601; x_wconf 86' lang='lat' dir='ltr'><strong>non</strong></span> <span class='ocrx_word' id='word_1_105' title='bbox 2766 1534 2915 1599; x_wconf 83' lang='lat' dir='ltr'><strong>des-</strong></span> 
     </span>
     <span class='ocr_line' id='line_1_14' title="bbox 707 1637 2915 1722; baseline 0 -20"><span class='ocrx_word' id='word_1_106' title='bbox 707 1660 927 1722; x_wconf 91' lang='lat' dir='ltr'><strong>perem</strong></span> <span class='ocrx_word' id='word_1_107' title='bbox 955 1639 1055 1702; x_wconf 90' lang='lat' dir='ltr'><strong>vel</strong></span> <span class='ocrx_word' id='word_1_108' title='bbox 1086 1661 1126 1703; x_wconf 91' lang='lat' dir='ltr'><strong>a</strong></span> <span class='ocrx_word' id='word_1_109' title='bbox 1153 1659 1259 1703; x_wconf 89' lang='lat' dir='ltr'><strong>me</strong></span> <span class='ocrx_word' id='word_1_110' title='bbox 1295 1639 1432 1722; x_wconf 90' lang='lat' dir='ltr'><strong>ipso</strong></span> <span class='ocrx_word' id='word_1_111' title='bbox 1461 1639 1593 1702; x_wconf 89' lang='lat' dir='ltr'><strong>tale</strong></span> <span class='ocrx_word' id='word_1_112' title='bbox 1625 1638 1954 1722; x_wconf 88' lang='lat' dir='ltr'><strong>quidpiam</strong></span> <span class='ocrx_word' id='word_1_113' title='bbox 1990 1638 2121 1702; x_wconf 92' lang='lat' dir='ltr'><strong>sive</strong></span> <span class='ocrx_word' id='word_1_114' title='bbox 2150 1637 2442 1703; x_wconf 85' lang='lat' dir='ltr'><strong>methodi</strong></span> <span class='ocrx_word' id='word_1_115' title='bbox 2470 1639 2601 1702; x_wconf 89' lang='lat' dir='ltr'><strong>sive</strong></span> <span class='ocrx_word' id='word_1_116' title='bbox 2640 1638 2915 1703; x_wconf 87' lang='lat' dir='ltr'><strong>remedii</strong></span> 
     </span>
     <span class='ocr_line' id='line_1_15' title="bbox 709 1742 1536 1826; baseline -0.001 -20"><span class='ocrx_word' id='word_1_117' title='bbox 709 1742 1054 1825; x_wconf 86' lang='lat' dir='ltr'><strong>aliquando</strong></span> <span class='ocrx_word' id='word_1_118' title='bbox 1082 1749 1408 1826; x_wconf 86' lang='lat' dir='ltr'><strong>repertum</strong></span> <span class='ocrx_word' id='word_1_119' title='bbox 1439 1742 1536 1805; x_wconf 89' lang='lat' dir='ltr'><strong>iri.</strong></span> 
     </span>
     <span class='ocr_line' id='line_1_16' title="bbox 409 1843 2910 1929; baseline 0.003 -28"><span class='ocrx_word' id='word_1_120' title='bbox 409 1854 612 1903; x_wconf 74' lang='lat' dir='ltr'><strong>Sublato</strong></span> <span class='ocrx_word' id='word_1_121' title='bbox 805 1846 914 1929; x_wconf 84' lang='lat'><strong>[41</strong></span> <span class='ocrx_word' id='word_1_122' title='bbox 927 1845 971 1929; x_wconf 94' lang='lat'><strong>.]</strong></span> <span class='ocrx_word' id='word_1_123' title='bbox 1031 1844 1301 1910; x_wconf 90' lang='lat' dir='ltr'><strong>Sublato</strong></span> <span class='ocrx_word' id='word_1_124' title='bbox 1339 1844 1583 1921; x_wconf 89' lang='lat' dir='ltr'><strong>morbo,</strong></span> <span class='ocrx_word' id='word_1_125' title='bbox 1622 1865 1811 1927; x_wconf 86' lang='lat' dir='ltr'><strong>aeger</strong></span> <span class='ocrx_word' id='word_1_126' title='bbox 1854 1843 2073 1908; x_wconf 87' lang='lat' dir='ltr'><strong>sedulo</strong></span> <span class='ocrx_word' id='word_1_127' title='bbox 2101 1843 2475 1926; x_wconf 85' lang='lat' dir='ltr'><strong>purgandus</strong></span> <span class='ocrx_word' id='word_1_128' title='bbox 2521 1849 2655 1922; x_wconf 82' lang='lat' dir='ltr'><strong>est3</strong></span> <span class='ocrx_word' id='word_1_129' title='bbox 2698 1843 2910 1908; x_wconf 90' lang='lat' dir='ltr'><strong>incre-</strong></span> 
     </span>
     <span class='ocr_line' id='line_1_17' title="bbox 406 1919 2911 2044; baseline 0 -32"><span class='ocrx_word' id='word_1_130' title='bbox 406 1919 648 2044; x_wconf 50' lang='lat' dir='ltr'><strong>{ne‘g&#39;ssoie-</strong></span> <span class='ocrx_word' id='word_1_131' title='bbox 711 1947 906 2012; x_wconf 88' lang='lat' dir='ltr'><strong>dibile</strong></span> <span class='ocrx_word' id='word_1_132' title='bbox 935 1947 1110 2012; x_wconf 89' lang='lat' dir='ltr'><strong>enim</strong></span> <span class='ocrx_word' id='word_1_133' title='bbox 1129 1947 1309 2012; x_wconf 88' lang='lat' dir='ltr'><strong>dictu</strong></span> <span class='ocrx_word' id='word_1_134' title='bbox 1332 1954 1577 2032; x_wconf 89' lang='lat' dir='ltr'><strong>quanta</strong></span> <span class='ocrx_word' id='word_1_135' title='bbox 1603 1946 1976 2011; x_wconf 85' lang='lat' dir='ltr'><strong>morborum</strong></span> <span class='ocrx_word' id='word_1_136' title='bbox 1997 1947 2091 2010; x_wconf 90' lang='lat' dir='ltr'><strong>vis</strong></span> <span class='ocrx_word' id='word_1_137' title='bbox 2120 1967 2199 2010; x_wconf 87' lang='lat' dir='ltr'><strong>ex</strong></span> <span class='ocrx_word' id='word_1_138' title='bbox 2227 1947 2629 2030; x_wconf 87' lang='lat' dir='ltr'><strong>purgationis</strong></span> <span class='ocrx_word' id='word_1_139' title='bbox 2652 1947 2911 2012; x_wconf 88' lang='lat' dir='ltr'><strong>defectu</strong></span> 
     </span>
     <span class='ocr_line' id='line_1_18' title="bbox 407 2045 2912 2160; baseline 0.002 -51"><span class='ocrx_word' id='word_1_140' title='bbox 407 2045 532 2160; x_wconf 56' lang='lat'>‘¹⁸¹2</span> <span class='ocrx_word' id='word_1_141' title='bbox 543 2063 660 2109; x_wconf 81' lang='lat' dir='ltr'><strong>pur-</strong></span> <span class='ocrx_word' id='word_1_142' title='bbox 710 2057 857 2133; x_wconf 89' lang='lat' dir='ltr'><strong>post</strong></span> <span class='ocrx_word' id='word_1_143' title='bbox 903 2051 1138 2115; x_wconf 81' lang='lat' dir='ltr'><strong>Febres</strong></span> <span class='ocrx_word' id='word_1_144' title='bbox 1174 2049 1605 2113; x_wconf 90' lang='lat' dir='ltr'><strong>Autumnales</strong></span> <span class='ocrx_word' id='word_1_145' title='bbox 1654 2048 2097 2113; x_wconf 83' lang='lat' dir='ltr'><strong>subnascatur.</strong></span> <span class='ocrx_word' id='word_1_146' title='bbox 2187 2049 2398 2113; x_wconf 88' lang='lat' dir='ltr'><strong>Miror</strong></span> <span class='ocrx_word' id='word_1_147' title='bbox 2442 2055 2661 2114; x_wconf 89' lang='lat' dir='ltr'><strong>autem</strong></span> <span class='ocrx_word' id='word_1_148' title='bbox 2696 2049 2822 2113; x_wconf 89' lang='lat' dir='ltr'><strong>hoc</strong></span> <span class='ocrx_word' id='word_1_149' title='bbox 2870 2071 2912 2113; x_wconf 82' lang='lat' dir='ltr'><strong>a</strong></span> 
     </span>
     <span class='ocr_line' id='line_1_19' title="bbox 402 2120 2909 2230; baseline 0 -14"><span class='ocrx_word' id='word_1_150' title='bbox 402 2127 498 2173; x_wconf 56' lang='grc' dir='ltr'><strong>μη</strong></span> <span class='ocrx_word' id='word_1_151' title='bbox 533 2128 592 2159; x_wconf 65' lang='lat'><strong>¹³⁸</strong></span> <span class='ocrx_word' id='word_1_152' title='bbox 603 2120 691 2161; x_wconf 52' lang='grc' dir='ltr'><strong>ω’</strong></span> <span class='ocrx_word' id='word_1_153' title='bbox 711 2152 985 2216; x_wconf 88' lang='lat' dir='ltr'><strong>Medicis</strong></span> <span class='ocrx_word' id='word_1_154' title='bbox 1029 2152 1244 2216; x_wconf 87' lang='lat' dir='ltr'><strong>minus</strong></span> <span class='ocrx_word' id='word_1_155' title='bbox 1284 2152 1509 2230; x_wconf 87' lang='lat' dir='ltr'><strong>caveri,</strong></span> <span class='ocrx_word' id='word_1_156' title='bbox 1540 2151 1759 2214; x_wconf 87' lang='lat' dir='ltr'><strong>minus</strong></span> <span class='ocrx_word' id='word_1_157' title='bbox 1798 2151 1994 2215; x_wconf 88' lang='lat' dir='ltr'><strong>etiam</strong></span> <span class='ocrx_word' id='word_1_158' title='bbox 2025 2151 2375 2216; x_wconf 76' lang='lat' dir='ltr'><strong>admoneri.</strong></span> <span class='ocrx_word' id='word_1_159' title='bbox 2468 2152 2909 2218; x_wconf 79' lang='lat' dir='ltr'><strong>Quandocun-</strong></span> 
     </span>
     <span class='ocr_line' id='line_1_20' title="bbox 710 2253 2911 2338; baseline -0 -19"><span class='ocrx_word' id='word_1_160' title='bbox 710 2276 836 2338; x_wconf 92' lang='lat' dir='ltr'><strong>que</strong></span> <span class='ocrx_word' id='word_1_161' title='bbox 886 2254 1062 2318; x_wconf 92' lang='lat' dir='ltr'><strong>enim</strong></span> <span class='ocrx_word' id='word_1_162' title='bbox 1115 2255 1347 2317; x_wconf 89' lang='lat' dir='ltr'><strong>horum</strong></span> <span class='ocrx_word' id='word_1_163' title='bbox 1397 2253 1772 2317; x_wconf 88' lang='lat' dir='ltr'><strong>morborum</strong></span> <span class='ocrx_word' id='word_1_164' title='bbox 1820 2254 2202 2317; x_wconf 89' lang='lat' dir='ltr'><strong>alterutrum</strong></span> <span class='ocrx_word' id='word_1_165' title='bbox 2251 2255 2445 2337; x_wconf 86' lang='lat' dir='ltr'><strong>paulo</strong></span> <span class='ocrx_word' id='word_1_166' title='bbox 2495 2254 2911 2338; x_wconf 86' lang='lat' dir='ltr'><strong>provectioris</strong></span> 
     </span>
     <span class='ocr_line' id='line_1_21' title="bbox 709 2354 2911 2440; baseline 0 -20"><span class='ocrx_word' id='word_1_167' title='bbox 709 2357 936 2422; x_wconf 87' lang='lat' dir='ltr'><strong>aetatis</strong></span> <span class='ocrx_word' id='word_1_168' title='bbox 983 2355 1354 2420; x_wconf 90' lang='lat' dir='ltr'><strong>hominibus</strong></span> <span class='ocrx_word' id='word_1_169' title='bbox 1406 2354 1710 2420; x_wconf 89' lang='lat' dir='ltr'><strong>accidisse</strong></span> <span class='ocrx_word' id='word_1_170' title='bbox 1756 2356 1907 2432; x_wconf 88' lang='lat' dir='ltr'><strong>vidi,</strong></span> <span class='ocrx_word' id='word_1_171' title='bbox 1961 2363 2157 2439; x_wconf 89' lang='lat' dir='ltr'><strong>atque</strong></span> <span class='ocrx_word' id='word_1_172' title='bbox 2206 2357 2659 2440; x_wconf 89' lang='lat' dir='ltr'><strong>purgationem</strong></span> <span class='ocrx_word' id='word_1_173' title='bbox 2710 2358 2911 2421; x_wconf 88' lang='lat' dir='ltr'><strong>etiam</strong></span> 
     </span>
     <span class='ocr_line' id='line_1_22' title="bbox 707 2457 2908 2543; baseline -0.002 -16"><span class='ocrx_word' id='word_1_174' title='bbox 707 2459 1028 2537; x_wconf 84' lang='lat' dir='ltr'><strong>omissam,</strong></span> <span class='ocrx_word' id='word_1_175' title='bbox 1069 2466 1246 2523; x_wconf 87' lang='lat' dir='ltr'><strong>certo</strong></span> <span class='ocrx_word' id='word_1_176' title='bbox 1294 2457 1657 2542; x_wconf 82' lang='lat' dir='ltr'><strong>praedicere</strong></span> <span class='ocrx_word' id='word_1_177' title='bbox 1707 2457 1889 2542; x_wconf 89' lang='lat' dir='ltr'><strong>potui</strong></span> <span class='ocrx_word' id='word_1_178' title='bbox 1936 2458 2367 2542; x_wconf 77' lang='lat' dir='ltr'><strong>periculosum</strong></span> <span class='ocrx_word' id='word_1_179' title='bbox 2419 2459 2699 2543; x_wconf 91' lang='lat' dir='ltr'><strong>aliquem</strong></span> <span class='ocrx_word' id='word_1_180' title='bbox 2736 2479 2908 2524; x_wconf 88' lang='lat' dir='ltr'><strong>mor-</strong></span> 
     </span>
     <span class='ocr_line' id='line_1_23' title="bbox 706 2560 2909 2645; baseline 0 -20"><span class='ocrx_word' id='word_1_181' title='bbox 706 2563 866 2626; x_wconf 89' lang='lat' dir='ltr'><strong>bum</strong></span> <span class='ocrx_word' id='word_1_182' title='bbox 911 2561 1168 2625; x_wconf 90' lang='lat' dir='ltr'><strong>eosdem</strong></span> <span class='ocrx_word' id='word_1_183' title='bbox 1209 2568 1434 2645; x_wconf 88' lang='lat' dir='ltr'><strong>postea</strong></span> <span class='ocrx_word' id='word_1_184' title='bbox 1470 2561 1891 2639; x_wconf 88' lang='lat' dir='ltr'><strong>adoriturum,</strong></span> <span class='ocrx_word' id='word_1_185' title='bbox 1932 2560 2013 2624; x_wconf 98' lang='lat' dir='ltr'><strong>de</strong></span> <span class='ocrx_word' id='word_1_186' title='bbox 2058 2582 2185 2644; x_wconf 91' lang='lat' dir='ltr'><strong>quo</strong></span> <span class='ocrx_word' id='word_1_187' title='bbox 2223 2568 2444 2625; x_wconf 86' lang='lat' dir='ltr'><strong>tamen</strong></span> <span class='ocrx_word' id='word_1_188' title='bbox 2480 2562 2577 2625; x_wconf 93' lang='lat' dir='ltr'><strong>illi</strong></span> <span class='ocrx_word' id='word_1_189' title='bbox 2612 2562 2909 2627; x_wconf 90' lang='lat' dir='ltr'><strong>nondum</strong></span> 
     </span>
     <span class='ocr_line' id='line_1_24' title="bbox 707 2664 2140 2747; baseline 0 -20"><span class='ocrx_word' id='word_1_190' title='bbox 707 2664 1199 2743; x_wconf 82' lang='lat' dir='ltr'><strong>somniaverant,</strong></span> <span class='ocrx_word' id='word_1_191' title='bbox 1231 2664 1414 2747; x_wconf 89' lang='lat' dir='ltr'><strong>quasi</strong></span> <span class='ocrx_word' id='word_1_192' title='bbox 1440 2664 1721 2746; x_wconf 86' lang='lat' dir='ltr'><strong>perfecte</strong></span> <span class='ocrx_word' id='word_1_193' title='bbox 1743 2664 1881 2747; x_wconf 55' lang='lat' dir='ltr'><strong>‚iam</strong></span> <span class='ocrx_word' id='word_1_194' title='bbox 1906 2664 2140 2727; x_wconf 86' lang='lat' dir='ltr'><strong>sanati.</strong></span> 
     </span>
     <span class='ocr_line' id='line_1_25' title="bbox 405 2765 2911 2851; baseline 0 -21"><span class='ocrx_word' id='word_1_195' title='bbox 405 2786 475 2835; x_wconf 83' lang='lat' dir='ltr'><strong>At</strong></span> <span class='ocrx_word' id='word_1_196' title='bbox 483 2788 684 2837; x_wconf 72' lang='lat' dir='ltr'><strong>nonnisi</strong></span> <span class='ocrx_word' id='word_1_197' title='bbox 805 2766 1014 2849; x_wconf 71' lang='grc' dir='ltr'><strong>[42.]ιι</strong></span> <span class='ocrx_word' id='word_1_198' title='bbox 1059 2766 1345 2830; x_wconf 88' lang='lat' dir='ltr'><strong>Omnino</strong></span> <span class='ocrx_word' id='word_1_199' title='bbox 1391 2765 1655 2829; x_wconf 88' lang='lat' dir='ltr'><strong>interim</strong></span> <span class='ocrx_word' id='word_1_200' title='bbox 1694 2766 2051 2830; x_wconf 89' lang='lat' dir='ltr'><strong>cavendum</strong></span> <span class='ocrx_word' id='word_1_201' title='bbox 2096 2773 2190 2830; x_wconf 78' lang='lat' dir='ltr'><strong>est</strong></span> <span class='ocrx_word' id='word_1_202' title='bbox 2234 2787 2319 2832; x_wconf 93' lang='lat' dir='ltr'><strong>ne</strong></span> <span class='ocrx_word' id='word_1_203' title='bbox 2362 2774 2677 2851; x_wconf 86' lang='lat' dir='ltr'><strong>purgetur</strong></span> <span class='ocrx_word' id='word_1_204' title='bbox 2715 2788 2911 2851; x_wconf 88' lang='lat' dir='ltr'><strong>aeger</strong></span> 
     </span>
     <span class='ocr_line' id='line_1_26' title="bbox 403 2852 2909 2966; baseline 0.002 -35"><span class='ocrx_word' id='word_1_205' title='bbox 403 2852 568 2966; x_wconf 45' lang='lat' dir='ltr'><strong>:³223ssss</strong></span> <span class='ocrx_word' id='word_1_206' title='bbox 583 2932 682 2965; x_wconf 83' lang='lat' dir='ltr'><strong>uno</strong></span> <span class='ocrx_word' id='word_1_207' title='bbox 707 2867 834 2931; x_wconf 87' lang='lat' dir='ltr'><strong>nisi</strong></span> <span class='ocrx_word' id='word_1_208' title='bbox 861 2868 1087 2932; x_wconf 90' lang='lat' dir='ltr'><strong>morbo</strong></span> <span class='ocrx_word' id='word_1_209' title='bbox 1127 2869 1387 2951; x_wconf 86' lang='lat' dir='ltr'><strong>penitus</strong></span> <span class='ocrx_word' id='word_1_210' title='bbox 1423 2868 1725 2952; x_wconf 78' lang='lat' dir='ltr'><strong>depulso:</strong></span> <span class='ocrx_word' id='word_1_211' title='bbox 1771 2868 2064 2953; x_wconf 88' lang='lat' dir='ltr'><strong>quamvis</strong></span> <span class='ocrx_word' id='word_1_212' title='bbox 2101 2868 2276 2933; x_wconf 89' lang='lat' dir='ltr'><strong>enim</strong></span> <span class='ocrx_word' id='word_1_213' title='bbox 2318 2878 2533 2954; x_wconf 85' lang='lat' dir='ltr'><strong>partes</strong></span> <span class='ocrx_word' id='word_1_214' title='bbox 2574 2871 2909 2935; x_wconf 84' lang='lat' dir='ltr'><strong>naturales</strong></span> 
     </span>
     <span class='ocr_line' id='line_1_27' title="bbox 402 2970 2909 3057; baseline 0.004 -31"><span class='ocrx_word' id='word_1_215' title='bbox 402 2994 432 3027; x_wconf 68' lang='lat' dir='ltr'><strong>a</strong></span> <span class='ocrx_word' id='word_1_216' title='bbox 453 2994 550 3042; x_wconf 85' lang='lat' dir='ltr'><strong>quo</strong></span> <span class='ocrx_word' id='word_1_217' title='bbox 573 2996 677 3057; x_wconf 41' lang='lat' dir='ltr'><strong>non·</strong></span> <span class='ocrx_word' id='word_1_218' title='bbox 706 2970 922 3033; x_wconf 82' lang='lat' dir='ltr'><strong>illuvie</strong></span> <span class='ocrx_word' id='word_1_219' title='bbox 961 2970 1089 3034; x_wconf 89' lang='lat' dir='ltr'><strong>ista</strong></span> <span class='ocrx_word' id='word_1_220' title='bbox 1117 2992 1311 3053; x_wconf 84' lang='lat' dir='ltr'><strong>quam</strong></span> <span class='ocrx_word' id='word_1_221' title='bbox 1349 2970 1420 3033; x_wconf 89' lang='lat' dir='ltr'><strong>in</strong></span> <span class='ocrx_word' id='word_1_222' title='bbox 1449 2970 1592 3034; x_wconf 89' lang='lat' dir='ltr'><strong>illas</strong></span> <span class='ocrx_word' id='word_1_223' title='bbox 1622 2970 1943 3053; x_wconf 86' lang='lat' dir='ltr'><strong>congessit</strong></span> <span class='ocrx_word' id='word_1_224' title='bbox 1974 2971 2215 3051; x_wconf 82' lang='lat' dir='ltr'><strong>Febris,</strong></span> <span class='ocrx_word' id='word_1_225' title='bbox 2248 2972 2369 3036; x_wconf 91' lang='lat' dir='ltr'><strong>hoc</strong></span> <span class='ocrx_word' id='word_1_226' title='bbox 2396 2977 2585 3055; x_wconf 89' lang='lat' dir='ltr'><strong>pacto</strong></span> <span class='ocrx_word' id='word_1_227' title='bbox 2616 2972 2909 3056; x_wconf 87' lang='lat' dir='ltr'><strong>quadan-</strong></span> 
     </span>
     <span class='ocr_line' id='line_1_28' title="bbox 400 3058 2909 3157; baseline 0.001 -21"><span class='ocrx_word' id='word_1_228' title='bbox 400 3058 434 3105; x_wconf 85' lang='lat' dir='ltr'><strong>P</strong></span> <span class='ocrx_word' id='word_1_229' title='bbox 436 3060 679 3108; x_wconf 76' lang='lat' dir='ltr'><strong>aroxysnu</strong></span> <span class='ocrx_word' id='word_1_230' title='bbox 707 3080 900 3137; x_wconf 89' lang='lat' dir='ltr'><strong>tenus</strong></span> <span class='ocrx_word' id='word_1_231' title='bbox 959 3072 1276 3136; x_wconf 89' lang='lat' dir='ltr'><strong>sublevari</strong></span> <span class='ocrx_word' id='word_1_232' title='bbox 1321 3072 1682 3151; x_wconf 88' lang='lat' dir='ltr'><strong>videantur,</strong></span> <span class='ocrx_word' id='word_1_233' title='bbox 1735 3093 1902 3136; x_wconf 89' lang='lat' dir='ltr'><strong>nova</strong></span> <span class='ocrx_word' id='word_1_234' title='bbox 1956 3078 2179 3136; x_wconf 88' lang='lat' dir='ltr'><strong>tamen</strong></span> <span class='ocrx_word' id='word_1_235' title='bbox 2236 3074 2508 3138; x_wconf 89' lang='lat' dir='ltr'><strong>materia</strong></span> <span class='ocrx_word' id='word_1_236' title='bbox 2558 3074 2909 3157; x_wconf 86' lang='lat' dir='ltr'><strong>derepente</strong></span> 
     </span>
    </p>
   </div>
   <div class='ocr_carea' id='block_1_3' title="bbox 399 3114 606 3167">
    <p class='ocr_par' dir='ltr' id='par_1_3' title="bbox 399 3114 606 3167">
     <span class='ocr_line' id='line_1_29' title="bbox 399 3114 606 3167; baseline 0.005 -12"><span class='ocrx_word' id='word_1_237' title='bbox 399 3114 606 3167; x_wconf 80' lang='lat' dir='ltr'><strong>tantum,</strong></span> 
     </span>
    </p>
   </div>
   <div class='ocr_carea' id='block_1_4' title="bbox 400 3172 2906 3363">
    <p class='ocr_par' dir='ltr' id='par_1_4' title="bbox 400 3172 2906 3363">
     <span class='ocr_line' id='line_1_30' title="bbox 401 3172 2906 3259; baseline 0.001 -21"><span class='ocrx_word' id='word_1_238' title='bbox 401 3172 486 3218; x_wconf 62' lang='lat'><strong>⁸⁴³⁶</strong></span> <span class='ocrx_word' id='word_1_239' title='bbox 503 3174 648 3221; x_wconf 68' lang='lat' dir='ltr'><strong>etim</strong></span> <span class='ocrx_word' id='word_1_240' title='bbox 707 3181 1099 3252; x_wconf 87' lang='lat' dir='ltr'><strong>succrescet;</strong></span> <span class='ocrx_word' id='word_1_241' title='bbox 1143 3173 1347 3238; x_wconf 88' lang='lat' dir='ltr'><strong>Febre</strong></span> <span class='ocrx_word' id='word_1_242' title='bbox 1371 3174 1632 3253; x_wconf 88' lang='lat' dir='ltr'><strong>scilicet,</strong></span> <span class='ocrx_word' id='word_1_243' title='bbox 1657 3196 1696 3238; x_wconf 91' lang='lat' dir='ltr'><strong>a</strong></span> <span class='ocrx_word' id='word_1_244' title='bbox 1719 3174 2056 3238; x_wconf 84' lang='lat' dir='ltr'><strong>cathartici</strong></span> <span class='ocrx_word' id='word_1_245' title='bbox 2072 3175 2322 3259; x_wconf 88' lang='lat' dir='ltr'><strong>impetu</strong></span> <span class='ocrx_word' id='word_1_246' title='bbox 2344 3181 2538 3259; x_wconf 89' lang='lat' dir='ltr'><strong>atque</strong></span> <span class='ocrx_word' id='word_1_247' title='bbox 2555 3176 2906 3241; x_wconf 90' lang='lat' dir='ltr'><strong>humorum</strong></span> 
     </span>
     <span class='ocr_line' id='line_1_31' title="bbox 400 3236 2905 3363; baseline 0.001 -23"><span class='ocrx_word' id='word_1_248' title='bbox 400 3236 652 3363; x_wconf 44' lang='grc' dir='ltr'><strong>ἓξῗξξέἴ</strong></span> <span class='ocrx_word' id='word_1_249' title='bbox 707 3277 1059 3358; x_wconf 85' lang='lat' dir='ltr'><strong>agitatione</strong></span> <span class='ocrx_word' id='word_1_250' title='bbox 1082 3276 1219 3360; x_wconf 84' lang='lat' dir='ltr'><strong>jam</strong></span> <span class='ocrx_word' id='word_1_251' title='bbox 1250 3284 1562 3356; x_wconf 87' lang='lat' dir='ltr'><strong>revocata,</strong></span> <span class='ocrx_word' id='word_1_252' title='bbox 1596 3277 1865 3341; x_wconf 88' lang='lat' dir='ltr'><strong>eandem</strong></span> <span class='ocrx_word' id='word_1_253' title='bbox 1898 3278 2388 3361; x_wconf 80' lang='lat' dir='ltr'><strong>suppeditante3</strong></span> <span class='ocrx_word' id='word_1_254' title='bbox 2434 3300 2511 3343; x_wconf 90' lang='lat' dir='ltr'><strong>ac</strong></span> <span class='ocrx_word' id='word_1_255' title='bbox 2536 3280 2807 3363; x_wconf 87' lang='lat' dir='ltr'><strong>proinde</strong></span> <span class='ocrx_word' id='word_1_256' title='bbox 2833 3278 2905 3343; x_wconf 89' lang='lat' dir='ltr'><strong>id</strong></span> 
     </span>
    </p>
   </div>
   <div class='ocr_carea' id='block_1_5' title="bbox 399 3363 2905 3490">
    <p class='ocr_par' dir='ltr' id='par_1_5' title="bbox 399 3363 2905 3490">
     <span class='ocr_line' id='line_1_32' title="bbox 399 3363 2905 3490; baseline 0.002 -50"><span class='ocrx_word' id='word_1_257' title='bbox 399 3363 679 3490; x_wconf 47' lang='lat' dir='ltr'><strong>ffiefflgsiiig’·</strong></span> <span class='ocrx_word' id='word_1_258' title='bbox 705 3385 967 3442; x_wconf 90' lang='lat' dir='ltr'><strong>tantum</strong></span> <span class='ocrx_word' id='word_1_259' title='bbox 997 3401 1036 3443; x_wconf 87' lang='lat' dir='ltr'><strong>a</strong></span> <span class='ocrx_word' id='word_1_260' title='bbox 1063 3380 1446 3463; x_wconf 88' lang='lat' dir='ltr'><strong>purgatione</strong></span> <span class='ocrx_word' id='word_1_261' title='bbox 1475 3380 1641 3444; x_wconf 92' lang='lat' dir='ltr'><strong>lucri</strong></span> <span class='ocrx_word' id='word_1_262' title='bbox 1670 3380 2026 3458; x_wconf 75' lang='lat' dir='ltr'><strong>fecerimuS,</strong></span> <span class='ocrx_word' id='word_1_263' title='bbox 2058 3386 2133 3443; x_wconf 92' lang='lat' dir='ltr'><strong>ut</strong></span> <span class='ocrx_word' id='word_1_264' title='bbox 2170 3380 2434 3445; x_wconf 88' lang='lat' dir='ltr'><strong>morbus</strong></span> <span class='ocrx_word' id='word_1_265' title='bbox 2464 3382 2905 3447; x_wconf 82' lang='lat' dir='ltr'><strong>contumacior</strong></span> 
     </span>
    </p>
   </div>
   <div class='ocr_carea' id='block_1_6' title="bbox 398 3481 2903 3567">
    <p class='ocr_par' dir='ltr' id='par_1_6' title="bbox 398 3481 2903 3567">
     <span class='ocr_line' id='line_1_33' title="bbox 398 3481 2903 3567; baseline 0.004 -29"><span class='ocrx_word' id='word_1_266' title='bbox 398 3492 554 3540; x_wconf 79' lang='lat' dir='ltr'><strong>cidere</strong></span> <span class='ocrx_word' id='word_1_267' title='bbox 577 3494 658 3541; x_wconf 83' lang='lat' dir='ltr'><strong>de·</strong></span> <span class='ocrx_word' id='word_1_268' title='bbox 708 3482 954 3545; x_wconf 88' lang='lat' dir='ltr'><strong>evadat.</strong></span> <span class='ocrx_word' id='word_1_269' title='bbox 1046 3481 1442 3548; x_wconf 79' lang='lat' dir='ltr'><strong>Quotidiana</strong></span> <span class='ocrx_word' id='word_1_270' title='bbox 1489 3482 1560 3545; x_wconf 93' lang='lat' dir='ltr'><strong>id</strong></span> <span class='ocrx_word' id='word_1_271' title='bbox 1602 3504 1721 3545; x_wconf 90' lang='lat' dir='ltr'><strong>nos</strong></span> <span class='ocrx_word' id='word_1_272' title='bbox 1766 3482 2001 3546; x_wconf 91' lang='lat' dir='ltr'><strong>docent</strong></span> <span class='ocrx_word' id='word_1_273' title='bbox 2044 3502 2269 3547; x_wconf 89' lang='lat' dir='ltr'><strong>eorum</strong></span> <span class='ocrx_word' id='word_1_274' title='bbox 2319 3483 2629 3567; x_wconf 82' lang='lat' dir='ltr'><strong>exempla,</strong></span> <span class='ocrx_word' id='word_1_275' title='bbox 2676 3484 2789 3567; x_wconf 89' lang='lat' dir='ltr'><strong>qui</strong></span> <span class='ocrx_word' id='word_1_276' title='bbox 2829 3484 2903 3549; x_wconf 89' lang='lat' dir='ltr'><strong>in</strong></span> 
     </span>
    </p>
   </div>
   <div class='ocr_carea' id='block_1_7' title="bbox 422 682 694 696">
    <p class='ocr_par' dir='ltr' id='par_1_7' title="bbox 422 682 694 696">
     <span class='ocr_line' id='line_1_34' title="bbox 422 682 694 696; baseline 0 0"><span class='ocrx_word' id='word_1_277' title='bbox 422 682 694 696; x_wconf 95' lang='lat' dir='ltr'><strong> </strong></span> 
     </span>
    </p>
   </div>
   <div class='ocr_carea' id='block_1_8' title="bbox 396 3556 2904 3991">
    <p class='ocr_par' dir='ltr' id='par_1_8' title="bbox 396 3556 2904 3991">
     <span class='ocr_line' id='line_1_35' title="bbox 398 3556 2904 3683; baseline 0.001 -34"><span class='ocrx_word' id='word_1_278' title='bbox 398 3556 688 3683; x_wconf 48' lang='lat' dir='ltr'><strong>ggffiffff‘</strong></span> <span class='ocrx_word' id='word_1_279' title='bbox 707 3574 916 3649; x_wconf 83' lang='lat' dir='ltr'><strong>morbi</strong></span> <span class='ocrx_word' id='word_1_280' title='bbox 973 3588 1278 3672; x_wconf 82' lang='grc' dir='ltr'>παρακμῇ</span> <span class='ocrx_word' id='word_1_281' title='bbox 1335 3588 1433 3667; x_wconf 88' lang='lat' dir='ltr'><strong>(ut</strong></span> <span class='ocrx_word' id='word_1_282' title='bbox 1491 3586 1778 3650; x_wconf 88' lang='lat' dir='ltr'><strong>theoriae</strong></span> <span class='ocrx_word' id='word_1_283' title='bbox 1832 3586 1944 3650; x_wconf 86' lang='lat' dir='ltr'><strong>isti</strong></span> <span class='ocrx_word' id='word_1_284' title='bbox 2000 3607 2247 3650; x_wconf 91' lang='lat' dir='ltr'><strong>morem</strong></span> <span class='ocrx_word' id='word_1_285' title='bbox 2306 3594 2557 3669; x_wconf 87' lang='lat' dir='ltr'><strong>gerant,</strong></span> <span class='ocrx_word' id='word_1_286' title='bbox 2611 3608 2775 3670; x_wconf 91' lang='lat' dir='ltr'><strong>quae</strong></span> <span class='ocrx_word' id='word_1_287' title='bbox 2830 3587 2904 3651; x_wconf 91' lang='lat' dir='ltr'><strong>in</strong></span> 
     </span>
     <span class='ocr_line' id='line_1_36' title="bbox 397 3687 2902 3768; baseline 0 -14"><span class='ocrx_word' id='word_1_288' title='bbox 397 3687 632 3759; x_wconf 63' lang='lat' dir='ltr'><strong>pqrsenti-</strong></span> <span class='ocrx_word' id='word_1_289' title='bbox 704 3689 1007 3763; x_wconf 83' lang='lat' dir='ltr'><strong>tollendis</strong></span> <span class='ocrx_word' id='word_1_290' title='bbox 1059 3688 1627 3768; x_wconf 87' lang='lat' dir='ltr'><strong>obstructionibus,</strong></span> <span class='ocrx_word' id='word_1_291' title='bbox 1682 3696 1749 3753; x_wconf 86' lang='lat' dir='ltr'><strong>et</strong></span> <span class='ocrx_word' id='word_1_292' title='bbox 1796 3689 2163 3754; x_wconf 88' lang='lat' dir='ltr'><strong>evacuando</strong></span> <span class='ocrx_word' id='word_1_293' title='bbox 2210 3690 2483 3755; x_wconf 90' lang='lat' dir='ltr'><strong>humore</strong></span> <span class='ocrx_word' id='word_1_294' title='bbox 2534 3691 2902 3755; x_wconf 89' lang='lat' dir='ltr'><strong>melancho-</strong></span> 
     </span>
     <span class='ocr_line' id='line_1_37' title="bbox 397 3758 2902 3877; baseline 0 -21"><span class='ocrx_word' id='word_1_295' title='bbox 397 3758 596 3875; x_wconf 48' lang='lat' dir='ltr'><strong>{crffgis</strong></span> <span class='ocrx_word' id='word_1_296' title='bbox 703 3792 846 3870; x_wconf 85' lang='lat' dir='ltr'><strong>lico,</strong></span> <span class='ocrx_word' id='word_1_297' title='bbox 880 3793 992 3875; x_wconf 91' lang='lat' dir='ltr'><strong>qui</strong></span> <span class='ocrx_word' id='word_1_298' title='bbox 1027 3792 1179 3855; x_wconf 83' lang='lat' dir='ltr'><strong>mali</strong></span> <span class='ocrx_word' id='word_1_299' title='bbox 1223 3792 1368 3855; x_wconf 91' lang='lat' dir='ltr'><strong>fons</strong></span> <span class='ocrx_word' id='word_1_300' title='bbox 1405 3800 1472 3855; x_wconf 90' lang='lat' dir='ltr'><strong>et</strong></span> <span class='ocrx_word' id='word_1_301' title='bbox 1524 3792 1705 3875; x_wconf 92' lang='lat' dir='ltr'><strong>origo</strong></span> <span class='ocrx_word' id='word_1_302' title='bbox 1744 3793 1939 3875; x_wconf 87' lang='lat' dir='ltr'><strong>vulgo</strong></span> <span class='ocrx_word' id='word_1_303' title='bbox 1982 3792 2279 3872; x_wconf 89' lang='lat' dir='ltr'><strong>habetur,</strong></span> <span class='ocrx_word' id='word_1_304' title='bbox 2323 3794 2673 3857; x_wconf 86' lang='lat' dir='ltr'><strong>curationis</strong></span> <span class='ocrx_word' id='word_1_305' title='bbox 2722 3815 2902 3877; x_wconf 90' lang='lat' dir='ltr'><strong>spem</strong></span> 
     </span>
     <span class='ocr_line' id='line_1_38' title="bbox 396 3892 2901 3991; baseline 0 -32"><span class='ocrx_word' id='word_1_306' title='bbox 396 3892 608 3991; x_wconf 41' lang='lat' dir='ltr'><strong>matr-me-</strong></span> <span class='ocrx_word' id='word_1_307' title='bbox 704 3915 964 3959; x_wconf 90' lang='lat' dir='ltr'><strong>omnem</strong></span> <span class='ocrx_word' id='word_1_308' title='bbox 1020 3894 1249 3977; x_wconf 88' lang='lat' dir='ltr'><strong>ponit,)</strong></span> <span class='ocrx_word' id='word_1_309' title='bbox 1307 3894 1598 3977; x_wconf 84' lang='lat' dir='ltr'><strong>repetitis</strong></span> <span class='ocrx_word' id='word_1_310' title='bbox 1655 3895 2149 3979; x_wconf 88' lang='lat' dir='ltr'><strong>purgationibus</strong></span> <span class='ocrx_word' id='word_1_311' title='bbox 2200 3896 2430 3960; x_wconf 88' lang='lat' dir='ltr'><strong>misere</strong></span> <span class='ocrx_word' id='word_1_312' title='bbox 2488 3898 2901 3980; x_wconf 83' lang='lat' dir='ltr'><strong>plectuntur3</strong></span> 
     </span>
    </p>
   </div>
   <div class='ocr_carea' id='block_1_9' title="bbox 701 3995 2903 4286">
    <p class='ocr_par' dir='ltr' id='par_1_9' title="bbox 701 3995 2903 4286">
     <span class='ocr_line' id='line_1_39' title="bbox 703 3995 2901 4081; baseline 0.002 -22"><span class='ocrx_word' id='word_1_313' title='bbox 703 3996 936 4080; x_wconf 86' lang='lat' dir='ltr'><strong>quibus</strong></span> <span class='ocrx_word' id='word_1_314' title='bbox 981 4017 1154 4075; x_wconf 86' lang='lat' dir='ltr'><strong>sane,</strong></span> <span class='ocrx_word' id='word_1_315' title='bbox 1187 3995 1492 4079; x_wconf 84' lang='lat' dir='ltr'><strong>quicquid</strong></span> <span class='ocrx_word' id='word_1_316' title='bbox 1529 3996 1602 4059; x_wconf 91' lang='lat' dir='ltr'><strong>id</strong></span> <span class='ocrx_word' id='word_1_317' title='bbox 1640 3996 1904 4061; x_wconf 89' lang='lat' dir='ltr'><strong>demum</strong></span> <span class='ocrx_word' id='word_1_318' title='bbox 1943 4004 2043 4061; x_wconf 90' lang='lat' dir='ltr'><strong>est</strong></span> <span class='ocrx_word' id='word_1_319' title='bbox 2085 3998 2434 4063; x_wconf 87' lang='lat' dir='ltr'><strong>humorum</strong></span> <span class='ocrx_word' id='word_1_320' title='bbox 2466 3999 2638 4081; x_wconf 92' lang='lat' dir='ltr'><strong>quod</strong></span> <span class='ocrx_word' id='word_1_321' title='bbox 2682 4021 2722 4063; x_wconf 91' lang='lat' dir='ltr'><strong>a</strong></span> <span class='ocrx_word' id='word_1_322' title='bbox 2764 4020 2901 4063; x_wconf 90' lang='lat' dir='ltr'><strong>cor-</strong></span> 
     </span>
     <span class='ocr_line' id='line_1_40' title="bbox 701 4098 2902 4183; baseline 0.001 -20"><span class='ocrx_word' id='word_1_323' title='bbox 701 4120 854 4183; x_wconf 89' lang='lat' dir='ltr'><strong>pore</strong></span> <span class='ocrx_word' id='word_1_324' title='bbox 902 4098 1225 4162; x_wconf 85' lang='lat' dir='ltr'><strong>divellitur</strong></span> <span class='ocrx_word' id='word_1_325' title='bbox 1267 4105 1460 4181; x_wconf 90' lang='lat' dir='ltr'><strong>atque</strong></span> <span class='ocrx_word' id='word_1_326' title='bbox 1513 4100 1902 4179; x_wconf 85' lang='lat' dir='ltr'><strong>eliminatur,</strong></span> <span class='ocrx_word' id='word_1_327' title='bbox 1943 4101 2524 4183; x_wconf 87' lang='lat' dir='ltr'><strong>compertissimum</strong></span> <span class='ocrx_word' id='word_1_328' title='bbox 2568 4108 2667 4165; x_wconf 90' lang='lat' dir='ltr'><strong>est</strong></span> <span class='ocrx_word' id='word_1_329' title='bbox 2710 4101 2902 4165; x_wconf 86' lang='lat' dir='ltr'><strong>nobis</strong></span> 
     </span>
     <span class='ocr_line' id='line_1_41' title="bbox 705 4201 2903 4286; baseline 0 -21"><span class='ocrx_word' id='word_1_330' title='bbox 705 4202 975 4265; x_wconf 85' lang='lat' dir='ltr'><strong>Febrem</strong></span> <span class='ocrx_word' id='word_1_331' title='bbox 1005 4202 1261 4264; x_wconf 86' lang='lat' dir='ltr'><strong>altiores</strong></span> <span class='ocrx_word' id='word_1_332' title='bbox 1284 4201 1514 4265; x_wconf 85' lang='lat' dir='ltr'><strong>exinde</strong></span> <span class='ocrx_word' id='word_1_333' title='bbox 1531 4202 1775 4267; x_wconf 88' lang='lat' dir='ltr'><strong>radices</strong></span> <span class='ocrx_word' id='word_1_334' title='bbox 1807 4224 2014 4285; x_wconf 88' lang='lat' dir='ltr'><strong>agere,</strong></span> <span class='ocrx_word' id='word_1_335' title='bbox 2042 4208 2107 4265; x_wconf 93' lang='lat' dir='ltr'><strong>et</strong></span> <span class='ocrx_word' id='word_1_336' title='bbox 2135 4202 2527 4286; x_wconf 88' lang='lat' dir='ltr'><strong>pertinacius</strong></span> <span class='ocrx_word' id='word_1_337' title='bbox 2558 4202 2903 4267; x_wconf 86' lang='lat' dir='ltr'><strong>stationem</strong></span> 
     </span>
    </p>
   </div>
   <div class='ocr_carea' id='block_1_10' title="bbox 769 4375 2853 4503">
    <p class='ocr_par' dir='ltr' id='par_1_10' title="bbox 769 4375 2853 4503">
     <span class='ocr_line' id='line_1_42' title="bbox 769 4375 2426 4406; baseline 0.008 -16"><span class='ocrx_word' id='word_1_338' title='bbox 769 4375 844 4406; x_wconf 50' lang='lat' dir='ltr'><strong>k.</strong></span> <span class='ocrx_word' id='word_1_339' title='bbox 981 4382 991 4392; x_wconf 94' lang='lat'><strong><em>.</em></strong></span> <span class='ocrx_word' id='word_1_340' title='bbox 1159 4378 1169 4391; x_wconf 90' lang='lat'><strong><em>.</em></strong></span> <span class='ocrx_word' id='word_1_341' title='bbox 1277 4379 1288 4389; x_wconf 94' lang='lat'>.</span> <span class='ocrx_word' id='word_1_342' title='bbox 1519 4380 1563 4399; x_wconf 89' lang='lat'><strong>..</strong></span> <span class='ocrx_word' id='word_1_343' title='bbox 1642 4382 1653 4401; x_wconf 87' lang='lat'>.</span> <span class='ocrx_word' id='word_1_344' title='bbox 1914 4376 1949 4399; x_wconf 70' lang='lat' dir='ltr'><strong>m</strong></span> <span class='ocrx_word' id='word_1_345' title='bbox 2290 4384 2301 4402; x_wconf 90' lang='lat'><strong>.</strong></span> <span class='ocrx_word' id='word_1_346' title='bbox 2414 4383 2426 4403; x_wconf 87' lang='lat'><strong>‚</strong></span> 
     </span>
     <span class='ocr_line' id='line_1_43' title="bbox 777 4377 2853 4503; baseline 0.004 -17"><span class='ocrx_word' id='word_1_347' title='bbox 777 4438 787 4465; x_wconf 89' lang='lat'>¹</span> <span class='ocrx_word' id='word_1_348' title='bbox 813 4377 1524 4503; x_wconf 52' lang='lat' dir='ltr'><strong>ss&#39;effssifflfiiffifflssffid.</strong></span> <span class='ocrx_word' id='word_1_349' title='bbox 1534 4380 1645 4501; x_wconf 57' lang='lat'><strong>93³3,</strong></span> <span class='ocrx_word' id='word_1_350' title='bbox 1658 4380 1756 4491; x_wconf 52' lang='lat'><strong>935.</strong></span> <span class='ocrx_word' id='word_1_351' title='bbox 1913 4444 1935 4466; x_wconf 90' lang='grc'><strong><em>·</em></strong></span> <span class='ocrx_word' id='word_1_352' title='bbox 1963 4378 2408 4503; x_wconf 48' lang='grc' dir='ltr'><strong>ςῗέἷῖἓῗεεῗῗιίι</strong></span> <span class='ocrx_word' id='word_1_353' title='bbox 2432 4382 2610 4493; x_wconf 51' lang='lat' dir='ltr'><strong>gf&#39;edd.</strong></span> <span class='ocrx_word' id='word_1_354' title='bbox 2637 4446 2731 4502; x_wconf 57' lang='lat' dir='ltr'><strong>vs,</strong></span> <span class='ocrx_word' id='word_1_355' title='bbox 2758 4446 2853 4494; x_wconf 58' lang='lat' dir='ltr'><strong>vs.</strong></span> 
     </span>
    </p>
   </div>
  </div>
 </body>
</html>
