3138 5006
292 999 543 1049 Describi-

293 1073 373 1113 tur
394 1064 551 1113 morbi

294 1129 478 1193 species
492 1145 577 1177 no·

292 1194 497 1243 tissima.

312 3060 561 3137 Describi-

314 3135 397 3175 tur
412 3139 595 3188 species

312 3191 411 3238 alia
431 3190 584 3236 rarius

312 3269 585 3303 occurrens.

323 4197 589 4244 Contu-10.

325 4269 363 4332 ὃ
372 4286 525 4360 uratio

322 4357 574 4398 materiam

584 225 719 291 262
1194 220 1588 287 ΤΗΟΜΑΕ
1635 214 2152 285 SYDENHAM

1352 438 1361 451 ·
1489 408 1686 473 CAP.
1731 405 1894 472 VI)

1326 544 1543 609 Febris
1585 546 2080 628 Erysipelatosa.

681 684 989 751 Nouum
1032 704 1171 749 non
1214 684 1493 767 corporis
1536 691 1808 767 partem,
1845 685 2042 769 idque
2084 685 2266 750 nullo
2307 707 2446 751 non
2487 692 2806 771 tempore,

595 786 858 851 incessit
903 787 1013 851 hic
1055 786 1339 865 morbus,
1384 793 1453 850 at
1494 808 1650 869 prae
1691 787 1954 870 reliquis
1996 788 2246 867 faciem,
2290 796 2568 853 exeunte
2619 811 2808 873 prae·-

599 892 821 955 sertim
852 898 1137 966 aestate3
1183 912 1311 974 quo
1368 896 1662 973 tempore
1719 912 1908 974 saepe
1953 890 2110 955 dum
2161 892 2283 956 sub
2333 892 2438 958 dio
2491 900 2810 971 versatur,

601 994 943 1078 corripitur
986 1014 1195 1075 aeger.
1284 992 1505 1087 Facies
1548 992 1863 1076 siquidem
1892 1015 1970 1057 ex
1998 994 2341 1078 improviso
2368 996 2442 1059 in
2479 1002 2810 1060 tumorem

602 1097 939 1175 attollitur,
972 1097 1081 1181 qui
1124 1096 1339 1160 subito
1377 1116 1638 1159 exorsus
1669 1117 1816 1159 cum
1855 1097 2070 1161 dolore
2111 1098 2472 1181 ruboreque
2513 1098 2806 1177 summis,

602 1200 807 1265 denso
868 1199 1287 1263 minimarum
1352 1199 1762 1282 pustularum
1833 1199 2058 1264 ordine
2116 1201 2557 1283 distinguitur,
2618 1222 2804 1285 quae,

602 1308 795 1367 aucta
835 1302 1043 1384 magis
1085 1301 1611 1382 inflammatione,
1649 1302 1721 1365 in
1763 1302 2073 1366 vesiculas
2117 1303 2392 1368 subinde
2433 1304 2806 1367 facessunt:

601 1405 758 1469 hinc.
782 1426 897 1489 per
923 1404 1205 1469 frontem
1241 1404 1578 1488 ipsumque
1607 1411 1802 1487 caput
1830 1405 2025 1468 latius
2055 1406 2270 1489 serpit,
2303 1407 2503 1470 oculis
2539 1405 2808 1469 interim

602 1507 875 1572 tumoris
904 1506 1353 1589 magnitudine
1382 1506 1572 1589 plane
1603 1507 1872 1587 obrutis,
1910 1508 2188 1589 (rusticis
2217 1510 2534 1591 syderatio
2573 1508 2800 1589 audit,)

603 1630 816 1692 neque
858 1609 1139 1673 multum
1180 1608 1465 1691 profecto
1509 1608 1780 1689 abludit,
1827 1611 1953 1673 nisi
1994 1611 2164 1694 quod
2205 1612 2443 1675 adsunt
2484 1611 2807 1695 pustulae,

606 1712 687 1776 ab
724 1712 803 1776 iis
840 1710 1285 1795 symptomatis
1324 1732 1489 1795 quae
1524 1712 1772 1777 inflicta
1809 1712 1890 1777 ab
1927 1734 2125 1797 apum
2158 1734 2620 1797 vesparumque
2657 1733 2815 1776 acu-

605 1815 725 1879 leis
770 1814 1165 1878 comitantur
1213 1813 1503 1878 vulnera.
1592 1814 1740 1881 Hoc
1785 1836 1856 1879 se
1899 1815 2098 1881 habet
2149 1817 2342 1881 modo
2388 1814 2808 1901 Erysipelatis

606 1918 946 1983 notissima
974 1917 1211 2000 species
1243 1938 1317 1981 ac
1344 1918 1648 2003 vulgaris.

707 2019 828 2103 [2.]
883 2020 976 2083 At
1018 2040 1186 2097 vero,
1233 2040 1684 2103 quamcunque
1741 2018 2072 2104 corporis*
2088 2028 2340 2105 partem
2397 2020 2522 2085 hoc
2577 2020 2814 2085 vitium

610 2122 951 2199 obsederit,
998 2128 1075 2185 ut
1123 2122 1320 2185 etiam
1380 2143 1762 2207 quocunque
1815 2124 1974 2189 anni
2031 2132 2338 2207 tempore,
2383 2124 2559 2208 rigor
2616 2130 2814 2206 atque

609 2226 857 2303 horror,
914 2224 1043 2288 nisi
1098 2225 1577 2308 praecesserint,
1631 2227 1828 2310 (quod
1883 2249 2356 2311 nonnunquam
2411 2226 2634 2311 pridie,
2698 2234 2812 2290 aut

612 2326 851 2393 nudius
889 2327 1138 2406 tertius,
1186 2328 1348 2391 solet
1399 2328 1818 2412 contingere,)
1872 2329 2024 2393 huic
2076 2351 2144 2393 se
2195 2327 2691 2393 inflammationi
2735 2338 2818 2391 ut

611 2429 963 2512 plurimum
1022 2429 1409 2515 adjungunt,
1456 2431 1597 2495 sitis
1647 2432 1930 2515 insuper,
1979 2431 2378 2516 inquietudO,
2433 2452 2509 2495 ac
2565 2431 2816 2515 reliqua

612 2531 890 2610 febrium
916 2533 1173 2598 indicia.
1263 2533 1661 2600 Procedente
1690 2535 1934 2614 morbo,
1965 2536 2065 2599 uti
2100 2536 2381 2619 primum
2408 2534 2606 2599 febris
2637 2535 2816 2600 dolo-

612 2657 791 2714 rem„
808 2642 1148 2713 tumorem,
1192 2644 1385 2720 atque
1430 2639 1555 2702 alia
1579 2639 1850 2722 ,peperit
1898 2646 2348 2722 symptomata,
2402 2659 2565 2721 quae
2603 2637 2814 2702 indies

614 2739 1127 2822 ingravescentia
1174 2762 1646 2825 nonnunquam
1688 2741 1760 2804 in
1801 2763 2172 2824 gangraena
2214 2742 2670 2818 terminantur,
2720 2739 2817 2803 ita

615 2841 775 2906 haec
812 2843 1086 2908 invicem
1123 2845 1297 2908 haud
1336 2845 1726 2908 mediocrem
1761 2844 1844 2908 ad
1885 2844 2081 2908 febris
2133 2851 2556 2927 augmentum
2599 2842 2820 2907 confe-

616 2953 773 3010 runt
802 2967 1081 3030 operam,
1114 2946 1317 3010 donec
1346 2947 1644 3011 remediis
1673 2946 1920 3011 idoneis
1949 2953 2223 3030 utraque
2251 2948 2764 3030 restinguantur.

716 3050 838 3134 [3.]
892 3051 1011 3115 Est
1050 3058 1117 3115 et
1161 3052 1287 3114 alia
1314 3051 1581 3135 hujusce
1623 3050 1835 3115 morbi
1874 3052 2132 3136 species,
2164 3051 2315 3114 licet
2357 3051 2564 3114 rarius
2599 3071 2818 3114 occur·

619 3175 805 3218 rens:
878 3156 1037 3218 haec
1095 3155 1382 3237 quolibet
1442 3155 1597 3219 anni
1656 3161 1944 3239 tempore
2002 3155 2269 3233 invadit,
2321 3153 2518 3238 idque
2566 3155 2690 3218 hac
2739 3160 2818 3217 ut

619 3257 972 3341 plurimum
1014 3255 1356 3342 προφάσει,
1404 3257 1576 3340 quod
1620 3258 1863 3321 scilicet
1907 3278 2096 3340 aeger
2137 3259 2435 3322 vinorum
2480 3256 2819 3320 subtilium

620 3359 826 3442 magis
864 3359 1194 3442 magisque
1235 3361 1718 3423 attenuantium
1755 3359 2073 3444 potationi
2111 3361 2306 3444 paulo
2348 3359 2675 3424 liberalius
2719 3358 2820 3422 in-

622 3460 910 3539 dulserit,
960 3468 1073 3525 aut
1130 3461 1394 3544 liquoris
1454 3462 1678 3526 similis
1736 3463 2082 3546 spirituosi.
2171 3462 2594 3540 Febriculam‚
2657 3482 2822 3544 quae

622 3584 857 3646 agmen
906 3563 1103 3643 ducit,
1151 3586 1301 3628 mox
1352 3565 1587 3649 excipit
1646 3566 2054 3649 pustularum
2105 3587 2219 3649 per
2269 3567 2644 3630 universum
2687 3565 2822 3628 fere

622 3686 851 3749 corpus
896 3667 1167 3750 eruptio,
1210 3688 1373 3750 quae
1415 3668 1770 3731 urticarum
1811 3676 2166 3752 puncturas
2211 3669 2519 3746 referunt,
2557 3674 2624 3732 et
2659 3688 2827 3730 non-

623 3789 961 3852 nunquam
988 3769 1062 3832 in
1094 3769 1403 3832 vesiculas
1448 3771 1878 3848 attolluntur;
1922 3792 2072 3834 mox
2107 3771 2478 3835 recedentes
2521 3769 2825 3834 tubercu-

622 3870 835 3935 lorum
871 3892 1051 3936 more
1090 3872 1211 3937 sub
1246 3879 1395 3936 cute
1432 3893 1499 3936 se
1540 3873 1829 3936 condunt
1869 3894 2017 3936 cum
2051 3873 2308 3956 pruritu
2346 3873 2826 3937 mordacissimo

626 3980 692 4038 et
721 3973 822 4036 vix
864 3973 1218 4052 tolerandO,
1251 3980 1337 4052 at,
1370 3974 1623 4058 quoties
1661 3974 2049 4039 levissimam
2091 3975 2483 4058 scalpturam
2521 3975 2826 4052 subeunt,

624 4098 883 4140 rursum
913 4083 1245 4160 apparent.

725 4179 848 4262 [4.]
906 4179 1035 4242 Hic
1087 4200 1208 4261 ego
1258 4179 1596 4242 materiam
1654 4186 2026 4262 peccantem
2079 4181 2384 4264 sanguini
2440 4180 2828 4265 permixtam

626 4282 753 4346 rite
796 4281 1248 4359 evacuandam,
1302 4281 1717 4365 ejusdemque
1759 4283 2092 4366 sanguinis
2132 4283 2580 4348 ebullitionem
2625 4303 2831 4348 reme-

948 4407 964 4448 5
1000 4410 1150 4458 Deest
1171 4410 1259 4458 hoc
1284 4425 1387 4472 cap.
1410 4409 1461 4458 in
1486 4411 1592 4458 edd.
1619 4411 1712 4468 ’66,
1738 4411 1832 4459 ’68.
1903 4412 1979 4459 Cf.
2002 4413 2205 4460 Prot-ess.
2225 4415 2322 4461 Ine.
2347 4427 2393 4460 c.
2417 4412 2492 4460 11.
