3138 5006
550 266 1341 334 OBSERVATIONUM
1386 268 1958 334 MEDICARUM
2004 278 2102 331 IV.
2139 285 2189 333 ¹7.
2339 273 2468 336 203

264 438 463 514 atque
492 431 723 494 iisdem
750 429 1043 514 passibus
1074 429 1306 512 quibus
1328 429 1435 494 hic
1463 429 1848 514 ingreditur,
1870 432 1996 494 iste
2025 453 2094 496 se
2122 430 2466 515 proripiat3
2535 444 2738 495 001.ch

265 532 739 598 observandum
798 531 1095 610 occurrit,
1143 531 1315 615 quod
1368 533 1443 595 in
1498 532 1624 596 hac
1681 533 1866 597 icteri
1924 533 2132 617 specie
2184 535 2470 598 curanda
2492 508 2772 624 Δξᾟζξζ

265 636 625 699 cathartica.
667 635 887 699 omnia
933 635 1035 698 vel
1078 634 1343 698 omnino
1395 635 1774 714 omittenda,
1821 637 1942 714 vel,
1995 636 2051 699 si
2102 637 2470 700 adhibenda
2539 639 2747 690 ’70-272.

263 738 534 816 fuerint,
593 737 985 801 rhabarbaro
1052 737 1279 816 solum,
1338 738 1439 800 vel
1504 738 1639 801 leni
1697 739 1919 821 quovis
1977 738 2466 818 medicamento,
2493 726 2745 841 {25:330

262 841 607 904 utendum.
697 839 961 902 Etenim
994 839 1439 916 metuendum,
1470 861 1553 902 ne
1585 862 1626 902 a
1653 840 1931 903 catharsi
1968 841 2118 904 novi
2145 842 2468 906 tumultus
2495 856 2632 904 nulla
2654 873 2774 920 pur-

266 943 581 1020 cieantur,
606 963 681 1005 ac
702 941 969 1025 proinde
992 948 1423 1024 symptomata
1445 943 1666 1006 omnia
1693 942 2086 1025 postliminio
2109 953 2464 1009 recurrant.
2491 921 2780 1034 {ffffigssffi

270 1046 357 1109 In
387 1045 511 1109 hoc
539 1046 756 1128 itaque
786 1065 937 1107 casu
968 1045 1133 1106 nihil
1162 1045 1425 1108 omnino
1465 1046 1811 1128 agendum,
1843 1067 1994 1110 cum
2031 1047 2270 1110 icterus
2312 1047 2465 1112 huic
2491 1056 2538 1095 et
2559 1050 2741 1099 similia

264 1147 587 1210 occasioni
638 1148 953 1229 originem
1004 1146 1263 1224 debens,
1313 1149 1552 1212 sensim
1612 1156 1838 1231 sponte
1891 1171 2008 1212 sua.
2050 1150 2341 1229 facessat,
2391 1171 2465 1214 ac
2489 1124 2766 1239 {affigam-

265 1251 536 1313 tandem
565 1249 742 1313 brevi
777 1249 1081 1333 temporis
1110 1250 1317 1333 spatio
1346 1250 1606 1333 penitus
1642 1258 1997 1314 evanescat.
2091 1252 2210 1315 Sin
2245 1261 2462 1317 autem
2491 1253 2658 1329 Hugjus
2680 1257 2752 1303 ic-

262 1352 504 1415 icterus
552 1353 777 1434 longas
822 1373 1035 1416 moras
1072 1358 1311 1430 nectat,
1344 1359 1537 1435 atque
1571 1353 1874 1422 nonnisi
1911 1374 2099 1435 aegre
2141 1354 2462 1420 discedere
2487 1327 2576 1434 {fg}
2594 1335 2736 1369 ουδ’

262 1453 579 1533 videatur,
611 1454 695 1517 ad
722 1454 1005 1518 remedia
1033 1454 1559 1536 confugiendum.
1651 1456 1797 1519 Hoc
1827 1455 1926 1519 uti
1955 1457 2126 1520 soleo
2149 1482 2253 1520 :—

266 1625 453 1693 [Form
478 1626 627 1694 30.]¹
695 1623 760 1704 R
798 1624 1017 1680 Radicis
1040 1625 1247 1679 Rubiae
1270 1626 1602 1693 Tinctorum‚

798 1711 1061 1781 [Radicis]
1090 1713 1406 1778 Curcumac,
1429 1731 1534 1766 ana
1556 1715 1772 1767 unciam
1797 1731 1978 1778 unam,

795 1797 1098 1852 Chelidonii
1125 1799 1349 1869 Majoris
1370 1817 1491 1853 cum
1518 1807 1648 1865 toto,

792 1885 1176 1939 Summitatum
1200 1887 1477 1940 centaurii
1500 1885 1748 1952 Minoris,
1772 1903 1876 1940 ana
1897 1887 2234 1957 manipulum
2259 1905 2464 1952 unum;

546 1973 733 2042 Coque
755 1973 813 2025 in
834 1972 1141 2042 aequalibus
1162 1974 1400 2042 partibus
1424 1973 1533 2025 vini
1558 1972 1807 2026 Rhenani
1839 1981 1894 2026 et
1922 1990 2094 2043 aquae
2121 1973 2370 2028 fontanae
2393 1974 2464 2028 ad

544 2059 703 2112 libras
724 2056 885 2122 duas3
921 2058 1155 2111 colatura
1177 2057 1398 2111 dissolve

791 2144 982 2214 Syrupi
1008 2143 1075 2198 <le
1099 2143 1351 2214 Quinque
1375 2144 1668 2199 Radicibus
1689 2147 1875 2199 uncias
1897 2144 2031 2199 duas
2049 2167 2062 2208 3

546 2229 719 2286 Misce
739 2251 753 2295 3
790 2231 885 2284 flat
923 2248 1198 2300 opozema,
1240 2233 1419 2300 capiat
1452 2232 1644 2286 libram
1681 2231 1962 2286 dimidiam
2005 2232 2176 2287 calide
2210 2250 2366 2286 mane
2407 2243 2462 2288 et

546 2335 658 2372 sero
682 2335 849 2388 usque
872 2316 999 2370 dum
1025 2317 1365 2370 convaluerit.

270 2463 441 2551 [23]
495 2463 587 2529 At
623 2462 761 2535 ubi,
780 2461 1019 2527 icterus
1060 2482 1175 2547 per
1212 2482 1279 2526 se
1313 2461 1580 2541 invadit,
1613 2461 1832 2528 Colica
1868 2463 2249 2548 neutiquam
2279 2484 2458 2549 prae·
2487 2475 2688 2525 Curatio
2709 2477 2775 2527 io-

260 2589 507 2651 gressa,
536 2567 800 2631 omnino
830 2572 1083 2649 oportet
1110 2572 1187 2629 ut
1214 2574 1469 2650 praeter
1500 2567 1844 2632 alterantia
1869 2568 2008 2651 jam
2037 2568 2230 2646 dicta,
2261 2568 2457 2633 etiam
2485 2543 2730 2655 {ffinffssm'

259 2672 617 2753 cholagoga
650 2669 741 2753 (id
784 2676 901 2747 est,
947 2690 1111 2753 quae
1152 2690 1267 2752 per
1306 2670 1523 2733 alvum
1564 2668 1764 2733 bilem
1815 2669 2233 2753 subducunt,)
2269 2691 2461 2753 aegro

262 2773 712 2851 exhibeantur,
762 2793 996 2854 nempe
1056 2772 1254 2835 semel
1304 2772 1405 2834 vel
1462 2771 1582 2849 bis,
1636 2777 1988 2854 antequam
2046 2771 2464 2854 aggrediatur

259 2896 457 2939 usum
493 2874 866 2958 praescripti
903 2874 1309 2957 apozematis,
1341 2878 1408 2937 et
1447 2879 1672 2956 postea
1713 2873 1913 2938 semel
1953 2872 2226 2957 singulis
2269 2872 2464 2957 septi-

260 2978 471 3041 manis
501 2978 777 3042 durante
806 2977 1096 3062 ejusdem
1124 2997 1285 3042 usu:
1328 2983 1519 3054 ut,—

262 3128 467 3198 [Form.
490 3128 605 3197 31.]
679 3127 744 3208 R
800 3130 1091 3183 Electuarii
1116 3146 1147 3182 e
1170 3128 1339 3183 Succo
1363 3128 1625 3182 Rosam-um
1648 3127 1928 3181 drachmas
1950 3126 2102 3193 duas,

788 3215 1116 3269 Rhabarbari
1138 3216 1479 3269 subtilissime
1502 3216 1763 3285 pulverati
1787 3214 2249 3281 semidrachmam,

788 3303 1053 3356 Cremoris
1076 3302 1285 3355 Tartari
1308 3302 1615 3371 scrupulum
1637 3318 1826 3367 unum,

785 3406 909 3442 cum
934 3388 1225 3441 sufficiente
1246 3389 1547 3457 quantitate
1576 3388 1767 3459 Syrupi
1793 3387 2029 3441 Cichorii
2056 3405 2178 3442 cum
2205 3387 2387 3450 Rhe03

540 3476 664 3530 Fiat
696 3476 847 3529 bolus
868 3495 882 3538 3
933 3482 1110 3528 sumat
1158 3490 1363 3527 summo
1412 3491 1588 3538 mane,
1631 3473 2016 3544 superbibendo
2058 3475 2166 3528 vini
2210 3474 2456 3529 Rhenani

536 3562 861 3616 haustulum.

250 3703 347 3769 At
394 3700 449 3765 si
495 3700 593 3764 vel
642 3699 743 3763 his
795 3698 910 3762 diu
960 3695 1355 3762 continuatis
1400 3696 1665 3761 morbus
1714 3695 1925 3761 adhuc
1975 3696 2320 3777 obstiterit,
2374 3697 2459 3765 ad

250 3826 451 3888 aquas
500 3804 757 3882 ferreas,
811 3800 1031 3884 quales
1090 3808 1245 3864 sunt
1294 3800 1458 3863 istae
1504 3799 2008 3891 Tunbrigenses,
2061 3800 2454 3881 adeundum,

252 3929 419 3992 quae
470 3929 549 3971 ex
599 3908 737 3990 ipso
787 3905 967 3969 fonte
1018 3902 1335 3967 bibendae
1382 3908 1537 3966 sunt
1590 3903 1860 3987 singulis
1907 3904 2248 3967 matutinis
2298 3904 2456 3969 dum

251 4010 667 4077 convaluerit.
756 4010 975 4091 Atque
1003 4006 1161 4071 haec
1193 4007 1273 4070 de
1302 4006 1541 4070 morbis
1572 4006 1767 4091 hujus
1799 4005 2320 4071 constitutionis.

1136 4154 1163 4181 ¹
1196 4142 1271 4189 Cf.
1300 4141 1437 4191 form.
1463 4144 1574 4191 204.
