3138 5006
387 446 598 495 Femina

372 511 396 556 Ι
403 525 604 560 uranu.

351 575 626 623 Aureolum

381 640 428 686 ’6
439 641 454 685 1
465 640 588 687 ³64.

345 2078 583 2140 Paroxys-

342 2157 538 2190 morum

343 2206 612 2269 descriptio.

657 278 744 341 70
1271 273 1661 341 THOMAE
1710 273 2226 340 SYDENHAM

653 441 849 521 atque
877 456 982 501 me
1010 435 1297 501 fortassis
1335 435 1460 500 hoc
1491 434 1761 501 nomine
1788 433 2185 519 culpandum
2226 432 2551 518 putabunt
2578 431 2754 516 quod
2780 431 2874 494 in·

651 539 810 603 haec
839 539 1197 622 penetralia·
1221 559 1356 602 non
1383 539 1741 624 irrumpere
1770 545 2041 602 conatus
2070 537 2212 615 sim,
2236 557 2470 600 moneo
2498 537 2641 600 illos
2676 541 2752 599 ut
2778 534 2859 598 in

650 641 790 705 aliis
827 641 1122 706 Naturae
1163 641 1498 723 operibus,'
1514 662 1677 723 quae
1708 639 1950 722 ubique
1987 638 2177 704 nobis
2216 639 2655 716 obversantur,
2684 637 2857 702 vires

650 765 798 807 suas
827 743 1100 826 experiri
1128 742 1347 820 velint,
1372 748 1720 825 antequam
1744 741 1885 805 aliis
1914 741 2126 805 dicam
2148 740 2453 806 scribant.
2540 739 2871 820 Libenter.

649 845 826 909 enim
869 844 1267 927 quaesierim,
1299 865 1414 908 cur
1444 865 1649 926 equus
1677 843 1762 907 ad
1789 840 1999 924 ᾰκμήν
2026 864 2212 907 suam
2246 841 2575 926 pertingat
2603 847 2861 924 septem

649 967 968 1010 annorum
1011 946 1237 1029 spatie,
1282 944 1477 1009 homo
1518 945 1715 1008 unius
1758 952 1826 1009 et
1867 945 2150 1029 viginti?
2210 965 2326 1009 cur
2366 945 2440 1008 in
2481 944 2857 1026 plantarum

646 1061 868 1130 regn0,
897 1048 1056 1111 haec
1090 1068 1316 1113 mense
1351 1047 1554 1126 Maio,
1590 1047 1703 1112 illa
1749 1047 1793 1110 J
1792 1048 1969 1126 unio,
2006 1048 2136 1112 ista
2168 1047 2295 1112 alio
2338 1048 2563 1111 florere
2598 1046 2802 1108 soleat
2822 1045 2855 1108 P

643 1157 724 1212 ut
748 1150 1092 1214 innumera
1129 1149 1256 1214 alia
1281 1170 1459 1214 nunc
1488 1149 1735 1214 sileam.
1826 1148 2021 1216 Quod
2048 1149 2105 1213 si
2135 1149 2535 1214 doctissimos
2565 1167 2853 1230 quosque

643 1251 810 1315 viros
839 1273 974 1315 non
1003 1251 1244 1333 pudeat
1265 1273 1450 1316 suam
1477 1251 1915 1334 ignorantiam
1943 1251 2017 1314 in
2044 1251 2147 1316 his
2174 1251 2369 1315 rebus
2398 1250 2613 1334 palam
2638 1249 2855 1329 fateri,

644 1374 780 1416 non
824 1353 1008 1416 video
1059 1370 1174 1416 cur
1219 1353 1382 1418 mihi
1427 1353 1585 1418 vitio
1636 1354 1801 1418 verti
1844 1353 2099 1432 debeat,
2140 1353 2195 1416 si
2228 1353 2303 1416 in
2336 1373 2407 1417 re
2452 1373 2589 1416 non
2632 1351 2855 1416 minus

645 1454 906 1533 difficili,
938 1464 1132 1538 atque
1158 1455 1430 1520 forsitan
1467 1476 1730 1540 prorsus
1772 1455 2226 1539 inexplicabili,
2257 1476 2490 1520 manus
2532 1452 2617 1518 ab
2655 1451 2857 1518 αἰτιο-

642 1557 839 1645 λογίᾳ
877 1557 1275 1637 abstineam3
1323 1558 1558 1643 quippe
1602 1580 1753 1622 cum
1795 1558 2321 1642 persuasissimus
2362 1558 2485 1622 sim
2524 1558 2855 1622 Naturam

645 1681 780 1724 non
835 1661 1054 1724 minus
1098 1660 1207 1724 hic
1255 1661 1400 1740 loci,
1451 1683 1647 1745 quam
1688 1661 1761 1724 in
1806 1661 1945 1725 aliis
1990 1660 2501 1746 quibuscunque,
2543 1659 2853 1724 methodo

647 1762 924 1845 quadam
953 1769 1130 1826 certa
1157 1770 1352 1846 atque
1380 1763 1607 1827 ordine
1635 1763 1968 1846 progredi:
2014 1770 2393 1848 quartano-sa
2422 1761 2597 1827 enim
2632 1762 2733 1844 (ut
2760 1761 2855 1825 sic

649 1865 902 1948 dicam,)
931 1885 1006 1929 ac
1033 1867 1372 1930 tertianam
1399 1866 1671 1930 materia
1698 1887 1833 1930 non
1860 1864 2077 1929 minus
2094 1865 2391 1930 Naturae
2418 1865 2670 1948 legibus
2700 1864 2857 1929 sub·

640 1969 814 2051 jacet
842 1968 1050 2051 iisque
1077 1968 1341 2050 regitur,
1374 1989 1568 2053 quam
1600 1967 1725 2032 alia
1754 1989 2018 2051 corpora
2048 1967 2535 2052 qualiacunque.

743 2070 906 2154 [6.]1>
955 2069 1129 2135 Cum
1171 2071 1382 2154 rigore
1427 2078 1623 2154 atque
1671 2071 1935 2136 horrore
1978 2071 2051 2134 in
2092 2071 2467 2134 universum
2513 2070 2854 2134 Intermit-

645 2177 858 2236 tentes
889 2193 1112 2238 omnes
1161 2173 1502 2256 incipiunt,
1549 2173 1655 2236 cui
1693 2193 1845 2235 mox
1886 2173 2061 2236 calor
2107 2172 2415 2252 succedit,
2463 2179 2657 2256 atque
2694 2172 2853 2237 huic

647 2273 948 2358 deinceps
987 2274 1217 2354 sudor;
1262 2296 1376 2359 per
1415 2283 1767 2358 utrumque
1805 2296 2282 2358 paroxysmum,
2314 2281 2460 2339 tum
2498 2275 2685 2338 illum
2720 2295 2855 2357 quo

645 2376 814 2459 riget
845 2397 1053 2459 aeger,
1085 2383 1229 2440 tum
1259 2398 1386 2460 quo
1421 2377 1568 2460 plus
1600 2376 1753 2440 satis
1792 2376 2143 2454 incalescit,
2172 2377 2507 2441 vomiturit
2546 2385 2623 2440 ut
2650 2376 2852 2460 pluri-

645 2499 849 2558 mum,
894 2479 1310 2545 vehementer
1361 2484 1675 2563 aegrotat,
1724 2499 1874 2543 cum
1924 2477 2031 2541 siti
2081 2484 2150 2542 et
2200 2478 2429 2561 lingua
2478 2478 2676 2558 arida,
2724 2484 2855 2543 etc.

647 2580 834 2646 Quae
864 2581 1126 2664 quidem
1169 2587 1603 2665 symptomata
1635 2581 1865 2643 iisdem
1894 2580 2161 2644 omnino
2202 2580 2509 2663 gradibus
2538 2580 2853 2645 recedunt

647 2683 878 2766 quibus
918 2683 1290 2766 provehitur
1329 2683 1543 2762 sudor,
1578 2703 1706 2766 quo
1735 2682 1999 2746 uberius
2045 2688 2509 2767 prorumpente
2544 2702 2849 2766 paroxys-

647 2805 792 2847 mus
835 2783 993 2847 solvi
1035 2784 1308 2848 videtur.
1401 2784 1575 2847 Satis
1617 2790 1791 2847 recte
1834 2784 2005 2847 valet
2049 2783 2162 2866 qui
2213 2784 2406 2847 modo
2449 2783 2851 2865 aegrotabat,

647 2886 852 2952 donec
878 2909 1298 2972 paroxysmus
1317 2888 1603 2971 -periodo
1640 2888 1763 2951 sibi
1803 2894 2113 2953 consueta
2153 2889 2367 2952 denuo
2404 2887 2849 2964 recrudescat;

645 2988 716 3051 in
741 2989 1138 3054 Quotidiana
1165 2990 1408 3055 scilicet
1439 2990 1727 3073 quolibet
1758 2988 2147 3077 νυχθημέρῳ,
2164 2990 2238 3052 in
2258 2989 2562 3053 Tertiana
2582 2988 2851 3052 alternis

645 3089 893 3170 diebus,
923 3091 996 3153 in
1027 3092 1364 3157 Quartana
1401 3093 1597 3157 tertio
1640 3113 1895 3176 quoque
1937 3092 2059 3171 die,
2091 3091 2513 3157 calculatione
2552 3090 2851 3156 videlicet

644 3190 817 3253 facta
866 3191 949 3254 ab
998 3192 1195 3255 unius
1244 3195 1611 3277 paroxysmi
1659 3195 1849 3259 initio
1901 3194 1983 3258 ad
2041 3194 2307 3258 initium
2358 3192 2807 3275 subsequentis
2827 3218 2849 3257 τ

645 3290 797 3354 licet
825 3292 1001 3356 haud
1029 3314 1174 3357 raro
1203 3293 1690 3375 ingeminentur
1717 3296 2099 3379 posteriores
2130 3296 2279 3375 duc,
2309 3296 2405 3359 ita
2432 3301 2509 3359 ut
2543 3294 2851 3358 Tei-tiana

647 3391 934 3473 quolibet
965 3393 1068 3457 die
1096 3393 1379 3474 invadat,
1401 3395 1741 3462 Quartana
1767 3419 1882 3481 per
1912 3398 2072 3462 duos
2100 3396 2237 3461 dies
2266 3396 2628 3475 continuos,
2651 3396 2848 3461 tertio
2876 3389 2887 3410 '

647 3493 910 3575 quidem
967 3494 1048 3558 ab
1101 3496 1352 3559 insultu
1402 3496 1605 3562 libero
1656 3505 2001 3578 manente3
2067 3499 2450 3582 quandoque
2502 3498 2696 3562 etiam
2742 3504 2849 3561 ter

568 3624 580 3635 ·
644 3594 854 3658 tribus
899 3596 1123 3661 diebus
1169 3599 1493 3663 continuis
1537 3601 1819 3681 infestet,
1862 3623 2011 3666 cum
2040 3601 2297 3685 Triplex
2326 3602 2665 3667 Quartana
2706 3606 2846 3679 est3

339 3912 581 3977 Paroxys-

341 3992 534 4025 morum
551 3992 624 4025 re-

342 4042 608 4103 duplicatio

341 4104 417 4152 vel
440 4120 469 4152 a
490 4120 596 4153 ma-

341 4169 488 4216 teriae
506 4170 598 4217 Fe-

340 4232 478 4279 brilis
491 4248 575 4280 ex-

339 4311 479 4343 cessu
503 4302 576 4343 at—

341 4376 436 4422 que
459 4360 578 4407 acti-

646 3696 873 3760 morbo
923 3698 1004 3762 ab
1055 3699 1200 3777 isto,
1247 3722 1440 3784 quem
1491 3703 1774 3786 primum
1822 3704 2185 3786 assumpsit,
2230 3710 2385 3787 typo
2429 3724 2669 3767 nomen
2712 3723 2847 3768 sor-

646 3797 871 3862 tiente.

745 3900 908 3985 [7.]¹‘
955 3902 1139 3967 Quae
1169 3924 1322 3969 sane
1350 3928 1875 3991 paroxysmorum
1915 3907 2334 3990 reduplicatio
2372 3928 2847 3991 nonnunquam

649 4024 688 4067 a
731 4004 1039 4069 materiae
1084 4006 1352 4071 Febrilis
1398 4030 1661 4073 excessu
1704 4010 2155 4092 activitateque
2199 4010 2405 4073 nimia
2445 4010 2842 4093 producitur,

648 4128 774 4190 quo
815 4108 889 4172 in
927 4130 1083 4173 casu
1123 4131 1540 4193 paroxysmus
1594 4113 1985 4176 adventitius
2034 4113 2413 4195 primarium
2460 4114 2843 4192 antevertit3

646 4231 1116 4296 nonnunquam
1177 4212 1372 4276 etiam
1433 4236 1472 4277 a
1527 4215 1760 4278 virium
1816 4216 2267 4299 prostratione,
2319 4237 2471 4280 cum
2527 4216 2600 4279 in
2650 4236 2843 4299 aegro

647 4333 878 4398 nempe
929 4314 1204 4377 nimium
1263 4314 1410 4379 illae
1457 4317 1701 4381 fuerint
1762 4318 2067 4401 dejectae,
2121 4324 2189 4382 et
2248 4318 2609 4402 paroxysmi
2660 4318 2841 4401 vigor

1001 4450 1023 4480 Ρ
1057 4446 1108 4503 §5
1133 4444 1180 4502 6,
1205 4444 1232 4495 7
1259 4446 1434 4493 desunt
1457 4446 1506 4493 in
1532 4447 1638 4494 edd.
1665 4450 1761 4508 ³66,
1788 4450 1882 4497 ’68.
1920 4448 1993 4496 ef.
2022 4450 2223 4496 Procas.
2254 4450 2345 4495 lut.
2370 4463 2409 4494 c.
2435 4450 2479 4495 4.
