3138 5006
1006 267 1533 336 TRAOTATUS
1581 269 1640 336 Ι.
2299 277 2428 342 417

319 427 489 517 [16.]
545 429 842 518 Podagra
877 433 1191 498 foeminas
1229 452 1489 517 perraro
1527 433 1814 512 infestat,
1854 454 2088 518 easque
2125 435 2263 498 no'n
2296 434 2428 498 nis'i
2463 445 2558 494 De
2581 447 2716 496 Pou-

218 531 357 617 jam
396 537 665 616 vetulas,
705 544 772 601 et
806 537 1145 620 viragines,
1186 535 1302 600 seu
1345 557 1608 619 corpore
1650 536 2084 600 masculorum
2126 537 2424 601 habitum
2451 524 2670 664 8123:-

215 639 647 704 aemulantes.
740 640 1142 718 Graciliores,
1184 659 1345 722 quae
1386 639 1488 702 vel
1530 639 1604 701 in
1648 637 2080 703 adolescentia
2118 641 2221 705 vel
2271 662 2422 704 con·
2449 665 2702 722 foeminas,

224 741 428 804 stanti
478 748 691 806 aetate
740 749 1172 827 symptomata
1219 741 1559 824 patiuntur
1603 740 1966 824 Podagram
2016 741 2421 822 mentientia,
2447 727 2730 857 ξξζᾎοὲξξῖ·

225 861 304 905 ea
344 843 486 926 ipsa
525 845 626 908 vel
670 843 1005 908 affectibus
1054 843 1411 928 h'ystericis,
1454 845 1557 907 vel
1599 843 2066 908 rheumatismo
2118 866 2246 928 quo
2284 847 2422 929 jam
2448 873 2546 906 non
2566 859 2664 906 nisi

212 945 380 1009 olim
419 946 795 1011 laborarunt
826 947 891 1010 et
920 948 1105 1031 cujus
1144 947 1349 1010 fomes
1386 945 1523 1010 no'n
1556 947 1713 1010 satis
1752 945 1940 1010 initio
1975 947 2203 1012 fuerat'
2218 949 2422 1013 elimi-
2446 923 2713 1050 ζῗξέὲῗξεξῐ

210 1053 439 1125 natus,
471 1054 731 1132 accepta
757 1047 1069 1112 referunt.
1436 1096 1446 1106 .
2447 1051 2658 1100 infestat.

309 1148 379 1211 N
1186 1149 1201 1166 ‚
1380 1151 1393 1164 ,
1550 1161 1556 1169 ,
1653 1150 1668 1165 ,
2447 1115 2621 1178 Neque
2636 1131 2728 1178 pu·

382 1169 543 1231 eque
600 1170 851 1233 pueros,
904 1171 1115 1233 neque
1175 1149 1523 1234 juvenibus
1579 1171 1862 1216 minores
1920 1152 2217 1236 Podagra
2271 1175 2422 1219 vera
2445 1181 2529 1238 eri,
2552 1197 2710 1243 neque

208 1256 418 1335 atque
458 1253 744 1336 genuina
779 1260 1038 1318 vexatos
1076 1254 1393 1318 hactenus
1433 1253 1793 1318 observavi:
1856 1256 2155 1318 nonnulli
2197 1262 2417 1320 tamen
2437 1246 2704 1357 ffiivrffigm

2655 1345 2670 1368 2

221 1354 385 1420 mihi
412 1358 554 1422 noti
584 1364 759 1437 sunt,
795 1358 922 1442 qui,
953 1358 1327 1442 priusquam
1358 1379 1500 1422 eam
1540 1364 1817 1424 aetatem
1850 1359 2235 1441 attigissent,
2265 1358 2418 1422 levi-
2443 1389 2558 1450 vega
2575 1381 2622 1422 et
2643 1390 2727 1436 ge.

220 1461 437 1524 culam
494 1459 776 1544 aliquam
842 1461 1025 1542 quasi
1080 1457 1520 1525 velitationem
1585 1468 2091 1544 praesenserant,
2119 1461 2419 1544 'quorum
2441 1439 2724 1564 ἲὲζξῗξὲᾱ-

218 1583 454 1646 nempe
511 1569 725 1646 patres
776 1564 972 1627 etiam
1031 1571 1191 1628 tunc
1247 1565 1371 1628 hoc
1420 1562 1646 1628 morbo
1703 1571 2083 1628 tenerentur
2140 1585 2289 1628 cum
2339 1565 2418 1628 iis
2440 1568 2710 1679 3:¹55?-

221 1667 607 1749 generandis
642 1686 901 1751 operam
940 1667 1191 1732 darent.
1278 1668 1498 1751 Atque
1536 1668 1643 1731 hic
1683 1667 1940 1752 explicit
1975 1666 2183 1731 morbi
2223 1667 2417 1751 hujus
2442 1703 2602 1744 tamen
2624 1711 2707 1743 ve-

218 1769 507 1834 historia.
856 1775 861 1780 ’
1583 1777 1586 1780 ’
1843 1769 1852 1776 ’
2442 1761 2715 1836 ¹³¹³⁸ti⁰¹¹⁰¹f²

318 1871 382 1955 [1
392 1876 431 1937 '7
437 1872 481 1955 .]
539 1873 782 1937 Omnes
826 1872 1027 1937 animi
1067 1895 1297 1938 nervos
1338 1874 1527 1939 variis
1569 1873 1840 1958 hujusce
1885 1872 2094 1938 morbi
2137 1872 2418 1957 phaeno-
2443 1832 2724 1953 {xxiiia-s

216 1976 426 2038 menis
477 1973 987 2059 contemplandis
1047 1978 1279 2041 acriter
1320 1977 1688 2056 intendem,
1734 1977 1920 2041 illum
1980 1976 2257 2064 ἀπεψίᾳ,
2303 1999 2418 2042 neu
2443 1956 2724 2067 {foi-3⁴2¹?

215 2076 639 2142 labefactatae
678 2085 813 2141 tam
855 2079 928 2142 in
971 2079 1263 2162 partibus
1306 2101 1497 2164 quam
1536 2081 1742 2144 succis
1787 2081 2066 2163 corporis
2104 2081 2416 2146 universis
2441 2085 2652 2160 gninium

214 2179 634 2259 concoctioni,
676 2187 892 2245 ortum
932 2181 1164 2246 debere
1208 2184 1539 2247 existimo:
1597 2183 1668 2246 in
1705 2183 1850 2247 istis
1895 2183 2072 2247 enim
2117 2184 2228 2266 qui
2263 2183 2418 2248 huic
2440 2163 2665 2262 ζ’ἒῐξῒξζξ,

214 2281 441 2346 morbo
480 2289 635 2346 sunt
664 2282 943 2362 obnoxii,
974 2305 1124 2348 cum
1158 2286 1295 2369 jam
1324 2279 1427 2349 'vel
1464 2293 1678 2350 aetate
1715 2283 1958 2349 fuerint
1988 2279 2289 2365 confecti,
2316 2288 2416 2350 vel
2445 2289 2649 2338 Morbus

216 2385 567 2449 effraenata
587 2407 841 2449 morum
868 2387 1130 2452 licentia
1152 2394 1551 2452 senectutem
1579 2387 2050 2470 praematurius
2075 2389 2414 2452 accersive-
2441 2351 2721 2468 ffffn‘ffitffgt',

212 2487 370 2567 rint,
400 2487 662 2571 spiritus
698 2485 1005 2555 animales
1040 2512 1156 2576 per
1192 2497 1408 2556 totum
1444 2512 1675 2574 corpus
1711 2491 2040 2569 deficiunt,
2071 2490 2415 2556 immodico

212 2591 626 2654 functionum
680 2590 754 2655 in
812 2592 1176 2674 juventutis
1234 2591 1443 2655 calore
1500 2592 2056 2675 vegetissimarum
2116 2593 2414 2656 exercitio

206 2693 619 2776 consumpti3
662 2692 842 2756 verbi
878 2694 1101 2776 gratia,
1133 2715 1555 2777 praepropero
1595 2694 1918 2777 nimioque
1957 2694 2230 2757 Veneris
2267 2716 2411 2770 usu,
2441 2712 2544 2762 Qui
2566 2714 2695 2773 vino,

212 2796 459 2859 insanis
515 2795 1125 2879 improbissimisque
1184 2795 1509 2860 laboribus
1568 2795 1801 2878 quibus
1861 2794 2162 2859 ardenter
2219 2802 2413 2879 atque
2437 2777 2720 2890 fflfflila‘

211 2899 531 2963 indefesse
576 2896 1013 2980 voluptatibus
1062 2898 1441 2975 inserviunt,
1488 2902 1555 2961 et
1604 2897 1706 2963 his
1758 2896 2092 2961 similibus.
2179 2897 2414 3013 Acces-
2439 2905 2718 3019 iffiffiffii'fi-

210 3003 297 3066 sit
326 3002 542 3080 etiam,
576 3001 705 3065 sive
735 3001 816 3065 ab
848 3000 1056 3080 annis,
1088 3003 1218 3065 sive
1248 3000 1329 3065 ab
1364 3001 1620 3079 inertia,
1653 3000 2098 3064 exercitiorum
2135 3021 2413 3084 corporis
2440 3036 2603 3093 tensis,
2613 3051 2722 3083 cae-

213 3106 446 3189 quibus
496 3106 651 3169 olim
702 3112 1114 3169 assueverant
1154 3103 1542 3168 intermissio
1586 3104 1688 3167 vel
1739 3102 2009 3167 cessatio
2052 3104 2409 3187 repentina,
2438 3099 2689 3227 fffizqssi·

212 3210 516 3292 (quorum
558 3230 684 3271 usu
726 3213 871 3271 tum
916 3207 1176 3290 sanguis
1227 3206 1663 3289 invigoratior,
1701 3212 1848 3270 tum
1889 3205 2173 3288 partium
2215 3213 2410 3271 tonus
2435 3226 2670 3338 ltitus-‹ex-

2471 3302 2684 3351 annunt,

208 3312 455 3375 firmior
496 3318 563 3375 et
602 3310 1001 3374 constantior
1044 3309 1290 3373 solebat
1328 3306 1555 3390 reddi,)
1595 3306 1773 3372 unde
1809 3309 1947 3392 jam
1987 3329 2217 3392 corpus
2257 3309 2407 3373 flac·
2435 3358 2674 3405 coctiones

206 3414 424 3493 cescit,
470 3420 537 3478 et
588 3413 1031 3478 concoctiones
1079 3434 1216 3477 non
1266 3412 1539 3495 amplius
1589 3410 1766 3475 recte
1815 3418 2306 3495 promoventur3
2371 3433 2407 3476 e
2433 3420 2706 3498 destruunt,

200 3525 437 3581 contra
469 3537 638 3595 vere,
680 3536 1014 3579 succorum
1052 3513 1331 3598 corporis
1369 3520 1787 3592 recrementa,
1829 3534 1991 3596 quae
2028 3514 2266 3578 talium·
2299 3536 2406 3579 ex·
2431 3494 2718 3599 3ηῇᾞῖζέ

202 3619 578 3683 ercitiorum
636 3639 757 3702 ope
811 3618 989 3702 prius
1048 3616 1578 3695 excernebantur,
1631 3616 1864 3679 dehinc
1920 3616 1993 3679 in
2049 3617 2235 3696 vasis,
2287 3638 2408 3683 ceu
2432 3616 2692 3729 anthianil—

204 3722 420 3786 morbi
476 3721 839 3799 seminium,
890 3720 1351 3784 reconduntur.
1437 3720 1935 3803 Nonnunquam
1993 3725 2060 3783 et
2118 3720 2406 3784 studium
2433 3694 2701 3799 ἓέεζῗωῖζ

204 3845 328 3889 seu
353 3824 690 3888 meditatio
727 3823 807 3888 de
834 3844 905 3888 re
942 3822 1242 3906 quapiam
1284 3820 1449 3885 seria.
1476 3842 1551 3885 ac
1583 3821 1894 3885 diuturna
1928 3823 2176 3886 malum
2205 3824 2403 3899 auxit,
2431 3808 2706 3921 3223&

200 3949 339 4012 quo
368 3926 605 3991 scilicet
636 3922 897 4010 spiritus
936 3925 1389 3989 defaecatiores
1419 3930 1485 3987 et
1513 3924 1720 4005 magis
1747 3924 2036 3988 volatiles
2075 3946 2115 3987 a
2142 3932 2406 3989 concoc-

204 4031 463 4095 tionum
500 4050 719 4114 pense,
753 4028 925 4112 quod
960 4028 1317 4092 debuerant
1350 4027 1696 4105 absolvere,
1709 4027 1998 4091 ‘nimium
2038 4035 2403 4091 avocantur.

217 4133 384 4219 [18.]
437 4132 648 4215 Adde,
681 4131 853 4216 quod
879 4131 1033 4194 hnic
1067 4124 1291 4195 morbo
1321 4129 1582 4194 obnoxii
1609 4151 1744 4193 non
1773 4130 1980 4193 solnm
2015 4129 2304 4193 ciborum
2333 4130 2406 4192 in

208 4256 446 4319 genere
494 4236 629 4300 fere
680 4242 834 4298 sunt
878 4234 1369 4318 appetentiores,
1414 4232 1530 4296 sed
1581 4238 1646 4295 et
1692 4252 1914 4296 eorum
1964 4232 2248 4297 maxime.
2296 4232 2406 4314 qui

206 4338 578 4402 difficillime
619 4334 979 4402 ventriculo
1024 4336 1301 4414 cedunt;
1366 4356 1525 4419 quos
1573 4355 1722 4398 cum
1773 4333 1950 4397 haud
2000 4334 2250 4417 parcius
2293 4334 2404 4398 de-

208 4448 435 4506 vorent
494 4460 687 4527 quam
744 4446 891 4506 tum
949 4440 1229 4505 solerent
1280 4460 1430 4502 cum
1490 4436 1802 4503 exercitiis
1859 4444 2219 4519 uterentur,
2269 4460 2405 4504 non

1234 4544 1277 4605 3
1312 4562 1357 4603 n
