3138 5006
526 273 1318 352 ossERvArmNuM
1364 243 1956 345 MEDICARUM'
1995 281 2108 334 111.
2145 287 2196 333 2.
2339 282 2469 345 -127

262 438 455 501 etiam
484 434 903 514 calidissimis,
931 435 1212 499 revocari
1238 442 1470 518 potest.
1560 436 1774 518 Aeger
1809 436 2070 501 interim
2097 436 2462 519 phrenitide
2489 455 2763 504 vinoun

258 540 618 623 corripitur,
672 540 1013 618 anxietate,
1058 540 1426 624 jactatione,
1484 540 1886 623 aegritudine
1936 540 2420 606 vehementibus
2440 568 2462 621 3
2487 522 2766 633 ἒξῇξζζζ

260 643 517 735 urinam
546 664 733 726 parce
754 642 965 706 reddit
996 663 1069 705 ac
1096 642 1501 724 frequentem
1548 663 1622 705 ac
1642 642 1905 706 tandem
1933 644 2464 725 paucissimarum
2528 651 2733 701 ’67-’69;

258 744 567 808 horarum
610 744 817 828 spatio
862 744 1215 808 amicorum
1258 766 1437 827 spem
1465 744 1650 822 fallit,
1683 752 1748 809 et
1779 745 1862 808 ad
1904 745 2118 828 plures
2159 747 2393 829 migrat
2409 756 2459 809 Ρ.
2491 784 2504 790 -

260 848 709 911 Veruntamen
750 846 857 910 hic
901 854 999 910 est
1036 845 1417 925 notandum,
1447 847 1638 929 quod,
1671 847 1726 910 si
1769 869 2009 930 paucae
2054 858 2464 931 compareant
2490 862 2772 938 (Ra-egimeq.

259 950 581 1027 Variolae,
611 948 838 1033 hyems
868 950 924 1013 si
950 949 1165 1029 fuerit,
1198 970 1387 1031 aeger
1414 958 1638 1019 ,aetate
1680 952 2051 1034 provectior,
2083 960 2198 1016 aut
2236 974 2462 1017 venae-
2489 927 2692 979 cahdius

260 1052 461 1117 sectio
502 1053 698 1116 fuerit
749 1052 1086 1130 celebrata,
1129 1052 1421 1135 regimen
1470 1052 1632 1115 illud
1682 1052 1946 1117 calidius
1987 1054 2060 1117 in
2104 1056 2276 1138 quod
2325 1057 2465 1140 jam
2489 1071 2582 1131 ΨΒ
2605 1056 2712 1103 offi-

261 1154 851 1233 animadvertimus,
892 1176 1027 1219 non
1070 1155 1165 1218 ita
1206 1150 1382 1218 certo
1423 1154 1610 1219 faciei
1651 1157 2151 1238 turgescentiam
2196 1158 2465 1242 impedit
2487 1119 2628 1181 qm.)

260 1263 331 1319 et
357 1258 626 1339 proinde
654 1264 930 1321 mortem
958 1258 1241 1334 accersit,
1274 1264 1465 1339 atque
1494 1256 1608 1323 ubi
1638 1257 1960 1323 confertae
1989 1260 2304 1339 Variolae,
2335 1281 2464 1339 ver,

262 1366 549 1423 aestasve
578 1358 794 1437 fuerit,
812 1380 1013 1442 aeger
1040 1366 1250 1422 aetate
1278 1360 1529 1437 florem,
1560 1380 1771 1442 neque
1801 1361 2062 1442 sanguis
2093 1361 2436 1425 detractus.

261 1518 275 1525 ..
365 1462 531 1545 [21]
586 1462 679 1526 At
707 1484 855 1527 vero
882 1462 955 1525 in
984 1461 1475 1526 Confluentibus
1496 1462 1775 1526 maxime
1801 1463 2246 1546 periclitantur
2273 1466 2466 1548 aegri,
2493 1462 2668 1540 porum

260 1571 334 1629 et
354 1566 640 1648 plerique
663 1566 859 1629 etiam
881 1564 1266 1643 moriuntur,
1290 1565 1393 1629 die
1421 1565 1798 1643 undecimo;
1843 1587 1996 1629 nam
2020 1587 2166 1629 cum
2188 1566 2309 1631 hoc
2335 1568 2468 1631 fere
2493 1534 2628 1576 ἀπ’

260 1676 557 1749 tempore
586 1667 891 1745 salivatiO,
917 1687 1079 1749 quae
1108 1687 1375 1751 aegrum
1401 1667 1716 1731 hactenus
1743 1668 1815 1730 in
1841 1674 1988 1731 tuto
2014 1669 2246 1752 posuit,
2271 1670 2469 1734 soleat

264 1768 561 1833 desinere
590 1776 818 1852 sponte
848 1790 982 1847 sua,
1012 1770 1141 1832 nisi
1160 1769 1383 1833 faciei‘¹
1412 1770 1912 1834 intumescentia
1941 1771 2152 1835 adhuc
2182 1772 2468 1856 aliquan-

262 1872 513 1935 tulum‘
554 1872 923 1955 persistens,
956 1880 1060 1937 ac·
1090 1893 1405 1936 manuum
1434 1872 1777 1956 insigniter
1807 1873 1946 1957 jam
1981 1873 2292 1957 incipiens
2332 1876 2471 1960 ejus

262 1977 475 2039 ‚vicem
504 1974 749 2053 subeat,
778 1995 1035 2038 necesse
1080 1982 1176 2039 est
1203 1980 1280 2038 ut
1323 1981 1542 2058 pereat
1571 1996 1780 2057 aeger.
1872 1975 1954 2039 Id
1992 1977 2166 2039 enim
2193 1984 2291 2040 est
2330 1998 2469 2059 per-

264 2077 702 2161 pendendum,
724 2076 895 2160 quod
922 2077 993 2140 in
1019 2078 1142 2141 hoc
1164 2078 1571 2143 Variolarum
1601 2098 1852 2160 genere,
1871 2077 1986 2141 ubi
2013 2079 2308 2160 pustulae
2337 2086 2472 2143 tam

266 2186 427 2243 sunt
486 2179 769 2262 exiguae,
822 2201 955 2243 non
1016 2180 1303 2245 salivatio
1358 2186 1620 2244 tantum
1678 2180 1792 2243 sed
1846 2179 2035 2247 faciei
2087 2181 2350 2264 insuper
2407 2188 2473 2245 et

264 2304 585 2347 manuum
629 2282 1127 2355 intumescentia
1160 2282 1243 2345 ad
1284 2282 1621 2345 materiam
1665 2281 2062 2345 morbificam
2104 2283 2228 2347 rite
2270 2283 2470 2347 elimi-

266 2384 555 2448 nandam
600 2384 866 2447 omnino
907 2384 1359 2467 requiruntur3
1426 2405 1700 2467 quarum
1748 2383 2053 2448 utralibet
2093 2384 2148 2447 si
2190 2385 2288 2449 vel
2337 2396 2473 2449 non

267 2487 463 2566 adsit,
491 2487 593 2552 vel
622 2495 773 2552 ante
794 2488 1047 2573 justum
1074 2493 1331 2570 tempus
1360 2486 1635 2566 recedat,
1655 2509 1845 2571 aegro
1873 2488 2166 2571 protinus
2195 2489 2472 2554 morien-

268 2591 433 2655 dum
462 2597 579 2654 est.
672 2592 713 2654 J
714 2612 822 2654 am
849 2612 997 2655 vero
1036 2590 1239 2655 nimio
1268 2590 1518 2673 saepius
1558 2591 1769 2654 evenit
1797 2591 1865 2652 in
1894 2591 2018 2654 hoc
2061 2590 2285 2655 morbo
2324 2592 2472 2656 calie-

268 2694 457 2772 diori,
482 2699 558 2757 ut
580 2693 911 2776 sanguinis
932 2693 1095 2758 crasi
1123 2715 1162 2756 a
1187 2692 1501 2775 regimine
1529 2691 1923 2776 praefervido
1953 2692 2218 2777 disjecta
2243 2693 2472 2758 fracta-

272 2817 423 2880 que,
454 2803 647 2879 atque
686 2817 761 2860 eo
789 2817 992 2879 usque
1022 2799 1287 2860 accensa
1321 2801 1398 2859 ut
1432 2795 1890 2879 particularum
1931 2796 2474 2860 inflammatarum

264 2899 796 2976 exterminationi
841 2899 1080 2962 sensim
1121 2898 1449 2962 faciendae
1492 2920 1628 2962 non
1674 2898 1946 2980 amplius
1992 2906 2332 2982 competat,
2377 2899 2475 2980 (ut

274 3023 443 3087 quae
472 3001 809 3066 sudoribus
848 3003 1215 3084 importune
1242 3001 1507 3064 extortis
1552 3000 1870 3064 debentur
1893 3001 2066 3064 mala
2101 3002 2239 3085 jam
2267 3009 2473 3068 tanea„-

270 3107 465 3188 mus,)
500 3104 653 3168 hinc
681 3104 782 3168 vel
818 3126 954 3169 non
981 3104 1247 3168 omnino
1282 3103 1714 3167 intumuerint
1740 3103 1932 3167 facies
1969 3125 2343 3187 manusque,
2373 3105 2476 3169 vel

271 3215 494 3272 tumor
549 3208 657 3271 ille
714 3228 849 3270 una
897 3228 1047 3270 cum
1104 3206 1475 3272 salivatione
1532 3206 1896 3283 evanuerit3
1957 3207 2242 3288 quamvis
2300 3207 2474 3270 enim

273 3309 463 3375 faciei
504 3318 722 3374 tumor
763 3309 903 3392 ipso
946 3310 1069 3373 hoc
1114 3308 1217 3372 die
1268 3309 1727 3392 aliquantisper
1769 3308 1996 3372 debeat
2039 3309 2302 3388 remitti,
2339 3331 2474 3372 non

262 3413 469 3478 ,debet
496 3419 717 3476 tamen
746 3412 872 3476 nisi
892 3418 1038 3495 post
1068 3410 1239 3475 diem
1266 3433 1473 3475 unum
1502 3411 1852 3475 alterumve
1882 3412 2146 3475 omnino
2162 3412 2471 3490 recedere,

273 3535 589 3579 manuum
617 3514 879 3578 interim
906 3520 1160 3577 tumore
1188 3514 1568 3596 persistente
1599 3513 2012 3596 vigenteque3
2061 3535 2186 3596 quo
2216 3514 2475 3596 quidem

274 3618 383 3680 vix
425 3616 600 3680 aliud
639 3623 737 3680 est
776 3617 992 3679 minus
1030 3616 1223 3679 fallax
1272 3615 1812 3679 convalescentiae
1850 3612 2342 3701 προγνωστικόν,
2373 3616 2472 3680 uti

273 3740 488 3802 neque
517 3719 835 3783 contrario
862 3725 1109 3782 certum
1136 3718 1343 3801 magis
1370 3718 1768 3781 imminentis
1796 3718 2062 3801 periculi
2087 3719 2417 3783 indicium.
2461 3751 2466 3758 ·

374 3821 541 3905 [22]
600 3820 730 3885 Sed
755 3827 907 3884 utut
934 3821 1004 3883 id
1044 3821 1145 3898 sit,
1174 3821 1445 3887 materia
1472 3821 1814 3904 ptyalismi,
1847 3842 2010 3903 quae
2043 3820 2128 3887 ad
2153 3821 2329 3888 hunc
2365 3843 2470 3884 us-

265 3953 404 4017 que
447 3933 617 3996 diem
660 3931 859 3996 cruda
884 3931 1027 4010 fuit,
1056 3931 1291 4010 tenuis,
1324 3938 1388 3994 et
1416 3931 1602 3995 facile
1645 3931 2033 4009 excreabilis,
2063 3932 2302 3995 viscida
2335 3932 2474 4015 jam

268 4037 448 4102 facta
494 4043 561 4099 et
610 4041 823 4112 tenax,
871 4055 1060 4118 aegro
1104 4034 1588 4098 suffocationem
1637 4034 1960 4112 intentat3
2032 4041 2224 4117 potus
2284 4056 2474 4117 quem

268 4141 565 4217 assumit,
595 4139 667 4202 in
700 4138 1035 4221 pulmones
1068 4136 1203 4201 fere
1242 4136 1564 4214 dilabitur,
1597 4136 1772 4200 unde
1815 4158 1963 4200 cum
2004 4137 2170 4200 tussi
2195 4137 2474 4199 violenta

264 4261 391 4325 ,per
432 4260 619 4304 nares
662 4240 983 4323 rejicitur;
1029 4261 1180 4304 voce
1224 4247 1321 4303 est
1364 4261 1591 4319 rauca3
1638 4239 2062 4303 somnolentia
2105 4245 2169 4302 et
2213 4245 2472 4321 stupore

340 4407 365 4438 ν
400 4399 476 4448 ct:
504 4403 663 4448 Scaea„
690 4401 855 4447 Mona.
880 4401 950 4448 η.
975 4402 999 4460 5
1025 4402 1069 4448 2.
1289 4373 1292 4378 ’
1490 4407 1509 4429 r
1542 4397 1796 4462 anquam]
1821 4413 1916 4446 om.
1942 4399 2014 4447 ea
2035 4399 2130 4450 ηε.

288 4509 299 4516 .
342 4462 366 4492 ‘¹
386 4461 571 4527 faciei]
596 4472 642 4512 et
664 4481 876 4513 manuum
900 4464 1103 4513 added.
1128 4463 1223 4515 ’7st
1492 4470 1510 4493 ⁸
1544 4463 1840 4525 cae—incip]
1858 4479 1953 4512 om.
1978 4463 2050 4511 ed..
2077 4464 2172 4515 76.

2489 991 2666 1053 quibus
2676 992 2772 1038 mi-
