3138 5006
672 268 807 334 326
926 270 1133 335 ΤΗΟ.
1184 268 1704 335 SYDENHAM
1747 266 2027 335 EPIST.
2066 268 2162 333 II.
2197 266 2624 333 RESPONS.

398 435 485 483 Da
508 436 625 485 Lus
669 422 945 487 eandem
986 423 1181 506 longe
1222 421 1576 489 faciliorem
1617 442 1775 502 esse,
1805 423 2022 487 minus
2065 421 2292 486 itidem
2333 418 2778 503 periculosam,
2809 423 2875 482 et

364 500 641 601 vf²⁸⁸⁸⁸²'
668 525 885 589 minus
912 525 1225 589 recidivae
1248 526 1627 605 obnoxiam3
1674 524 1846 608 quod
1876 524 2314 609 experimento
2342 542 2460 587 suo
2481 520 2684 585 discet
2703 520 2872 603 quis-

360 602 647 710 ἒᾟιῗρξῗς
670 627 813 709 quis
854 626 927 691 in
971 628 1174 693 altera
1215 629 1399 711 praxi
1439 635 1749 706 versatus,
1781 628 1866 692 ad
1917 628 2088 691 hanc
2139 648 2208 691 se
2253 625 2518 690 demum
2561 624 2872 688 conferet.

359 717 597 793 recidivae

358 846 521 893 noxia.

542 798 571 830 0
604 810 627 821 -
668 728 843 793 Mihi
880 730 1109 795 saltem
1152 748 1233 795 ex
1274 729 1477 795 animi
1520 730 1846 795 sententia
1887 730 2191 793 successit
2233 728 2306 791 in
2349 748 2545 811 quam
2577 726 2872 809 plurimis

664 831 891 914 aegris,
922 852 1199 915 quorum
1226 832 1524 898 nonnulli
1564 832 1954 897 salivationis
1982 830 2273 897 taedium
2311 836 2378 895 et
2406 829 2697 894 laborem
2725 828 2870 913 plus

664 931 865 996 semel
906 932 1089 997 irrito
1128 940 1367 997 conatu
1412 934 1915 1013 exundaverunt,
1961 932 2308 997 recidivam
2351 932 2605 1015 semper
2653 930 2872 995 denuo

661 1032 834 1119 passi
862 1055 943 1099 ex
970 1035 1429 1115 occasionibus,
1460 1043 1527 1100 et
1554 1042 1824 1121 propter
1851 1056 2094 1114 causas,
2129 1056 2286 1117 quas
2316 1055 2512 1118 supra
2551 1055 2869 1099 memora-

663 1156 895 1201 vimus.

757 1286 923 1373 [41.]
979 1287 1139 1354 Non
1178 1297 1276 1355 est
1320 1295 1558 1370 autem,
1590 1288 1711 1354 Vir
1750 1288 2238 1369 candidissime,
2269 1309 2386 1353 cur
2423 1288 2632 1353 'ruam
2669 1288 2868 1353 fidem

657 1390 999 1455 verborum
1028 1389 1403 1475 ambagibus
1433 1392 1620 1455 anxie
1651 1390 2008 1470 sollicitem,
2033 1390 2163 1474 qui,
2189 1387 2578 1474 jamdudum
2608 1389 2690 1453 de
2719 1410 2868 1472 pro-

657 1491 861 1558 bitate
888 1514 1035 1558 mea
1070 1494 1607 1577 persuasissimus,
1639 1493 2098 1559 existimationi
2125 1492 2324 1557 etiam
2364 1498 2624 1555 nostrae
2652 1491 2866 1557 favere

656 1594 961 1677 dignaris.
1050 1596 1250 1660 Plura
1293 1596 1511 1679 itaque
1556 1595 1638 1659 de
1674 1595 1798 1659 hoc
1832 1594 2059 1659 morbo
2103 1617 2240 1659 non
2283 1594 2470 1675 addo,
2510 1616 2659 1659 cum
2703 1595 2865 1659 mihi

654 1696 1033 1779 neutiquam
1075 1697 1325 1780 placeat
1366 1696 1520 1782 (nec
1561 1696 1842 1781 placebit
1883 1698 2218 1781 unquam,)
2266 1696 2479 1781 longis
2516 1697 2864 1761 verborum

652 1798 1032 1882 ambagibus
1070 1806 1137 1863 et
1182 1799 1582 1863 sermonibus
1611 1796 2140 1886 ἆπροσδιονύσοις
2177 1799 2486 1864 nucleum
2516 1800 2862 1879 involvere,

653 1920 781 1983 quo
822 1900 917 1965 rei
960 1908 1173 1985 caput,
1206 1923 1325 1966 ceu
1363 1901 1503 1967 Nili
1543 1903 1710 1981 fons,
1743 1902 1995 1985 aegrius
2038 1902 2424 1967 innotescat.
2515 1902 2862 1968 Quantuli-

648 2022 905 2086 cunque
935 2010 1157 2067 autem
1184 2004 1269 2068 sit
1296 2003 1419 2069 hoc
1449 2003 1832 2088 opusculum
1876 2004 2003 2068 sive
2045 2003 2256 2088 pretii,
2288 2004 2418 2067 sive
2447 2004 2655 2083 molis,
2687 2003 2756 2068 id
2787 2011 2862 2069 ut

648 2103 803 2168 boni
832 2105 1129 2170 consulas
1156 2128 1333 2189 rog0,
1367 2128 1516 2171 cum
1544 2106 1706 2171 illud
1738 2128 1814 2171 eo
1849 2106 2188 2190 praecipue
2217 2108 2348 2171 fine
2379 2105 2859 2185 elaboraverim,

646 2212 724 2270 ut
754 2212 820 2271 et
856 2205 930 2270 in
957 2206 1205 2272 bonum
1232 2208 1565 2293 publicum
1605 2209 1881 2289 cederet,
1915 2216 1981 2273 et
2013 2230 2140 2293 quo
2180 2209 2250 2272 in
2279 2208 2372 2273 'Pe
2401 2229 2608 2273 essem
2640 2208 2861 2272 animo

644 2308 859 2392 palam
886 2316 1193 2388 testarer;
1242 2312 1721 2393 quantumlibet
1753 2318 1973 2376 autem
1999 2312 2217 2395 magni
2245 2310 2337 2375 're
2366 2310 2619 2389 faciam,
2649 2310 2862 2394 major

644 2416 871 2475 tamen
914 2411 1125 2477 adhuc
1164 2412 1308 2477 Tibi
1349 2412 1555 2478 honos
1602 2414 1876 2478 debetur
1919 2422 1986 2477 et
2031 2435 2070 2477 a
2111 2435 2236 2494 me,
2268 2418 2334 2478 et
2380 2412 2462 2477 ab
2503 2413 2581 2477 iis
2627 2413 2860 2497 quibus

646 2535 901 2579 summa
936 2515 1050 2579 illa
1092 2516 1233 2581 Tua
1274 2516 1572 2596 eruditio,
1602 2539 1860 2581 morum
1904 2516 2199 2596 suavitas,
2231 2515 2557 2600 animique
2593 2515 2858 2598 candor,

644 2625 1059 2702 caeteraeque
1100 2617 1371 2684 virtutes
1414 2619 1607 2683 laude
1647 2617 2079 2702 dignissimae,
2109 2619 2204 2682 ita
2245 2618 2416 2682 clare
2459 2618 2857 2684 elucescunt.

646 2719 849 2787 Haud
904 2722 1204 2806 equidem
1260 2722 1405 2787 'ribi
1464 2730 1774 2802 assentor,
1829 2721 2078 2807 quoties
2136 2723 2443 2806 profiteor
2489 2743 2595 2786 me
2645 2721 2857 2786 Tuam

644 2825 1009 2906 amicitiam,
1064 2847 1143 2890 ex
1192 2847 1321 2909 quo
1370 2846 1477 2890 me
1522 2825 1808 2910 primum
1858 2845 1936 2890 ea
1981 2824 2470 2903 condecorabas,
2522 2825 2695 2888 inter
2743 2825 2858 2890 illa

645 2947 805 3010 quae
842 2929 1004 2991 mihi
1038 2928 1395 3012 comparavi
1435 2927 1894 3013 pretiosissima
1929 2926 2560 3011 luculentissimaque
2602 2947 2856 3011 semper

642 3028 961 3095 habuisse.
1052 3033 1240 3097 Inter
1277 3032 1402 3096 alia
1440 3031 1616 3096 enim
1654 3030 1725 3094 in
1762 3029 1940 3095 brevi
1974 3030 2142 3095 vitae
2177 3030 2494 3095 curriculo
2523 3051 2564 3093 a
2600 3051 2708 3094 me
2739 3030 2852 3095 ob—

643 3139 892 3196 servata
930 3133 1235 3196 eximium
1270 3141 1368 3198 est
1410 3133 1607 3212 istud,
1645 3134 1841 3217 (quod
1870 3131 2066 3197 etiam
2095 3133 2227 3197 filio
2259 3154 2407 3197 meo
2440 3133 2851 3197 commenda-

640 3231 961 3296 tissimum
1005 3255 1141 3299 esse
1184 3235 1369 3319 volo,)
1419 3234 1761 3301 hominum
1805 3235 2046 3299 scilicet
2087 3233 2410 3319 probitate
2453 3235 2850 3320 caeterisque

641 3331 987 3398 virtutibus
1028 3335 1558 3420 praecellentium
1600 3339 2136 3404 consuetudinem
2179 3359 2431 3423 semper
2471 3338 2634 3402 mihi
2675 3361 2850 3404 com·

641 3434 834 3500 modo
854 3436 1115 3502 vertisse
1145 3447 1339 3523 atque
1370 3443 1808 3506 emolumento
1825 3468 1846 3519 3
1883 3448 2078 3526 atque
2101 3463 2180 3506 ex
2203 3443 2484 3522 advers0,
2506 3463 2848 3526 pravorum

642 3539 1007 3621 amicitiam,
1045 3541 1193 3625 (nisi
1220 3565 1299 3609 ea
1326 3545 1538 3629 potius
1569 3546 1956 3625 combinatio,
1989 3545 2120 3610 sive
2150 3545 2346 3611 etiam
2377 3547 2723 3630 conjuratio
2754 3547 2848 3610 di-

640 3641 846 3706 cenda
884 3642 986 3722 sit,
1019 3665 1182 3727 quae
1220 3645 1291 3709 in
1318 3647 1558 3712 virtute
1598 3670 1735 3712 non
1773 3647 2130 3732 fundatur)
2177 3649 2466 3731 quamvis
2505 3669 2628 3713 nec
2665 3649 2846 3713 dictu

640 3763 762 3807 nec
806 3744 991 3810 vultu
1028 3745 1288 3830 quidem
1333 3770 1440 3814 me
1482 3749 1788 3815 laeserint
1833 3769 2142 3831 unquam,
2184 3757 2409 3814 tamen
2453 3749 2672 3814 nescio
2721 3770 2847 3833 quo

639 3853 830 3930 pacto
872 3848 1138 3913 tandem
1178 3851 1522 3934 aliquande
1566 3857 1682 3915 aut
1728 3850 1890 3914 mihi
1934 3856 2047 3913 aut
2090 3848 2284 3914 rebus
2326 3849 2489 3914 meis
2531 3849 2688 3912 mali
2733 3857 2846 3914 aut

638 3949 863 4014 damni
892 3953 1219 4038 quippiam
1246 3954 1588 4018 affricasse.
1649 3953 1836 4032 Vale,
1857 3952 1979 4015 Vir
2003 3949 2512 4032 Humanissime,
2536 3957 2604 4016 et
2627 3972 2844 4016 amare

638 4073 836 4138 Perge
1595 4141 1722 4206 Tui
1752 4160 2007 4225 semper
2035 4138 2670 4204 observantissimum

1949 4242 2160 4309 ΤΗΟ.
2211 4241 2754 4308 SYDENHAM.

830 4325 1071 4389 [Londini
1081 4335 1118 4386 Ω,

702 4405 849 4456 Mart.
880 4409 952 4458 10.
981 4408 1243 4473 ιδῃ-δα]
1386 4481 1411 4516 q
1442 4477 1642 4526 Ludim-
1665 4475 1772 4540 ῃ]
1797 4491 1892 4524 om.
1915 4477 1986 4526 ed.
2013 4451 2112 4527 ’ὦ

2104 4546 2132 4579 Χ
