3138 5006
640 262 653 268 ”
700 250 831 315 390
1324 246 1714 313 THOMAE
1761 246 2278 312 SYDENHAM

426 432 511 480 Da
534 430 638 479 A„
701 407 772 471 in
813 408 937 472 hac
976 407 1410 493 gymnasticae
1448 406 1658 491 specie
1701 407 1980 491 impetus
2022 406 2224 471 ferme
2269 405 2480 471 omnis
2507 405 2580 469 in
2606 411 2928 471 ventrem

390 496 671 608 ⁷:²33ng*
698 510 1069 575 inferiorem
1096 512 1231 589 fiat,
1260 511 1331 574 in
1360 531 1487 593 quo
1527 530 1680 573 vasa
1721 507 2075 573 excretoria
2111 509 2450 591 (quotquot
2478 506 2921 585 faeculentiis,

392 658 441 698 e,
462 596 660 713 spiritui
699 613 772 676 in
816 613 1146 696 sanguinis
1188 633 1401 677 massa
1441 610 1934 690 stabulantibus,
1965 609 2312 675 educendis
2355 631 2396 673 a
2423 609 2681 674 Natura
2712 610 2918 673 insti-

390 715 555 762 firmat
580 715 654 763 ἰο-
698 715 1019 796 tuuntur,)
1065 715 1189 779 sita
1227 714 1394 792 sint;
1442 734 1606 796 quae
1647 720 1837 777 tanta
1877 712 2288 777 functionum
2329 712 2650 795 perversio
2697 712 2919 775 aliave

388 786 503 891 {2³3¹
498 794 662 891 ,¹321ae
698 836 1089 899 organorum
1116 816 1429 883 naturalis
1456 815 1842 899 impotentia
1882 815 1982 879 vel
2025 814 2186 898 fingi
2227 822 2461 898 potest,
2493 815 2600 878 cui
2623 822 2726 879 tot
2755 836 2914 879 suc-

388 912 663 1035 gffglssghi·
700 919 1136 983 cussationum
1152 917 1355 981 millia
1375 917 1602 981 eodem
1624 918 1729 981 die
1749 918 2174 1001 ingeminata,
2195 916 2390 1001 idque
2413 916 2532 981 sub
2557 916 2684 995 dio,
2708 939 2914 1001 opem

698 1042 833 1085 non
878 1021 1265 1086 attulerint?
1324 1021 1509 1104 cujus
1560 1020 1842 1085 calidum
1891 1019 2194 1085 innatum
2237 1040 2440 1103 usque
2485 1019 2644 1084 adeo
2689 1020 2912 1084 defer-

694 1124 930 1203 buerit,
982 1130 1057 1187 ut
1102 1123 1225 1187 hoc
1268 1130 1453 1187 motu
1509 1144 1646 1186 non
1703 1121 2038 1201 excitetur,
2083 1128 2150 1187 et
2207 1122 2423 1187 denuo
2475 1122 2850 1187 effervescat
2869 1124 2910 1185 ’ἒ

698 1249 861 1312 quae
903 1248 1053 1291 vero
1096 1226 1225 1291 sive
1280 1226 1846 1309 praeternaturalis
1903 1224 2283 1303 substantia,
2331 1224 2464 1289 sive
2507 1246 2733 1289 succus
2787 1224 2910 1288 de-

694 1335 1015 1414 pravatus,
1044 1328 1117 1391 in
1162 1327 1375 1410 aliquo
1410 1327 1646 1391 harum
1683 1327 1966 1411 partium
2009 1328 2155 1391 sinu
2199 1326 2464 1391 recondi
2504 1332 2737 1411 potest,
2787 1328 2912 1410 qui

695 1453 831 1495 non
880 1430 1004 1495 hoc
1060 1429 1337 1512 corporis
1384 1428 1686 1495 exercitio
1736 1430 1838 1493 vel
1878 1430 1952 1494 in
1993 1436 2236 1494 statum
2278 1430 2572 1493 Naturae
2623 1450 2908 1493 consen-

695 1541 963 1597 taneum
1010 1532 1416 1616 perducatur,
1474 1531 1577 1595 vel
1633 1552 2140 1616 quaquaversum
2196 1532 2542 1616 dissipetur
2599 1532 2904 1596 elimine-

697 1636 977 1720 turque'?
1060 1635 1237 1701 Quid
1264 1635 1437 1718 quod
1463 1635 1725 1718 sanguis
1751 1642 2063 1719 perpetuo
2089 1636 2214 1701 hoc
2240 1642 2426 1700 motu
2452 1634 2908 1701 indesinenter

696 1738 1055 1821 exagitatus
1098 1757 1173 1801 ac
1214 1736 1558 1819 permistus
1605 1736 1786 1820 quasi
1827 1745 2171 1803 renovatur
2199 1758 2275 1802 ac
2301 1738 2568 1821 vigescit
2587 1740 2618 1801 Ρ
2707 1738 2906 1804 Quae

694 1834 954 1925 quidem
1000 1838 1340 1905 methodus
1388 1839 1541 1903 licet
1587 1839 1886 1905 foeminis
1932 1841 2101 1907 vitae
2147 1840 2352 1904 desidi
2405 1846 2600 1925 atque
2641 1840 2902 1905 imbelli

692 1942 962 2009 assuetis
1006 1942 1220 2007 minus
1264 1942 1674 2008 accommoda
1716 1942 1821 2022 sit,
1853 1948 2078 2027 utpote
2118 1964 2282 2027 quae
2311 1965 2352 2008 a
2377 1950 2581 2023 motu,
2611 1944 2902 2009 maxime

690 2046 763 2109 in
789 2045 1122 2129 principio,
1153 2046 1397 2128 possint
1424 2044 1612 2123 laedi,
1641 2044 1793 2109 viris
1836 2051 2060 2111 tamen
2103 2057 2202 2111 est
2243 2045 2592 2129 aptissima,
2623 2052 2690 2109 et
2719 2046 2900 2109 sani-

691 2153 897 2213 tatem
924 2169 1079 2231 prae
1106 2148 1373 2213 caeteris
1402 2147 1720 2212 conciliat.

388 2278 607 2328 Historia
792 2250 977 2335 [112]
1031 2251 1422 2315 Nostrorum
1461 2251 1724 2334 quidem
1761 2250 1832 2314 in
1875 2252 2084 2317 Sacris
2124 2252 2439 2330 Antistes‚
2477 2252 2574 2314 vir
2609 2251 2898 2335 pruden-

388 2343 612 2443 ¹²⁰t²bi¹i-
692 2353 787 2417 tia
828 2360 1023 2437 atque
1064 2352 1426 2417 eruditione
1468 2352 1941 2433 celeberrimus,
1979 2362 2322 2437 postquam
2365 2354 2480 2419 diu
2521 2356 2750 2419 studiis
2791 2357 2897 2419 in-

387 2421 589 2522 {3310
690 2454 1159 2539 temperantius
1207 2454 1614 2535 incubuerat,
1661 2478 2013 2542 omnesque
2063 2458 2262 2522 animi
2327 2458 2460 2542 (qui
2501 2480 2902 2542 permagnus

691 2559 753 2623 ei
782 2567 880 2624 est
907 2566 1101 2643 atque
1130 2559 1458 2642 excelsus‚)
1484 2581 1708 2625 nervos
1737 2561 1917 2625 seriis
1939 2561 2436 2644 cogitationibus
2465 2561 2666 2627 nimio
2695 2583 2898 2644 opere

689 2662 1079 2742 intenderat,
1120 2662 1387 2728 tandem
1434 2664 1505 2726 in
1552 2663 1884 2729 Affectum
1925 2662 2582 2748 Hypochondriacum
2617 2665 2894 2744 incidit3

690 2786 819 2848 quo
849 2765 1091 2830 diutius
1118 2765 1491 2845 lacessente,
1520 2766 1742 2830 omnia
1769 2767 2050 2851 corporis
2079 2767 2400 2831 fermenta
2427 2775 2612 2831 erant
2639 2767 2894 2846 vitiata,

690 2872 1259 2956 concoctionesque
1286 2871 1545 2955 penitus
1568 2871 1928 2936 subversae.
2017 2871 2647 2936 Medicamentorum
2670 2872 2892 2958 chaly-

686 2975 1023 3041 beatorum
1067 2975 1355 3039 taedium
1396 2975 1541 3058 plus
1579 2974 1777 3040 semel
1816 2975 2258 3052 devoraverat3
2306 2995 2504 3058 aquas
2543 2974 2894 3039 minei-ales

687 3077 819 3142 fere
848 3099 1089 3154 omnes,
1120 3099 1270 3142 cum
1308 3077 1586 3142 catharsi
1625 3097 1810 3161 saepe
1840 3077 2132 3161 repetita,
2162 3077 2374 3140 fuerat
2402 3083 2738 3159 expertus3
2785 3077 2894 3140 uti

686 3180 884 3243 etiam
913 3180 1408 3244 antiscorbutica
1434 3181 1729 3246 omnium
1762 3201 2092 3264 generum,
2121 3181 2540 3264 pulveresque
2568 3188 2892 3244 testaceos

686 3302 881 3363 quam
908 3282 1215 3364 plurimos
1256 3283 1588 3366 sanguinis
1633 3283 2174 3348 edulcorationem
2212 3281 2686 3366 promittentes.
2777 3283 2892 3348 Ita

682 3382 916 3466 partim
945 3385 1191 3462 morbo,
1223 3386 1459 3468 partim
1496 3387 1922 3452 medicatione
1958 3408 2076 3470 per
2109 3393 2210 3450 tot
2241 3407 2446 3450 annos
2483 3386 2886 3465 continuata,

680 3490 942 3548 tantum
996 3506 1134 3549 non
1180 3485 1441 3565 fractus,
1488 3487 1824 3552 diarrhoea
1881 3489 2288 3572 colliquativa
2341 3489 2530 3572 (quae
2581 3489 2653 3551 in
2703 3487 2884 3567 tabe,

680 3587 947 3669 aliisque
1004 3588 1243 3652 morbis
1301 3589 1642 3668 chronicis,
1702 3591 1817 3654 ubi
1873 3612 2098 3655 omnes
2163 3591 2430 3656 omnino
2488 3590 2886 3674 digestiones

680 3697 835 3754 sunt
864 3698 1237 3774 prostratae,
1269 3700 1545 3758 mortem
1575 3695 1821 3758 anteire
1851 3694 2056 3777 solet‚)
2091 3694 2354 3758 demum
2391 3694 2882 3777 corripiebatm.

682 3793 818 3858 Ubi
844 3817 949 3858 me
969 3795 1235 3859 tandem
1264 3798 1643 3876 consuleret,
1667 3797 1888 3862 statim
1917 3819 2172 3862 mecum
2201 3798 2493 3880 reputavi
2513 3797 2884 3880 pharmacis

676 3897 933 3960 nullum
963 3897 1233 3981 amplius
1272 3898 1485 3963 locum
1514 3899 1808 3982 relinqui,
1839 3919 1990 3963 cum
2024 3907 2126 3964 tot
2153 3907 2469 3982 tantaque
2503 3901 2687 3963 nullo
2723 3921 2886 3964 cum

674 4000 896 4064 fructu
926 4001 1063 4085 jam
1093 4000 1533 4084 deglutiverat.
1627 4000 1992 4065 Suadebam
2020 4001 2239 4086 itaque
2271 4001 2378 4083 (ob
2419 4021 2642 4066 causas
2683 4023 2886 4085 supra.

674 4103 1103 4184 memoratas)
1138 4109 1215 4166 ut
1244 4103 1461 4166 statim
1502 4122 1568 4165 se
1600 4123 1764 4185 equo
1803 4103 2169 4167 vehendum
2213 4102 2702 4187 curandumque
2741 4111 2882 4168 tra-

671 4203 889 4282 deret3
955 4203 1205 4268 modico
1248 4205 1530 4288 primum
1575 4202 1826 4281 itinere,
1867 4205 2056 4286 quale
2101 4205 2268 4268 ferre
2316 4205 2521 4288 possit
2571 4204 2884 4270 valetudo

668 4307 763 4370 ita
801 4307 1077 4385 infirma,
1118 4315 1212 4386 ut,
1253 4307 1379 4371 nisi
1421 4306 1665 4391 judicio
1706 4306 2008 4370 valuisset
2052 4329 2270 4371 rerum
2321 4306 2631 4371 interiora
2681 4307 2884 4372 altius

668 4416 1065 4490 penetrante,
1103 4430 1221 4473 nec
1266 4410 1348 4473 ad
1398 4409 1788 4472 tentandum
1827 4409 2086 4492 quidem
2130 4408 2293 4473 illud
2331 4409 2617 4476 exercitii
2663 4429 2882 4492 genus
