3138 5006
725 289 1322 360 DISSERTATIO
1366 295 1987 363 EPISTOLARIS.
2342 303 2473 368 339

258 441 490 526 vulgus
539 451 872 530 momenti,
919 459 1064 518 tum
1115 455 1311 520 etiam
1363 457 1538 540 apud
1588 458 1807 523 minus
1856 460 1977 524 hac
2026 460 2099 524 in
2148 461 2467 545 palaestra
2492 481 2576 528 Da
2598 481 2769 531 vim-

259 543 678 625 exercitatos3
731 571 890 632 quos
921 553 1173 638 judices
1211 558 1534 640 appellare
1572 561 1734 624 solet
1773 561 2004 644 vulgus
2034 563 2461 645 Medicorum,
2487 549 2770 661 232⁰}

257 653 336 710 ut
363 667 588 712 eorum
622 651 1018 720 authoritate
1049 657 1220 723 male
1255 659 1532 725 fundata
1574 662 1977 728 theoremata
2012 666 2461 746 statuminent,
2486 651 2768 768 retorquea-

254 755 684 836 utpote-quae
711 755 938 839 magis,
969 765 1038 822 et
1067 761 1250 843 quasi
1279 762 1362 826 ad
1389 765 1720 843 amussim,
1749 764 1983 830 horum
2014 769 2233 850 captui
2262 769 2461 852 quad-
2486 774 2577 817 ²¹²¹·-

255 860 423 934 rent,
463 877 659 939 quam
703 881 867 942 quae
907 861 990 924 ab
1034 863 1312 946 ingeniis
1362 867 1953 948 penetrantior‘ibus
1994 877 2252 934 mature
2306 879 2460 936 sunt

257 959 637 1042 excogitata.
728 963 923 1028 Unde
970 967 1280 1051 sequitur,
1335 976 1430 1048 ut,
1483 989 1636 1034 cum
1684 992 1833 1054 pars
1877 971 2217 1038 hominum
2266 975 2461 1060 longe

254 1063 538 1128 maxima
585 1067 886 1130 exteriori
925 1075 1186 1132 tantum
1227 1091 1448 1136 rerum
1498 1072 1721 1136 cortici
1770 1075 2264 1158 contemplando
2308 1083 2461 1160 apta

253 1174 413 1231 nata
439 1169 542 1248 sit,
564 1171 934 1253 paucissimi
955 1179 1174 1237 autem
1195 1173 1469 1253 veritati,
1491 1175 1563 1238 in
1593 1176 1911 1258 profundo
1940 1178 2223 1242 latitanti
2232 1183 2281 1258 ¹¹,
2302 1179 2457 1244 inde

253 1273 684 1338 extrahendae
711 1295 896 1357 pares
925 1275 1076 1354 sint,
1107 1275 1286 1340 scioli
1317 1277 1428 1340 isti
1457 1279 1586 1341 τῶν
1612 1280 1882 1343 πολλῶν
1914 1280 2219 1365 susti-agio
2248 1283 2457 1366 adjuti

250 1377 492 1459 primas
533 1376 721 1441 facile
755 1378 988 1457 ferant,
1014 1378 1086 1442 hi
1129 1385 1349 1444 autem
1383 1379 1874 1463 perspicaciores
1921 1381 2455 1446 calumniantium

249 1479 704 1544 maledicentia
728 1480 1151 1564 excipiantur,

651 1613 880 1667 Πολλοὶι
903 1614 1006 1688 γὰρ
1033 1611 1434 1685 ναρθηκοφόροι,
1463 1617 1653 1685 παῦροι
1674 1613 1735 1668 δέ
1757 1637 1815 1668 τε
1844 1615 2053 1686 Βάκχοι,

533 1703 540 1708 ’
649 1711 750 1776 [ie.
775 1715 942 1761 Plures
963 1715 1261 1776 thyrsigera,
1278 1729 1451 1774 paucos
1472 1721 1540 1761 est
1563 1729 1745 1762 cernere
1771 1715 1977 1762 Bacchoe
1990 1711 2034 1777 5]

249 1819 360 1903 qui
389 1825 612 1882 tamen
651 1839 852 1901 aequo
879 1818 950 1881 id
992 1817 1209 1882 animo
1243 1817 1482 1897 ferunt,
1517 1819 1789 1883 veritate
1826 1818 1995 1898 freti,
2027 1827 2092 1884 et
2130 1821 2455 1886 saniorum

253 1923 631 2006 (paucorum
667 1921 862 2003 licet)
907 1941 1245 1986 consensu.
1345 1919 1511 2004 [18.]
1567 1919 1787 1983 Primo
1828 1919 2048 2003 itaque
2092 1921 2455 2006 objicietur,

247 2025 424 2109 quod
459 2026 628 2090 lecto
661 2025 882 2089 abesse
920 2025 1144 2108 primis
1177 2023 1386 2088 morbi
1422 2023 1648 2086 diebus
1686 2023 2093 2106 pustularum
2129 2024 2454 2108 eruptioni

247 2127 505 2207 officiet,
536 2135 602 2191 et
637 2149 714 2192 ex
753 2126 1172 2210 consequenti
1207 2123 1701 2208 aegritudinem,
1732 2125 1985 2208 aliaque
2019 2133 2455 2211 symptomata

246 2229 327 2293 ab
388 2229 700 2313 impedita
749 2229 1084 2312 eruptione
1142 2227 1511 2311 pendentia,
1555 2227 1627 2291 in
1676 2228 1947 2312 longum
1998 2230 2211 2294 ducet.
2304 2229 2453 2294 Hoc

244 2353 472 2397 verum
515 2354 652 2396 esse
703 2332 970 2395 minime
1018 2352 1208 2414 nego,
1253 2352 1404 2394 cum
1455 2331 1851 2413 experientia
1898 2330 2033 2395 fere
2079 2331 2451 2417 quotidiana

245 2433 304 2496 ei
346 2433 754 2517 suffragetur.
845 2431 1307 2496 Quaerendum
1345 2437 1444 2496 est
1484 2439 1723 2511 autem,
1759 2433 1875 2496 ubi
1910 2434 2163 2517 gravius
2201 2433 2449 2518 pericu-

243 2537 405 2615 lum,
434 2536 535 2600 vel
567 2537 639 2600 in
677 2534 1168 2599 sufflaminanda
1203 2534 1525 2619 paulisper
1561 2537 1831 2600 materia
1866 2536 2217 2617 Variolosa,
2256 2546 2450 2621 atque

245 2660 321 2704 ea
373 2638 458 2703 de
509 2660 702 2703 causa
744 2636 1216 2721 aegritudinem
1260 2658 1299 2700 a
1345 2638 1849 2721 non-eruptione
1900 2636 2292 2721 pendentem
2336 2640 2449 2703 ali-

243 2740 622 2824 quantisper
662 2738 1131 2823 protrahendo;
1189 2739 1292 2802 vel
1335 2762 1414 2806 ex
1458 2740 1661 2802 altera
1696 2746 1879 2822 parte
1922 2740 2115 2803 nimis
2157 2742 2449 2823 urgendo

243 2838 456 2905 morbi
485 2840 896 2919 fermentum,
921 2847 986 2904 et
1005 2847 1144 2904 tam
1171 2840 1494 2923 insignem
1523 2840 1832 2905 materiae
1853 2842 2223 2906 Variolosae
2247 2864 2448 2926 quan-

243 2944 504 3007 titatem
543 2942 969 3021 assimilando,
999 2950 1076 3006 ut
1111 2964 1304 3026 aeger
1339 2943 1421 3007 ad
1457 2943 1612 3006 Orci
1644 2942 1860 3007 fauces
1902 2943 2163 3007 sistatur
2198 2968 2238 3008 a
2269 2946 2447 3011 febre

243 3045 546 3125 secunda,
578 3046 680 3110 die
708 3044 917 3109 morbi
955 3044 1313 3109 undecima
1409 3045 1480 3107 Si
1515 3065 1655 3108 rem
1684 3052 1859 3109 recte
1889 3046 2340 3128 expendamus,
2370 3048 2447 3111 li-

243 3146 468 3231 quebit
513 3147 806 3232 (opinor,)
839 3147 1254 3230 paucissimos
1287 3146 1434 3211 ideo
1471 3147 1607 3210 fato
1648 3146 2005 3227 defimctos,
2039 3148 2211 3231 quod
2253 3170 2445 3214 exan-

241 3252 536 3317 themata
573 3253 776 3316 serius
812 3273 1008 3336 ocyus
1045 3273 1180 3316 non
1218 3252 1706 3331 efflorescerent,
1736 3252 1865 3315 nisi
1902 3252 2069 3317 forte
2110 3274 2188 3317 ex
2215 3254 2293 3319 iis
2334 3256 2447 3319 ali·

243 3365 422 3443 quot,
462 3379 737 3442 quorum
775 3357 1036 3440 sanguis
1072 3378 1227 3441 prae
1261 3356 1465 3421 nimia
1504 3356 2016 3437 excalefactione,
2052 3365 2237 3422 motu
2273 3360 2446 3423 inor-

241 3460 488 3541 dinato,
536 3460 716 3545 quasi
767 3467 966 3524 oestro
1015 3460 1312 3543 quodam,
1363 3460 1665 3543 percitus,
1716 3461 2023 3525 materiae
2078 3462 2447 3527 morbificae

240 3562 477 3628 leniter
528 3562 960 3627 excernendae
1018 3561 1225 3625 otium
1275 3583 1409 3625 non
1461 3561 1892 3640 concedebat;
1959 3561 2133 3645 quod
2190 3584 2229 3626 a
2285 3564 2447 3628 meis

238 3666 534 3749 partibus
583 3666 838 3743 militat,
883 3686 1017 3728 non
1075 3671 1325 3747 pugnat
1375 3684 1651 3727 mecum.
1752 3664 1917 3748 [19.]
1986 3664 2221 3747 Neque
2272 3667 2445 3729 enim

242 3766 789 3831 extimescendum
840 3772 958 3844 est,
1003 3766 1183 3848 quin,
1228 3764 1281 3827 si
1331 3765 1498 3828 nihil
1538 3786 1799 3849 prorsus
1844 3788 2131 3850 agamus,
2173 3769 2449 3833 materia

241 3868 599 3947 Variolosa,
648 3875 800 3931 utut
840 3868 1065 3950 primis
1107 3867 1282 3931 hisce
1334 3868 1560 3931 diebus
1605 3868 1758 3932 hinc
1801 3869 1979 3933 illinc
2021 3870 2443 3949 transvolans,

244 3990 696 4053 quamcunque
724 3970 1122 4051 occupaverit
1151 3976 1420 4052 partem,
1452 3969 1701 4054 fatiget,
1740 3970 1939 4053 (unde
1970 3970 2447 4034 vehementiora

240 4073 352 4137 illa
387 4078 835 4157 symptomata,
864 4070 1244 4136 vomitiones
1284 4094 1597 4151 enormes,
1630 4072 1877 4137 dolores
1910 4072 2100 4135 variis
2138 4072 2209 4134 in
2245 4073 2443 4155 parti-

241 4175 382 4255 bus,
408 4182 552 4255 etc.,
579 4174 1012 4257 enascuntur,)
1047 4171 1312 4238 tandem
1339 4181 1562 4239 tamen
1593 4196 1631 4237 a.
1658 4174 1915 4237 victrice
1944 4173 2202 4237 Natura
2232 4170 2441 4238 debel-

242 4276 501 4358 labitur,
541 4286 606 4342 et
644 4278 716 4341 in
759 4276 1036 4361 corporis
1079 4277 1377 4340 habitum
1417 4276 1831 4353 extrudetur3
1882 4276 2256 4358 praesertim
2294 4297 2445 4339 cum

309 4404 333 4436 ¹¹
365 4412 500 4455 verit.
531 4411 579 4455 in
607 4404 726 4467 prqf.
751 4404 902 4469 latia]
929 4406 1004 4453 Cf.
1031 4408 1178 4467 Epist.
1205 4406 1297 4453 Rc-
1457 4401 1468 4433 ¹
1502 4404 1687 4452 Πολλοὶ
1710 4402 1883 4465 κ.τ.λ.]
1919 4403 1993 4450 Cf.
2020 4404 2212 4450 Erasini
2230 4405 2386 4467 Δάας.
2414 4405 2444 4451 i.

247 4488 394 4533 spons.
419 4474 488 4521 11.
511 4474 536 4533 ς
561 4473 656 4527 8ος
699 4472 849 4519 Traet.
877 4470 916 4517 Ι.
941 4474 966 4533 ς
994 4471 1068 4521 71.
1391 4468 1435 4519 7.
1455 4470 1484 4517 6
1505 4487 1516 4523 3
1555 4468 1803 4525 Gaisford,
1826 4468 2031 4516 Parcem.
2062 4470 2224 4516 Graec.
