3138 5006
711 298 1463 369 OBSERVATIONES
1509 297 1951 369 MEDICAE.
2348 299 2431 365 21

230 466 344 531 sed
385 466 549 530 meis
591 464 1142 530 observationibus
1185 464 1518 530 adstruere
1561 465 1796 543 fidem3
1843 463 2013 548 quod
2058 469 2133 526 ut
2175 462 2428 540 faciam,
2491 475 2743 542 Pnups,

229 569 522 633 Lectoris
549 567 931 652 patientiam
961 566 1252 631 desidero
1279 573 1560 646 tantum,
1590 587 1726 631 non
1755 566 2057 630 favorem.
2134 566 2263 628 Res
2290 564 2433 647 ipsa
2458 545 2724 594 Eunu.

229 672 477 736 etenim
536 670 714 741 brevi
769 671 1088 754 loquetur,
1143 691 1229 733 an
1285 669 1561 734 fideliter
1620 676 1686 734 et
1744 669 1993 733 sincero
2050 668 2269 732 animo
2326 665 2431 730 hic

229 775 494 857 egerim,
527 795 613 838 an
641 793 678 838 e
707 781 952 851 contra,
983 772 1066 837 ad
1093 771 1300 838 instar
1329 771 1801 838 sceleratissimi
1837 771 2119 836 hominis
2146 791 2433 835 morum-

229 897 358 959 que
407 876 1090 960 profligatissimorum,
1137 875 1526 941 homicidam
1576 895 1683 939 me
1733 874 2163 958 praestiterim
2212 873 2316 936 vel
2358 874 2433 936 in

225 985 404 1042 terra
433 978 742 1042 defossus.
829 978 1022 1042 Illam
1049 984 1310 1043 tantum
1339 977 1503 1041 mihi
1531 979 1783 1041 veniam
1812 983 1981 1060 pete,
2012 975 2187 1058 quod
2215 975 2431 1038 minus

229 1087 530 1144 accurate
568 1101 761 1164 quam
802 1100 1260 1163 proposueram
1301 1079 1683 1144 Morborum
1718 1077 2076 1143 Historiam
2120 1097 2197 1141 ac
2228 1078 2429 1142 Cura-

225 1181 479 1246 tionem
545 1182 974 1265 descripsero:
1051 1170 1202 1246 cum
1267 1204 1404 1246 non
1461 1189 1601 1246 tam
1658 1189 1899 1246 metam
1957 1181 2174 1264 figam,
2236 1201 2431 1263 quam

224 1284 481 1348 animos
509 1284 589 1347 iis
619 1282 872 1363 addam,
905 1284 1019 1366 qui
1053 1285 1334 1349 feliciore
1374 1285 1639 1368 ingenio
1677 1282 1951 1367 praediti
1987 1283 2069 1346 ad
2106 1282 2229 1345 hoc
2270 1303 2429 1365 opus

222 1385 500 1468 posthac
529 1407 598 1449 se
627 1386 987 1468 accingent,
1020 1385 1189 1468 quod
1212 1387 1354 1470 jam
1383 1407 1503 1469 ego
1532 1385 1905 1470 imperfecte
1932 1384 2180 1449 molior.

329 1487 496 1571 [28]
553 1487 781 1551 Unum
826 1487 1036 1552 adhuc
1085 1495 1286 1552 restat
1328 1488 1412 1552 de
1457 1510 1585 1571 quo
1627 1487 1988 1552 monendus
2032 1493 2131 1552 est
2174 1486 2428 1564 Lector,

221 1589 395 1653 mihi
431 1589 504 1652 111
548 1589 764 1653 animo
804 1611 938 1653 non
982 1611 1118 1654 esse
1159 1596 1498 1674 sequentes
1539 1592 1809 1675 paginas
1851 1589 2109 1653 infinito
2151 1587 2429 1671 particu-

223 1692 465 1755 larium
513 1690 1034 1756 observationum
1076 1714 1348 1757 numero
1400 1693 1785 1771 distendere,
1840 1691 2071 1774 quibus
2112 1690 2429 1754 Methodo

226 1793 474 1858 ibidem
500 1793 778 1858 traditae
821 1793 1015 1859 fidem
1056 1801 1382 1873 astruam3
1435 1795 1701 1876 (frustra
1736 1795 1913 1859 enim
1942 1799 2010 1857 et
2040 1814 2190 1856 cum
2217 1792 2431 1857 taedio

226 1895 523 1960 Lectoris
565 1902 1009 1979 repeterentur
1053 1897 1180 1960 ista
1219 1898 1615 1980 singulatim,
1648 1887 1812 1980 quae
1850 1897 1923 1958 111
1959 1916 2243 1959 summas
2280 1915 2430 1959 con-

225 1999 400 2062 traxi
417 1999 461 2082 3)
511 1999 668 2063 satis
703 2005 924 2063 autem
968 1999 1168 2063 habui
1205 1999 1287 2062 ad
1328 2000 1568 2064 calcem
1598 1999 2057 2064 observationis
2088 1996 2431 2081 cujuslibet

225 2100 549 2184 generalis
599 2101 854 2185 (saltem
895 2119 1060 2184 quae
1111 2101 1194 2165 ad
1237 2121 1445 2165 annos
1489 2121 1767 2184 nuperos
1814 2101 2102 2184 spectat)
2150 2099 2434 2182 partica*

221 2203 433 2266 larem
475 2199 584 2266 hic
621 2202 754 2266 illic
791 2199 1153 2282 adnectere,
1185 2225 1314 2286 qua
1342 2203 1643 2266 Methodi
1677 2202 2117 2286 praecedentis
2144 2201 2432 2265 medulla

221 2305 688 2369 contineretur.
783 2305 927 2370 Hoc
953 2305 1218 2369 interim
1247 2305 1549 2390 spondeo,
1569 2306 1818 2369 nullam
1848 2325 1887 2368 a
1914 2325 2019 2368 me
2040 2302 2433 2368 Methodum·

221 2409 598 2490 generalem
635 2407 832 2472 fuisse
875 2408 1258 2492 evulgatam,
1299 2429 1464 2491 quae
1510 2408 1905 2492 experientia
1948 2408 2253 2471 reiterata
2294 2426 2429 2471 11011

220 2518 328 2575 est
358 2510 646 2575 stabilita
674 2518 867 2593 atque
895 2513 1292 2575 confirmata.

325 2613 496 2697 [29]
553 2613 684 2677 Sed
725 2620 793 2677 et
831 2634 944 2697 spe
985 2614 1404 2703 frustrabitur
1447 2616 1560 2698 qui
1595 2616 1931 2698 ingentem
1978 2614 2427 2691 remediorum,

221 2736 348 2781 seu
374 2715 818 2795 formularum,
850 2718 1090 2800 sylvam
1121 2718 1228 2781 hic
1257 2719 1705 2801 expectaverit,
1734 2738 1888 2782 cum
1917 2718 2161 2781 Medici
2184 2716 2429 2801 judicio

219 2819 664 2903 permittatur,
693 2826 771 2883 ut
799 2840 916 2902 pro
955 2841 1024 2885 re
1063 2828 1220 2885 nata
1247 2821 1326 2883 iis
1367 2826 1633 2900 utatur3
1676 2822 1840 2884 mihi
1878 2820 2112 2884 sufficit
2138 2819 2429 2883 innuisse

221 2921 466 3005 quibus
495 2921 996 2986 indicationibus
1025 2922 1546 2987 satisfaciendum
1576 2929 1694 3000 est,
1727 2943 1855 3005 quo
1884 2922 2079 2985 etiam
2110 2921 2333 2986 ordine
2364 2928 2429 2985 et

219 3032 555 3108 tempore3
601 3024 846 3088 etenim
874 3024 946 3087 in
983 3046 1063 3088 eo
1100 3026 1440 3108 praecipue
1479 3032 1611 3089 stat
1650 3024 1983 3089 Medicina
2012 3024 2321 3101 Pracfica,
2352 3033 2429 3087 ut

221 3127 548 3210 genuinas
577 3126 1000 3191 indicationes
1031 3128 1337 3211 expiscari
1363 3129 1710 3207 valeamus,
1742 3148 1878 3192 11011
1904 3134 1981 3191 111
2010 3126 2295 3190 remedia
2322 3148 2429 3189 ex-

219 3229 610 3312 cogitemus,
672 3230 902 3312 quibus
969 3230 1096 3292 illis
1155 3231 1450 3295 satisfieri
1507 3232 1744 3313 possit3
1814 3230 1987 3313 quod
2046 3229 2155 3313 qui
2214 3231 2431 3292 minus

221 3331 677 3409 observabant,
712 3332 1068 3415 empericos
1105 3333 1299 3396 armis
1327 3334 1709 3413 instruxere,
1748 3333 1981 3417 quibus
2022 3331 2430 3395 Medicorum

223 3454 428 3519 opera
451 3434 696 3497 imitari
726 3442 986 3516 queant.

323 3537 495 3621 [30]
551 3536 746 3602 Quod
773 3537 831 3600 si
859 3537 1002 3620 quis
1045 3538 1352 3622 objecerit
1393 3558 1502 3603 me
1544 3540 1615 3602 in
1654 3538 1974 3623 aliquibus
2004 3558 2139 3600 11011
2167 3544 2431 3600 tantum

223 3640 849 3704 medicamentorum
867 3662 1138 3724 pompae
1167 3642 1599 3719 renunciasse,
1620 3642 1732 3705 sed
1762 3663 1839 3705 ea
1852 3642 2119 3724 insuper
2144 3640 2432 3703 remedia

222 3742 632 3826 proposuisse
674 3762 841 3825 quae
881 3742 962 3805 ad
1005 3744 1344 3807 materiam
1385 3743 1704 3809 medicam
1748 3744 1851 3807 vix
1893 3742 2142 3827 possint
2184 3742 2428 3819 referri,

223 3845 392 3909 adeo
444 3851 602 3908 sunt
647 3844 964 3927 simplicia
1021 3852 1216 3929 atque
1258 3847 1707 3925 inartificiosa;
1761 3845 2130 3928 vulgaribus
2166 3851 2428 3908 tantum

227 3946 528 4030 (opinor)
582 3966 657 4010 ac
713 3947 955 4030 plebeis
1014 3948 1246 4012 animis
1291 3949 1414 4013 hac
1462 3950 1536 4013 111
1580 3970 1653 4013 re
1704 3947 2071 4032 displicebo.
2162 3948 2427 4010 Norunt

221 4049 406 4113 enim
449 4050 770 4131 sapientes
811 4049 988 4115 bona
1031 4070 1110 4114 ea
1155 4070 1292 4115 esse
1331 4052 1547 4115 omnia
1576 4072 1741 4135 quae
1782 4058 1939 4115 sunt
1984 4050 2187 4129 utilia,
2234 4056 2426 4131 atque

223 4148 716 4234 Hippocratem,
751 4152 910 4216 dum
959 4153 1210 4217 follium
1253 4174 1446 4217 usum
1493 4154 1567 4217 in
1616 4153 1742 4217 ileo
1792 4153 2081 4217 sanando
2126 4152 2426 4235 proponit

232 4252 364 4337 [De
381 4254 591 4320 Morb.
615 4254 705 4317 iii.
729 4261 779 4318 t.
797 4255 866 4318 ii.
891 4277 954 4338 p.
975 4256 1184 4339 305.]‚
1210 4263 1276 4320 et
1297 4255 1368 4319 in
1391 4277 1623 4320 cancro
1640 4256 1803 4319 nihil
1822 4276 2081 4339 prorsus
2100 4252 2426 4335 agendum

221 4356 539 4440 praecipit
595 4358 791 4441 [Aple.
821 4358 903 4421 vi.
936 4360 1042 4422 38.
1081 4366 1132 4422 t.
1165 4358 1254 4421 iii.
1295 4382 1356 4442 p.
1396 4360 1606 4443 754.],
1666 4360 1884 4442 (atque
1936 4354 2251 4441 ejusmodi
2300 4354 2427 4417 alia

224 4479 391 4540 quae
431 4460 502 4524 111
547 4460 816 4543 singulis
863 4460 996 4525 fere
1039 4462 1306 4545 pagellis
1351 4462 1588 4547 scripta
1632 4462 1985 4545 leguntur)
2036 4480 2170 4523 non
2208 4458 2426 4521 minus
