3138 5006
695 293 783 358 ⁰78
1310 286 1702 353 THOMAE
1751 287 2268 351 SYDENHAM

426 466 639 513 Fanum
696 450 1177 537 quatuordecim
1222 450 1732 536 protrahuntur:
1804 452 1878 514 in
1927 458 2202 535 utroque
2259 449 2565 515 nimirum
2617 471 2794 529 casu,
2843 448 2908 513 si

390 530 673 643 Ᾰξζξζζζῇ
696 556 1241 621 effervescentiam
1276 554 1673 637 (praesertim
1713 552 1883 617 circa
1923 554 2221 617 Febrium
2261 554 2502 636 finem,)
2537 554 2664 617 rite
2703 560 2910 636 atque

433 660 639 706 ⁵⁶¹·'⁶4·
700 659 925 724 ordine
955 659 1291 723 decurrere
1330 678 1405 721 ac
1448 656 1751 722 sustineri
1794 664 2088 739 vegetam
2127 656 2464 735 curaveris,
2496 656 2912 740 despumatio

696 763 875 827 intra
929 760 1238 844 praedicti
1304 758 1610 843 temporis
1679 758 1959 844 spatium
2024 759 2170 841 (hoc
2237 766 2355 837 est,
2417 757 2911 842 quatuordecim

698 866 971 943 dierum,
1000 864 1102 927 vel
1146 864 1275 927 336
1314 862 1663 943 horarum‚)
1699 868 2077 946 peragetur:
2123 861 2295 944 quod
2333 861 2390 925 si
2417 882 2566 926 vero
2605 861 2914 925 efferves-

698 968 979 1033 centiam
1030 966 1227 1044 illam,
1274 986 1387 1029 seu
1429 964 2012 1042 fermentationem,
2055 963 2572 1047 refrigerantium
2623 963 2912 1027 mediea-

700 1076 1069 1134 mentorum
1114 1075 1228 1133 aut
1270 1068 1618 1151 clysterum
1662 1088 1784 1130 usu
1826 1072 1988 1131 tunc
2032 1066 2339 1151 temporis
2383 1065 2648 1149 (scilicet
2681 1088 2911 1129 versus

702 1171 1005 1237 Febrium
1037 1170 1577 1252 declinationem,)
1613 1168 1980 1255 importune
2013 1167 2390 1247 inhibueris,
2421 1176 2489 1232 et
2528 1167 2711 1251 quasi
2739 1168 2913 1233 frae-

698 1296 861 1337 num
908 1272 1002 1337 illi
1044 1272 1358 1358 injeceris,
1388 1271 1624 1335 mirum
1669 1293 1808 1337 non
1853 1280 1951 1335 est
1997 1272 2051 1335 si
2089 1272 2161 1335 in
2205 1273 2474 1354 longum
2523 1278 2910 1353 evagentur,

701 1376 928 1441 ordine
963 1375 1203 1461 quippe
1236 1375 1531 1439 Naturae
1569 1374 1968 1460 perturbato.
2057 1374 2358 1456 Namque
2404 1374 2528 1438 hoc
2565 1374 2763 1438 modo
2803 1395 2912 1438 re-

700 1479 959 1543 laxatur
1002 1476 1471 1561 quodammodo
1518 1476 1852 1559 sanguinis
1898 1477 2168 1541 humani
2215 1484 2436 1555 tonus,
2478 1476 2654 1540 unde
2701 1497 2774 1539 se
2823 1477 2914 1541 ad

696 1582 1251 1667 despumationem
1294 1580 1628 1663 accingere
1667 1600 1812 1643 cum
1856 1581 2090 1644 effectu
2127 1578 2370 1663 nequit.
2461 1580 2609 1643 Imo
2637 1599 2791 1643 vero
2835 1579 2912 1643 in

700 1684 1072 1768 corporibus
1123 1682 1443 1748 debilibus
1492 1690 1558 1747 et
1607 1683 1854 1747 effoetis
1901 1683 2072 1747 idem
2123 1681 2468 1766 aliquando
2513 1682 2616 1747 vel
2671 1690 2914 1765 sponte

700 1787 954 1867 accidit,
998 1785 1125 1850 nisi
1172 1785 1608 1850 cardiacorum
1659 1807 1780 1869 ope
1825 1786 2144 1850 Naturam
2187 1786 2262 1849 in
2303 1785 2432 1849 illis
2479 1785 2910 1868 languentem

702 1890 1040 1975 adjuveris,
1074 1911 1199 1973 quo
1230 1889 1531 1971 sanguini
1562 1888 2000 1971 despumando
2029 1910 2148 1975 par
2177 1890 2281 1952 sit.

394 2004 689 2070 Excipiunt·
801 1994 968 2078 [25.]
1021 1993 1265 2057 Verum
1310 1992 1475 2056 illud
1516 1992 1624 2055 hic
1662 1992 1801 2074 jam
1843 2012 2035 2075 porro
2073 1989 2438 2055 notandum
2481 1989 2782 2070 arbitror,
2831 2012 2914 2055 ea

398 2079 643 2183 ζζξζᾟῗι
704 2116 868 2180 quae
927 2095 1007 2159 de
1064 2094 1580 2158 fermentationis
1639 2094 1846 2176 spatio
1905 2101 2102 2177 atque
2160 2093 2647 2158 continuatione
2707 2115 2910 2177 supra

393 2200 518 2309 brlea
527 2214 667 2311 ,(1598
702 2197 1107 2276 tradidimus,
1158 2197 1239 2262 de
1284 2196 1411 2260 illis
1460 2196 1861 2261 solummodo
1909 2195 2222 2261 Febribus
2268 2196 2693 2278 intelligenda
2743 2217 2909 2275 esse,

396 2278 684 2389 {nabadi-a
705 2320 869 2383 quae
906 2306 1145 2363 statam
1186 2299 1511 2382 quandam
1552 2305 1858 2362 naturam
1897 2306 2091 2382 atque
2126 2298 2424 2363 habitum
2462 2305 2696 2363 nactae
2723 2307 2906 2363 sunt.

397 2406 661 2503 ssgessoff]
708 2402 1059 2467 Sciendum
1102 2401 1277 2465 enim
1320 2408 1420 2466 est
1470 2402 1702 2484 (neque
1752 2422 1858 2464 me
1905 2400 2258 2485 praeterit‚)
2309 2401 2546 2465 Febres
2589 2402 2908 2484 quasdam

395 2521 862 2584 naturaliumesse,
893 2513 1037 2570 tum
1068 2503 1446 2583 Continuus,
1470 2511 1616 2569 tum
1646 2505 2188 2584 Intermittentes,
2213 2525 2376 2588 quae
2403 2506 2808 2570 transeuntis
2837 2513 2906 2570 et

398 2584 653 2698 ξξξξῑῇζξ·
702 2608 935 2673 incerti
962 2607 1137 2689 genii
1166 2613 1339 2685 sunt,
1370 2627 1582 2690 neque
1609 2606 1682 2670 in
1711 2607 1843 2670 suis
1874 2607 2366 2670 effervescentiis
2397 2606 2479 2670 ad
2508 2607 2907 2671 destinatam

398 2720 545 2772 cunt;
700 2711 1038 2795 periodum
1065 2710 1469 2793 pertingunt.
1545 2709 1766 2793 Hujus
1789 2711 2042 2791 generis
2073 2715 2246 2788 sunt,
2273 2731 2436 2792 quae
2463 2731 2506 2772 a
2531 2708 2656 2773 levi
2685 2709 2908 2793 aliqua

702 2815 947 2879 offensa
974 2835 1053 2878 ex
1083 2834 1193 2876 sex
1220 2832 1438 2876 rerum
1466 2813 2017 2890 non-naturalium,
2045 2812 2228 2895 (quas
2251 2812 2623 2896 appellant,)
2649 2820 2731 2876 ut
2749 2812 2906 2891 cibi,

700 2923 912 3001 potus,
973 2915 1160 2995 aeris,
1214 2923 1281 2978 et
1338 2914 1441 2978 his
1500 2913 1809 2977 similium
1867 2913 2092 2993 abusu,
2151 2935 2623 2998 nonnunquam
2682 2926 2906 2978 ortum

701 3021 987 3085 ducunt:
1032 3018 1134 3082 his
1164 3018 1339 3082 enim
1367 3016 1610 3082 morbis
1639 3018 1916 3100 correpti
1961 3017 2176 3082 subito
2205 3038 2394 3102 saepe
2423 3017 2904 3082 convalescunt.

394 3137 581 3184 adoles·
700 3123 889 3186 Idem
918 3121 1115 3186 etiam
1142 3121 1215 3184 in
1254 3119 1767 3198 adolescentulis,
1801 3120 2116 3202 sanguine
2151 3141 2314 3203 puro
2347 3142 2422 3184 ac
2459 3121 2684 3183 multis
2715 3120 2906 3203 spiri-

397 3201 619 3249 ⁰⁰¹¹t¹¹¹⁰'
700 3223 876 3288 tibus
924 3224 1157 3288 referto
1200 3221 1527 3305 praeditis,
1573 3222 1916 3304 aliquando
1970 3222 2236 3286 accidit:
2301 3223 2609 3286 nimirum
2661 3222 2908 3286 Febres

393 3273 668 3406 ῗοῗτὲζῗῃέῑ,
701 3326 979 3402 1110111111,
1009 3324 1351 3408 spirituosa
1380 3323 1659 3407 quadam
1687 3345 1762 3386 ac
1791 3324 1984 3386 nimis
2022 3325 2207 3387 tenui
2235 3325 2602 3408 volucrique
2626 3323 2910 3388 materia

392 3407 671 3518 {Zssffin‘ff'
702 3426 911 3505 nixae,
952 3425 1475 3489 fermentationes
1516 3446 1664 3489 suas
1709 3426 1898 3490 citius
1935 3426 2298 3510 perficiunt,
2340 3447 2414 3490 ac
2459 3427 2650 3490 celeri
2693 3425 2910 3509 gradu

396 3521 673 3634 :ffifftul‘ffgg-
702 3529 910 3612 spatia
952 3551 1071 3593 sua
1112 3549 1409 3592 emensae
1458 3534 1869 3592 evanescunt.
1971 3529 2136 3612 [26]
2175 3528 2286 3593 Ad
2334 3528 2906 3593 fermentationem

396 3648 499 3697 diti.
534 3601 566 3648 P
701 3633 877 3696 enim
896 3631 1057 3694 illud
1092 3631 1336 3715 primo⁰
1364 3631 1735 3714 requiritur,
1760 3638 1835 3695 ut
1865 3631 2136 3695 materia
2156 3630 2709 3694 fermentescibilis
2743 3631 2910 3713 (sive

394 3727 539 3840 {2¹²st
561 3729 621 3776 ”d
698 3734 812 3797 illa
840 3734 1103 3816 sanguis
1132 3733 1235 3812 sit,
1269 3733 1399 3796 sive
1428 3732 1672 3812 vinum,
1707 3740 1820 3796 aut
1861 3734 2024 3797 alius
2063 3733 2292 3816 aliquis
2326 3734 2539 3816 liquor
2578 3733 2906 3818 quilibet,)

393 3801 669 3906 3332}-
700 3857 779 3902 ea
798 3837 1154 3900 tenacitate
1183 3842 1250 3900 et
1278 3834 1642 3899 viscositate
1668 3836 1928 3919 polleat,
1958 3842 2036 3898 ut
2074 3836 2336 3919 spiritus
2361 3835 2674 3918 implexos
2703 3841 2910 3918 atque

393 3931 657 3984 quuantur.
697 3938 978 4003 irretitos
1008 3945 1277 4002 eatenus
1316 3937 1604 4000 detinere
1633 3939 1860 4015 valeat,
1892 3946 1968 4001 ut
2007 3938 2079 4000 in
2107 3937 2372 4021 liquoris
2409 3957 2620 4000 massa
2657 3937 2908 4000 moveri

696 4049 892 4125 atque
914 4040 1145 4121 agitari
1164 4040 1450 4126 possint3
1482 4040 1709 4104 eodem
1736 4041 1871 4105 fere
1899 4041 2091 4104 modo
2122 4060 2251 4122 quo
2279 4059 2426 4102 aves
2453 4039 2623 4103 visco
2651 4045 2908 4122 captae,

696 4151 811 4209 aut
849 4165 1109 4209 muscae
1148 4150 1341 4226 atque
1372 4143 1660 4226 apiculae
1701 4143 1892 4206 melle
1932 4142 2255 4222 detentae,
2287 4141 2590 4205 motitare
2637 4140 2910 4224 quidem

697 4255 763 4310 61
819 4265 1156 4310 murmura
1205 4267 1325 4309 sua
1380 4265 1686 4328 peragere
1744 4251 2015 4328 possunt
2025 4253 2074 4323 P,
2129 4244 2378 4309 avolare
2443 4243 2708 4306 interim
2764 4264 2908 4308 non

695 4349 999 4412 valentes.
1088 4349 1322 4431 Neque
1352 4353 1571 4410 tamen
1611 4349 1707 4430 (ut
1737 4347 1945 4411 obiter
1973 4346 2136 4409 illud
2179 4347 2433 4426 dicam,)
2471 4367 2615 4408 eam
2655 4348 2908 4410 tenaci-

844 4481 868 4504 ⁰
894 4474 1071 4537 primo]
1092 4479 1316 4536 primario
1340 4475 1444 4524 edd.
1471 4475 1567 4532 ’66,
1593 4475 1688 4524 '68.
1911 4487 1936 4520 ι’
1965 4473 2179 4537 possunt]
2201 4477 2376 4536 possint
2401 4473 2508 4521 edd.
2535 4475 2631 4532 ⁹66,
2659 4475 2762 4522 ⁹68-
