3138 5006
732 253 887 325 420?
1356 259 1746 324 THOMAE
1795 255 2312 322 SYDENHAM

442 431 525 479 Dr:
550 431 685 480 Pon·
726 419 1165 504 phlebotomia
1206 420 1452 505 jugiter
1492 426 1740 499 utatur,
1783 419 2086 503 Podagra
2138 416 2332 503 quam
2375 417 2684 482 citissime
2732 418 2928 482 etiam

484 511 646 545 ΛΟΜ·
724 525 815 587 in'
819 525 1056 608 juvene
1084 524 1527 602 inveterascet,
1560 530 1626 586 et
1653 523 1830 586 intra
1857 543 2095 605 paucos
2121 543 2332 586 annos
2357 521 2556 585 latius
2585 522 2929 604 imperium

732 629 870 708 (seu
904 627 1119 710 potius
1150 626 1584 708 tyrannidem)
1619 625 2019 709 propagabit,
2052 647 2248 709 quam
2285 624 2440 688 alias
2469 624 2542 687 in
2569 625 2793 688 multis
2823 645 2930 688 ex·

726 729 991 793 tendere
1020 729 1346 793 valuisset.

422 831 704 944 ῐῑὶῑῦῑίζδεῖῐῐὲξ·
749 857 787 885 -·
826 832 994 916 [22]
1048 831 1321 910 Deinde,
1352 830 1679 896 cathal-sin
1711 830 1878 915 quod
1919 831 2175 911 attinet,
2220 831 2350 896 sive
2389 829 2518 898 ἄνω
2562 831 2692 895 sive
2731 829 2928 912 κάτω,

422 961 641 1009 tharticis
686 924 706 935 “
729 937 1372 1002 animadvertendum
1402 944 1519 1015 est,
1554 936 1746 1019 quod,
1778 957 1928 999 cum
1956 937 2252 1000 Naturae
2291 937 2396 1000 lex
2435 937 2520 999 sit
2547 935 2932 1000 inviolabilis

421 1026 668 1151 ξξξξὶεξ-
727 1047 923 1123 atque
976 1039 1101 1123 ipsi
1158 1039 1428 1123 hujusce
1486 1039 1697 1103 morbi
1755 1039 2070 1102 essentiae
2135 1027 2492 1102 intertexta
2546 1039 2928 1122 innexaque,

418 1153 631 1202 clitatur.
727 1142 937 1207 morbi
971 1142 1263 1206 fomitem
1295 1163 1545 1224 semper
1579 1141 1650 1204 in
1681 1143 1985 1205 articulos
2026 1141 2207 1225 rejici
2242 1139 2512 1218 debere3
2559 1141 2723 1203 nihil
2751 1162 2934 1224 pror-

727 1267 836 1309 sus
882 1245 1059 1308 aliud
1100 1243 1525 1327 praestabunt
1562 1244 1849 1308 remedia
1892 1238 2022 1307 sive
2067 1243 2358 1321 emetica,
2403 1243 2534 1307 sive
2578 1242 2938 1307 cathartica

725 1349 997 1432 proprie·
1016 1347 1205 1425 dicta,
1236 1347 1361 1410 nisi
1400 1354 1477 1412 ut
1515 1347 1786 1410 materia
1821 1367 2116 1429 peccanS,
2150 1367 2343 1428 quam
2384 1346 2646 1409 Natura
2683 1346 2758 1408 in
2793 1367 2936 1409 cor-

724 1451 898 1534 poris
943 1449 1383 1513 extremitates
1431 1455 1852 1532 protruserat,
1893 1447 1966 1511 in
2017 1448 2350 1530 sanguinis
2393 1469 2675 1511 massam
2717 1447 2936 1512 denuo

726 1559 1061 1616 revocetur
1074 1577 1094 1616 .:
1146 1549 1323 1615 unde
1366 1549 1618 1628 accidit,
1650 1556 1745 1628 ut,
1781 1570 1945 1633 quae
1994 1550 2067 1612 in
2111 1550 2414 1614 articulos
2457 1550 2780 1614 eliminari
2822 1551 2935 1614 de-

728 1655 977 1732 buerat,
1015 1654 1086 1717 in
1126 1653 1382 1737 aliquod
1423 1674 1459 1717 e
1492 1651 1842 1716 visceribus
1883 1654 2050 1716 forte
2083 1653 2309 1732 irruat,
2349 1658 2545 1736 atque
2585 1653 2682 1717 ita
2721 1674 2933 1736 aeger,

730 1758 840 1841 qui
882 1758 951 1820 in
995 1757 1177 1820 nullo
1217 1756 1396 1839 prius
1437 1754 1808 1819 'discrimine
1848 1753 2243 1834 versabatur,
2291 1757 2430 1839 jam
2471 1756 2555 1820 de
2593 1755 2728 1818 vita
2770 1756 2938 1839 peri-

727 1860 1009 1924 clitetur.
1097 1858 1293 1924 Quod
1350 1858 1429 1920 iis
1486 1857 1683 1920 fatale
1735 1877 1872 1920 esse
1931 1857 2113 1921 haud
2165 1879 2312 1922 raro
2371 1856 2771 1938 observatur,
2823 1859 2936 1942 qui

728 1961 1213 2026 medicamentis
1253 1959 1699 2043 purgantibus„
1729 1959 1831 2024 vel
1875 1959 1957 2023 ad
2001 1960 2363 2043 Podagram
2403 1960 2932 2043 praecavendam,

728 2065 829 2128 vel
856 2063 1053 2147 (quod
1083 2062 1293 2126 adhuc
1321 2063 1505 2145 pejus
1535 2062 1680 2144 est,)
1709 2061 1791 2124 ad
1818 2062 2194 2126 leniendum
2217 2083 2693 2146 paroxysmum,
2719 2084 2933 2126 assue-

728 2172 991 2231 verant:
1069 2150 1312 2229 etenim
1358 2185 1509 2227 cum
1552 2163 1814 2227 Natura
1855 2185 1896 2227 a
1944 2163 2250 2228 methodo
2302 2164 2426 2228 sibi
2479 2164 2783 2228 familiari
2828 2177 2938 2228 ex-

729 2268 997 2333 turbata
1031 2266 1247 2344 fuerit,
1281 2288 1427 2349 qua,
1464 2273 1692 2349 utpote
1735 2266 2137 2330 securissima
2173 2267 2563 2350 optimaque,
2594 2267 2936 2332 materiam

426 2385 508 2433 Ab
529 2385 704 2431 humo-
728 2374 1127 2439 morbificam
1168 2374 1242 2436 in
1284 2372 1588 2436 articulos
1633 2372 1909 2455 ablegat,
1953 2370 2111 2436 dum
2152 2363 2458 2436 humores
2501 2373 2677 2436 intro
2715 2395 2940 2436 versus

424 2450 709 2561 ζ’ὲζιζζζῐξξζῗ
726 2476 1039 2540 intestina
1090 2475 1534 2553 sollicitentm,
1579 2472 1722 2539 loco
1774 2475 2012 2539 doloris
2068 2474 2139 2537 in
2190 2475 2538 2559 juncturis,
2586 2495 2782 2558 quem
2833 2476 2940 2541 vel

426 2580 603 2689 {psum}
616 2579 709 2625 ⁸01·
732 2580 987 2643 nullum
1024 2578 1270 2643 habent
1304 2577 1405 2641 vel
1438 2584 1613 2641 certe
1651 2578 2090 2661 perexiguum,
2121 2577 2464 2641 ventriculi
2503 2578 2938 2659 aegritudine,

424 2652 677 2770 ἐξζῐέῗῷ-
736 2681 861 2745 alvi
907 2680 1311 2759 torminibus,
1354 2680 1755 2767 lipothymia,
1801 2688 1866 2745 et
1915 2680 2020 2745 lon
2028 2701 2109 2763 go
2161 2680 2604 2744 anomalorum
2647 2686 2944 2764 sympto-

426 2771 667 2883 ξξηῖηὲω·
734 2791 982 2848 matum
1016 2784 1293 2866 agmine,
1324 2782 1540 2846 miseri
1571 2783 1752 2865 quasi
1783 2790 2159 2847 enecantur.

429 2871 679 2962 cat-lamis
834 2886 999 2970 [23]
1054 2887 1195 2967 Ego
1224 2892 1397 2949 certe
1424 2885 1940 2969 persuasissimus
1971 2907 2135 2963 sum,
2161 2905 2202 2948 a
2220 2886 2364 2968 jugi
2393 2891 2460 2949 et
2483 2905 2670 2967 saepe
2698 2884 2954 2950 iterata

426 2978 706 3089 gsscgssagar'
734 2989 1129 3073 experientia
1185 2987 1469 3065 edoctus,
1529 2987 1856 3051 catharsin
1913 3008 2172 3051 omnem
2231 2995 2368 3051 tam
2430 3008 2546 3071 per
2601 2988 2950 3068 lenientia,

427 3058 710 3168 adypeccan-
735 3113 929 3174 quam
977 3112 1092 3173 per
1136 3089 1402 3154 fortiora
1445 3089 1936 3168 medicamenta,
1984 3090 2198 3172 qualia
2247 3111 2363 3174 pro
2412 3110 2593 3153 more
2645 3089 2952 3154 articulis

427 3176 705 3281 ξξζῗῃᾚξ·
734 3191 1162 3275 expurgandis
1208 3192 1637 3271 destinantur,
1677 3192 2029 3275 plurimum
2080 3213 2350 3271 nocere;
2415 3192 2546 3255 sive
2589 3192 2660 3255 in
2705 3213 2954 3277 parox-

427 3298 687 3354 nuendum,
734 3317 917 3379 ysmo
970 3295 1051 3357 ad
1098 3294 1516 3358 minuendam
1568 3295 1907 3358 materiam
1950 3302 2345 3379 peccantem,
2387 3295 2519 3358 sive
2561 3295 2633 3358 in
2675 3296 2809 3358 fine
2855 3297 2955 3361 ad
3077 3326 3079 3329 ⁴

430 3362 711 3409 necinfine
785 3397 797 3409 .
871 3396 884 3409 .
1363 3397 1376 3410 .
1514 3396 1527 3409 .
1626 3396 1638 3409 .
1802 3397 1815 3410 .
1935 3398 1948 3409 .
2249 3392 2252 3395 ·
2361 3397 2373 3410 .
2602 3397 2616 3411 .
2691 3396 2704 3409 .

428 3426 490 3472 ‚d
510 3425 709 3487 reliqui·
737 3396 1134 3479 dissipandas
1172 3396 1381 3460 morb1
1414 3396 1734 3479 rehquias,
1767 3418 1896 3460 sive
1929 3418 2002 3459 in
2035 3397 2320 3480 perfecta
2355 3403 2840 3461 mtermissione
2871 3406 2954 3462 et

428 3504 482 3536 ²⁸
504 3490 677 3537 arnoli·
735 3508 914 3563 recta
946 3498 1313 3563 valetudine
1355 3506 1434 3563 ut
1478 3506 1752 3563 venturo
1790 3518 2171 3583 paroxysmo
2210 3506 2602 3577 occurratur,
2631 3499 2954 3581 purgatio

429 3554 711 3665 {fl‘ffifltssff
734 3604 805 3666 in
842 3624 1036 3666 usum
1073 3609 1460 3667 revoceture.
1548 3602 1816 3667 Etenim
1846 3611 1983 3666 tam
2021 3603 2151 3666 mei
2193 3602 2395 3686 ipsius
2423 3623 2620 3685 quam
2661 3602 2954 3666 aliorum

426 3682 718 3809 ἓξέξὲᾒθη,
734 3707 1021 3791 periculo
1086 3706 1664 3789 compertissimum
1732 3704 1958 3784 habac,
2019 3706 2344 3769 catharsin
2415 3700 2634 3788 quovis
2701 3706 2954 3769 horum

431 3812 566 3886 de·
589 3826 694 3859 0¹1¹-
736 3819 1102 3893 temporum
1159 3808 1692 3886 administratam,
1736 3808 1833 3871 ita
1887 3827 2116 3891 parum
2175 3808 2340 3871 votis
2387 3806 2815 3891 respondisse,
2864 3816 2966 3873 ut·

428 3890 549 3995 ’ἐξὲξ
565 3892 677 3939 Pm‘
737 3915 1001 3992 malum,
1026 3912 1197 3997 quod
1218 3910 1527 3975 debuerat
1558 3930 1976 3974 averruncare
2007 3917 2200 3992 atque
2231 3916 2533 3987 avertere,
2559 3918 2954 3975 accerseret.

738 4017 1034 4082 Primum
1081 4016 1319 4097 itaque,
1359 4012 1660 4097 purgatio
1703 4012 2026 4076 saeviente
2073 4011 2284 4075 adhue
2325 4032 2708 4096 paroxysmo
2754 4014 2962 4078 adhi-

736 4120 894 4197 bita,
924 4119 1238 4197 Naturae,
1269 4117 1340 4179 in
1377 4116 1648 4180 materia
1674 4113 2008 4178 morbifica
2043 4113 2400 4198 separanda
2426 4120 2494 4178 et
2520 4115 2591 4178 in
2629 4116 2974 4182 articulos

660 4251 668 4261 ·
740 4220 1119 4305 deponenda
1140 4225 1505 4304 occupatae,
1528 4218 1864 4300 negotium
1892 4216 2228 4297 facessens,
2252 4238 2556 4301 magnam
2589 4217 2967 4301 spirituum

1461 4448 1481 4473 ⁸
1521 4450 1594 4497 Cf.
1621 4451 1777 4497 Sched.
1807 4450 1966 4496 Monit.
1995 4450 2091 4497 111.
2115 4452 2139 4508 §
2165 4450 2209 4498 6.
