3138 5006
1062 282 1586 350 TRAC'PATUS
1633 283 1692 347 1.
2345 281 2480 344 439

280 449 431 514 solis
486 448 741 512 influxu
786 452 1017 529 vegeta
1071 451 1504 524 conservatur,
1555 445 1710 510 lecti
1767 444 1960 523 calor,
2010 441 2248 508 bruma
2300 463 2480 527 prae-
2525 449 2609 499 ΒΕ
2633 450 2771 500 Pon·

278 552 522 631 sertim,
562 551 713 616 solis
754 549 960 614 vicem
998 553 1079 612 ut
1124 555 1305 631 gerat
1347 569 1608 612 necesse
1651 554 1770 612 est.
1861 547 2066 611 Mane
2107 567 2255 610 vero
2299 545 2483 631 spiri·
2514 583 2544 590 -
2575 530 2735 564 ΛΟΜ·

276 653 457 719 tibus
498 660 637 718 tam
676 674 715 717 a
756 672 1163 736 praegressae
1200 650 1410 715 noctis
1454 651 1672 736 quiete
1711 671 1908 734 quam
1941 671 1984 714 a
2018 649 2241 714 lectuli
2275 649 2484 714 calore

279 757 650 822 refocillatis
722 755 1247 838 invigoratisque,
1306 760 1754 838 praeterquam
1823 753 1998 837 quod
2065 752 2200 817 dies
2265 773 2484 836 super-

280 861 542 924 veniens
570 859 946 924 firmitatem
986 879 1061 922 ac
1099 857 1299 922 robur
1333 858 1616 942 corporis
1654 864 1813 922 tono
1851 856 2168 935 conciliet,
2201 856 2487 921 diluculo

280 985 543 1046 surgere
580 962 703 1026 hoc
744 968 1054 1046 tempore,
1092 961 1244 1026 licet
1284 962 1511 1025 horam
1549 982 1752 1024 unam
1795 961 2142 1024 alteramve
2181 980 2222 1023 a
2259 980 2489 1024 somno

280 1066 604 1130 matutino
640 1065 957 1144 detrahat,
988 1085 1125 1129 non
1160 1065 1255 1128 ita
1292 1063 1497 1128 altum
1526 1064 1764 1128 vulnus
1802 1065 2099 1128 Naturae
2137 1063 2378 1145 infligit
2411 1083 2488 1128 ac

279 1167 533 1250 vigiliae
573 1167 973 1251 vespertinae
1018 1165 1101 1231 ad
1138 1166 1364 1230 horam
1406 1187 1610 1230 unam
1650 1166 1750 1230 vel
1789 1166 2058 1231 alteram
2101 1173 2484 1250 protractae.

284 1269 723 1337 Quamobrem
777 1269 919 1333 istis
980 1270 1093 1352 qui
1141 1268 1473 1352 Podagrae
1532 1275 1688 1332 sunt
1741 1268 2023 1349 obnoxii,
2075 1270 2312 1333 author
2367 1289 2488 1352 ego

282 1373 423 1451 sim,
453 1372 687 1458 hyeme
724 1372 1083 1456 praecipue,
1112 1377 1189 1434 ut
1217 1371 1385 1435 lecto
1424 1379 1680 1435 mature
1707 1370 2058 1436 admodum
2097 1393 2166 1435 se
2193 1371 2487 1435 commit-
2512 1382 2770 1446 praecipue

281 1481 449 1553 tant,
483 1482 550 1538 et
585 1474 869 1538 diluculo
909 1480 1249 1557 exurgant,
1280 1474 1694 1558 quantumvis
1736 1495 1999 1538 somnus
2033 1475 2214 1557 justo
2240 1472 2490 1538 brevior
2512 1446 2746 1574 {¹2⁹ssss

284 1578 553 1642 suadeat
592 1584 669 1641 ut
710 1576 953 1640 diutius
998 1575 1311 1640 cubantes
1352 1576 1634 1640 eundem
1677 1576 1888 1640 adhuc
1925 1584 2280 1655 venentur3
2339 1596 2490 1640 cum

282 1701 549 1744 somnus
610 1680 720 1763 qui
778 1679 873 1744 ita
930 1679 1213 1743 diluculo
1270 1679 1540 1763 eapitur,
1599 1687 1938 1744 secuturae
1996 1679 2206 1743 noctis
2263 1698 2491 1741 somno

280 1781 674 1847 tantundem
731 1782 1047 1861 detrahat,
1110 1789 1305 1865 atque
1354 1783 1451 1846 ita
1504 1783 1774 1846 tandem
1825 1783 2118 1846 Naturae
2166 1782 2230 1846 vi
2287 1781 2486 1860 illata,

282 1892 623 1969 spretoque
652 1883 929 1967 sapienti
956 1885 1095 1967 ejus
1124 1883 1448 1964 instituto,
1481 1890 1738 1949 noctem
1766 1905 1886 1968 pro
1915 1883 2019 1948 die
2049 1884 2192 1968 quis
2231 1883 2486 1961 habeat,

284 1986 457 2051 diem
486 2007 821 2070 perversus
850 2007 967 2070 pro
996 1992 1210 2050 nocte.

380 2087 547 2174 [53.]
583 2087 895 2154 Quinimo
917 2089 1121 2152 animi
1139 2089 1573 2172 tranquillitas
1595 2089 1775 2154 omni
1804 2109 1924 2173 ope
1947 2087 2330 2153 stabilienda
2350 2092 2486 2166 est3
2515 2105 2688 2155 Animi
2707 2123 2796 2172 pa-

281 2211 433 2254 cum
473 2189 989 2272 perturbationes
1032 2210 1275 2268 omnes,
1320 2190 1379 2252 si
1418 2191 1730 2274 repagula
1769 2191 1968 2255 semel
2009 2191 2376 2274 effringant,
2408 2189 2490 2253 ad
2513 2171 2766 2299 fflssffigffe

283 2293 651 2358 solvendam
672 2293 1017 2376 spirituum
1045 2293 1179 2377 (qui
1208 2299 1363 2358 sunt
1392 2293 1830 2378 digestionum
1850 2294 2325 2376 instrumenta,)
2353 2315 2486 2379 sys-
2515 2300 2576 2348 ad
2598 2302 2762 2349 studia

280 2397 474 2475 tasin,
504 2417 579 2460 ac
616 2395 887 2480 proinde
916 2396 999 2461 ad
1028 2395 1358 2478 Podagrae
1388 2395 1896 2488 incrementum,
1911 2395 2194 2460 multum
2223 2396 2486 2461 faciant.
2513 2371 2632 2478 ἓξ
2635 2379 2796 2494 :gl-1-

280 2499 643 2565 Prudenter
690 2499 911 2583 itaque
961 2520 1179 2563 secum
1228 2498 1578 2563 meditetur
1636 2519 1828 2581 aeger
1875 2497 2285 2563 mortalitatis
2335 2518 2490 2563 suae
2514 2494 2654 2608 roffi&
2649 2495 2788 2608 „31³1-
2833 2570 2838 2577 ‚

282 2602 738 2681 conditionem,
766 2622 889 2666 nec
928 2622 995 2665 se
1032 2622 1255 2666 earum
1294 2622 1457 2684 quae
1492 2622 1637 2664 eam
1665 2606 2026 2684 sequuntur
2051 2598 2489 2663 molestiarum
2513 2626 2726 2687 systnsin

284 2712 572 2773 exortem
613 2705 849 2771 stultus
890 2704 1227 2787 opinetur:
1282 2704 1413 2767 sive
1450 2703 1628 2768 enim
1671 2702 1772 2767 sui
1807 2703 2010 2786 ipsius
2049 2702 2180 2766 sive
2218 2703 2488 2767 aliorum
2513 2688 2724 2815 {3223}

283 2808 472 2891 culpa
514 2807 681 2871 hanc
724 2806 927 2870 animi
968 2806 1443 2889 aegritudinem
1482 2806 1712 2889 pariat,
1743 2828 1879 2871 non
1919 2807 2159 2889 poterit
2200 2827 2489 2889 unquam
2516 2818 2746 2867 evitanda

280 2909 528 2975 mundo
556 2910 731 2992 leges
758 2908 931 2986 dare,
956 2908 1065 2991 qui
1092 2908 1341 2972 nemini
1368 2909 1702 2987 hactenus,
1724 2908 2198 2991 quantumlibet
2227 2908 2491 2971 demum
2515 2889 2644 2931 ⁸¹²⁰*

280 3017 513 3098 potens
556 3018 671 3077 aut
714 3011 969 3095 sapiens
1008 3011 1224 3090 fuerit,
1270 3032 1521 3095 semper
1560 3032 1811 3074 morem
1854 3010 2092 3093 gessit3
2144 3030 2356 3093 neque
2397 3010 2492 3074 ita

282 3115 583 3199 cuiquam
611 3135 861 3198 semper
889 3134 969 3179 ex
998 3114 1199 3178 animi
1243 3119 1393 3178 voto
1428 3113 1744 3178 cedebant
1789 3133 1891 3177 res
1938 3132 2180 3192 omnes,
2221 3132 2298 3177 ac
2325 3134 2492 3177 vana

282 3238 468 3281 mens
508 3217 953 3301 spoponderat,
984 3222 1073 3296 at,
1104 3216 1453 3301 derepente
1494 3216 1671 3280 inter
1705 3236 1926 3279 rerum
1967 3222 2310 3299 apparatus
2349 3216 2487 3279 ani-

282 3342 459 3385 mam
496 3341 713 3403 agens,
749 3320 1071 3385 humanae
1106 3319 1477 3402 fragilitatis
1514 3319 1840 3403 specimen
1872 3317 2140 3382 tandem
2173 3317 2328 3397 edit,
2365 3319 2486 3382 im·

281 3422 515 3489 merito
545 3444 614 3487 se
639 3422 819 3487 brevi
846 3423 1017 3487 vitae
1044 3422 1265 3487 fructu
1294 3422 1594 3504 spolians.
1653 3421 1842 3485 Idem
1871 3422 2070 3485 etiam
2095 3421 2490 3485 incommodi

282 3526 575 3610 sequitur
602 3525 873 3589 nimiam
900 3524 1101 3589 animi
1140 3524 1225 3589 ad
1251 3524 1469 3589 studia
1494 3532 1561 3590 et
1599 3546 1702 3589 res
1730 3525 1928 3589 serias
1956 3523 2485 3608 applicationem:

282 3649 435 3694 cum
462 3630 639 3693 enim
680 3629 835 3693 huic
876 3628 1103 3693 morbo
1143 3648 1299 3711 prae
1337 3628 1606 3692 caeteris
1645 3626 2039 3712 quibuslibet
2065 3628 2488 3692 Melam-holin

281 3731 475 3813 vulgo
504 3730 677 3796 dicta
702 3752 915 3796 comes
944 3752 1195 3815 semper
1234 3730 1596 3810 adhaereat,
1627 3731 1739 3815 qui
1767 3730 1826 3795 ei
1867 3737 2020 3795 sunt
2049 3729 2330 3808 obnoxii,
2359 3730 2488 3813 spi-

279 3833 447 3897 ritus
476 3834 783 3899 animales
822 3834 937 3898 diu
974 3833 1381 3916 multumque
1409 3832 1774 3916 cogitando,
1803 3832 2000 3895 etiam
2035 3852 2169 3895 non
2198 3829 2488 3895 adhibito

281 3936 599 4001 artificiali
638 3936 951 4002 librorum
984 3934 1395 4013 adminiculo,
1424 3933 1698 4017 fatigare
1737 3933 1944 3997 solent
1973 3939 2169 4015 atque
2197 3930 2486 4010 obruere,

279 4038 405 4105 hoc
430 4039 645 4123 ipsum
671 4038 765 4105 ita
791 4038 973 4106 valde
1002 4058 1077 4103 ac
1110 4037 1461 4121 nimiopere
1488 4043 1774 4120 agentes,
1804 4042 1880 4099 ut
1910 4034 2190 4119 corporis
2219 4054 2487 4099 oecono-

277 4142 413 4209 mia
452 4143 709 4226 integra
752 4142 1025 4227 amplius
1070 4140 1429 4205 conservari
1464 4146 1786 4223 nequeat3
1862 4159 2058 4222 quam
2095 4135 2180 4201 ob
2223 4157 2486 4201 causam

284 4245 383 4327 (ut
412 4246 575 4311 mihi
602 4244 899 4329 videtur,)
932 4244 1039 4310 hic
1066 4244 1329 4310 morbus
1364 4263 1718 4328 perpaucos
1749 4240 2126 4325 insipientes
2160 4240 2288 4323 (me
2317 4240 2484 4305 exci-

276 4348 415 4431 piat
444 4349 558 4433 qui
581 4350 795 4433 volet‚)
829 4349 1161 4433 occupavit
1188 4369 1495 4432 unquam.

380 4450 543 4534 [54]
601 4452 887 4519 Caeteris
914 4472 1063 4517 vero
1102 4450 1403 4517 omnibus
1434 4471 1596 4533 quae
1632 4447 1716 4513 ad
1748 4444 2222 4532 impediendam
2250 4444 2478 4511 humo-
2507 4442 2724 4495 emeris

2504 4512 2732 4561 omnibus
