3138 5006
471 320 586 377 636

537 472 678 529 Lecti
705 471 841 524 calor
873 487 972 525 nen
1004 470 1200 536 prodest
1232 470 1284 519 in
1318 487 1412 522 usu
1443 471 1639 521 corticis

473 536 646 587 PeruV.
673 553 758 600 pro
791 537 1008 600 fuganda
1039 536 1188 595 feboe,
1210 538 1334 592 453,
1372 537 1528 585 febres
1560 536 1635 583 in-

473 603 672 654 termitt.
697 602 748 651 in
781 603 1123 651 continuarum
1153 601 1364 664 speciem
1399 610 1642 652 transmu-

473 675 575 715 tare
609 666 757 725 valet,
786 670 898 725 280,
930 669 1042 723 285,
1067 667 1188 721 286,
1225 665 1417 713 corticis
1465 666 1639 715 Peruv.

474 732 736 783 salutarem
757 732 982 781 effectum
1010 702 1190 789 t'urbat,
1212 732 1336 785 2863
1372 730 1555 779 nimius
1588 730 1641 777 in

477 797 608 844 febre
656 796 881 859 erysipel.
931 794 1160 857 rejicitur,
1215 796 1338 850 2633
1399 796 1641 858 quomodo

477 861 764 924 sanguinem
813 860 1042 922 exagitet,
1092 869 1141 908 et
1179 858 1233 907 in
1275 868 1449 935 caput·
1463 860 1640 917 mittat,

477 928 602 982 4943
637 942 664 973 e
685 926 811 973 lecto
846 940 1060 987 surgere,
1095 938 1242 988 quam
1276 924 1400 973 utile
1435 924 1486 972 in
1511 924 1638 972 vari-

475 990 581 1047 olis,
607 991 716 1048 138,
741 992 862 1045 335,
899 990 1158 1037 solvuntur
1187 989 1494 1051 objectiones,
1529 991 1641 1046 338,

475 1057 598 1109 3393
667 1070 782 1102 uam
817 1054 1148 1103 necessarium
1175 1054 1228 1102 in
1259 1054 1488 1101 omnibus
1511 1068 1643 1101 mor·

475 1118 552 1169 bis
582 1118 594 1130 ‘
667 1119 981 1177 ammetoriis,
1004 1120 1123 1173 156,
1159 1126 1209 1170 et
1235 1118 1284 1165 in
1309 1118 1442 1167 febre
1460 1119 1643 1167 contin.

477 1198 590 1231 ann.
611 1184 805 1234 ’73—'7
814 1186 857 1240 5,
877 1186 1000 1239 210,
1038 1198 1186 1246 quam
1205 1181 1327 1230 utile
1350 1183 1398 1230 in
1422 1182 1641 1245 pleuriti·

477 1248 552 1308 de,
581 1248 692 1306 156,
714 1250 810 1297 250
827 1267 840 1305 3
873 1248 926 1295 in
957 1248 1151 1310 angina,
1175 1247 1304 1303 267,
1341 1248 1530 1295 cautela
1555 1262 1643 1295 ne-

479 1312 688 1363 cessaria
706 1312 758 1361 in
793 1312 1054 1375 surgendo,
1075 1328 1142 1361 sc.
1167 1328 1228 1361 ne
1251 1312 1397 1359 nimis
1431 1312 1516 1361 diu
1557 1327 1643 1375 pro

480 1392 581 1425 una
611 1378 720 1425 vice
754 1393 896 1439 aeger
925 1392 954 1425 a
984 1377 1109 1428 lecto
1143 1377 1281 1435 absit,
1318 1378 1403 1425 211
1431 1396 1444 1431 3
1480 1392 1645 1425 morae

484 1441 716 1503 longioris
761 1442 814 1491 in
856 1442 982 1491 lecto
1025 1441 1346 1499 incommoda,
1383 1457 1448 1489 sc.
1496 1442 1642 1489 rheu·

481 1507 756 1564 matismus,
791 1514 841 1555 et
881 1506 1075 1565 icterus,
1115 1507 1481 1569 subsequentes,
1518 1508 1646 1563 2113

483 1586 511 1619 e
532 1571 660 1619 lecto
683 1572 1031 1619 surrectionem
1055 1586 1293 1633 quaenam
1321 1570 1643 1622 eontra-inadi-

799 1636 852 1683 in
882 1642 1070 1683 comate
1101 1634 1274 1692 febrili,
1295 1636 1416 1691 495,
1453 1636 1504 1683 in
1527 1634 1643 1685 hae-

781 1700 987 1757 narium,
1013 1702 1135 1757 2683
1171 1699 1296 1748 lecto
1329 1699 1476 1749 defixi
1497 1700 1645 1775 aegri,

485 1765 698 1815 febribus
728 1766 909 1813 contin.
941 1764 1230 1821 laborantes,
1255 1772 1365 1827 post
1397 1764 1644 1839 purgatio-

485 1844 600 1950 23⁰¹
613 1800 1647 1968 iffffisstiffsseffiffiiuis‘i‘ffiffig

483 1958 762 2021 eruptiones
783 1959 956 2007 exinde
978 1966 1261 2015 nascuntur,
1284 1960 1408 2013 4883
1443 1958 1494 2006 in
1514 1959 1647 2007 febre

485 2022 762 2081 seu-latins,
795 2026 916 2079 244,
972 2022 1024 2071 in
1064 2023 1195 2071 febre
1235 2022 1488 2081 variolosa‚
1524 2025 1644 2078 156·

485 2088 696 2135 foemina
729 2086 863 2137 illico
897 2087 1176 2147 addicenda,
1212 2086 1360 2137 simul
1395 2103 1450 2135 ac
1487 2086 1647 2139 lochis

485 2168 762 2215 suppressa,
793 2154 914 2209 3983
949 2152 1000 2200 in
1023 2152 1178 2201 mictu
1205 2152 1472 2214 sanguineo
1495 2152 1645 2199 absti-

485 2217 720 2276 nendum,
735 2218 829 2267 359
846 2236 858 2273 3
883 2216 935 2265 in
951 2216 1191 2265 morbillis
1237 2217 1398 2265 nando
1413 2224 1462 2265 et
1473 2232 1649 2281 quarn·

483 2282 569 2331 diu
589 2297 734 2343 aeger
754 2281 1042 2344 affigendus,
1069 2283 1186 2336 1853
1243 2289 1348 2334 ecto
1369 2282 1420 2329 in
1443 2280 1645 2329 morbil-

483 2345 546 2393 lis
586 2346 702 2395 anni
739 2347 821 2398 ’74
852 2346 1211 2403 addicebantur,
1237 2348 1358 2401 218,
1413 2346 1464 2395 in
1500 2346 1644 2408 phre-

481 2410 634 2459 nitide
655 2426 682 2457 e
701 2410 834 2459 febre
862 2426 987 2459 nova
1019 2410 1245 2473 epidem„
1266 2412 1390 2465 495,
1424 2410 1477 2457 in
1497 2410 1645 2459 rhen·

483 2475 728 2534 mstismo,
755 2476 875 2532 156,
909 2474 1096 2538 aliquot
1127 2474 1258 2524 horis
1290 2476 1351 2524 de
1384 2474 1462 2524 die
1495 2474 1645 2524 absti-

485 2540 715 2597 nendum,
742 2542 867 2594 258,
900 2541 951 2587 in
973 2539 1096 2588 tussi
1123 2539 1345 2603 epidem„
1368 2541 1454 2588 ubi
1480 2541 1647 2600 febris,

483 2611 592 2662 etc„
614 2603 810 2663 adsunt,
833 2606 956 2660 2293
991 2604 1044 2651 in
1071 2604 1267 2652 variolis
1289 2604 1414 2653 lecto
1437 2620 1536 2652 non
1558 2606 1643 2653 ad-

483 2667 716 2718 dicendus
751 2685 897 2732 aeger
935 2677 1046 2718 ante
1081 2669 1384 2731 eruptionem
1420 2669 1645 2732 pustula-

484 2748 613 2792 rum,
665 2736 778 2792 332,
823 2735 945 2789 346,
1001 2733 1127 2781 lecto
1177 2741 1288 2781 ante
1336 2734 1464 2781 diem
1517 2734 1646 2782 4⁸¹un

485 2799 1648 2938 Ξὲῒῗέῗέῗὲῗᾱῗῗῗῶᾬὲῗέὲιῖῗῖἷζιὶῖἷέ

487 2927 706 2976 maculas
727 2943 990 2991 purpureas
1021 2935 1070 2975 et
1101 2928 1304 2976 mictum
1325 2929 1647 2989 sanguineum

487 2999 756 3055 praecavet,
793 2992 902 3052 137,
935 2995 1060 3049 343,
1107 2991 1231 3040 lecto
1269 2993 1517 3040 commissi
1551 3009 1649 3054 qua

489 3057 672 3106 ratione
715 3057 782 3104 ibi
827 3073 878 3106 se
917 3072 1081 3120 gerere
1122 3054 1344 3114 debeant,
1386 3059 1497 3114 223,
1535 3059 1649 3116 355,

489 3123 614 3178 567,
649 3122 702 3169 in
735 3121 931 3169 variolis
963 3137 1122 3170 anom.
1151 3121 1294 3169 discr.
1326 3136 1469 3184 aeger
1491 3136 1647 3184 quan·

489 3186 669 3234 donam
692 3185 1001 3244 addicendus,
1028 3187 1146 3241 1933
1181 3186 1392 3234 infantes
1423 3185 1473 3236 in
1509 3185 1650 3234 cunis

489 3265 622 3298 nunc
637 3253 850 3314 J‘aceant‚
871 3266 1001 3298 nunc
1033 3249 1178 3298 istinc
1207 3251 1498 3308 auferantur,
1527 3253 1646 3307 1433

491 3314 544 3362 in
569 3315 764 3364 variolis
797 3315 940 3364 discr.
961 3314 1235 3372 oborituris,
1255 3330 1318 3362 an
1344 3314 1514 3378 primis
1547 3316 1649 3364 die-

489 3379 582 3426 bus
623 3380 894 3428 abstineant
935 3379 1012 3428 vel
1053 3395 1166 3436 non,
1201 3379 1330 3428 idem
1373 3379 1482 3437 erit,
1524 3383 1647 3436 341,

489 3443 700 3492 lectulus
717 3444 767 3492 in
788 3445 1028 3508 podagrae
1049 3443 1340 3492 inveteratae
1357 3459 1651 3506 paroxysmo

489 3509 708 3556 exercitii
773 3509 1016 3558 defectum
1075 3508 1380 3570 aliquatenus
1439 3509 1649 3572 supplet,

491 3575 586 3622 445
607 3593 618 3630 ,
650 3574 834 3622 lectum
852 3573 1100 3636 podagrici
1115 3580 1303 3620 mature
1325 3580 1508 3636 petant,
1526 3577 1649 3630 438,

489 3639 772 3752 puergegil'isfe
791 3638 1105 3752 tetnegqfibus
1156 3637 1402 3701 quodnam
1457 3639 1649 3688 emolu·

489 3717 604 3750 men
773 3717 827 3749 ra
849 3737 862 3760 ,
981 3737 994 3750 .

555 3768 716 3844 Lepre
735 3767 931 3814 morbus
963 3773 1037 3814 est
1069 3781 1130 3814 ex
1160 3764 1239 3825 iis,
1261 3766 1344 3829 qui
1373 3765 1492 3816 olim
1523 3767 1648 3816 exti-

489 3839 606 3889 tere,
631 3832 738 3894 jam
771 3831 1064 3888 occiderunt,
1101 3833 1225 3888 225,
1273 3831 1402 3895 apud
1435 3832 1651 3881 medicos

485 3897 647 3958 qualis
670 3895 964 3960 depingitur,
985 3898 1097 3945 311.

556 3962 751 4023 Lingua
773 3961 914 4036 nigra
934 3968 983 4009 et
1003 3961 1131 4009 sicca
1148 3959 1200 4007 in
1215 3960 1346 4010 febre
1365 3961 1545 4008 contin.
1568 3963 1643 4010 ’61

489 4051 556 4061 -
557 4028 655 4085 ’64,
691 4028 780 4082 393
835 4025 886 4074 in
931 4026 1062 4074 febre
1103 4025 1320 4088 hyemali
1362 4025 1487 4082 alba,
1522 4025 1645 4081 477.

485 4091 638 4148 arida,
655 4089 696 4136 si
717 4089 848 4138 male
869 4097 1114 4148 tractetur,
1138 4090 1261 4147 477,
1296 4091 1346 4138 in
1371 4089 1502 4138 febre
1522 4105 1650 4138 nova

487 4155 696 4218 epidem.
718 4155 960 4217 quomodo
989 4171 1041 4202 se
1071 4155 1262 4232 habeat,
1287 4157 1410 4210 489,
1443 4154 1492 4204 in
1516 4155 1649 4204 febre

488 4220 726 4268 variolosa
751 4219 1058 4282 qualis,152,
1089 4222 1207 4276 1583
1241 4219 1292 4266 in
1326 4220 1458 4268 febre
1489 4220 1645 4269 vario-

487 4284 593 4332 losa
627 4300 656 4332 a
690 4284 926 4346 regimine
969 4255 1126 4332 calido
1165 4292 1405 4360 quantum
1445 4290 1651 4344 mutata,

494 4351 614 4402 1683
651 4349 702 4396 in
737 4347 932 4396 variolis
965 4347 1172 4412 regular.
1201 4349 1544 4412 incipientibus
1580 4349 1647 4398 si-

488 4414 620 4460 milis
643 4429 700 4462 ae
720 4413 773 4460 in
794 4413 925 4462 febre
946 4413 1197 4472 variolosa,
1224 4416 1328 4464 153.

551 4478 836 4526 Liuimenta
873 4478 926 4526 in
969 4477 1184 4540 hydrope
1219 4493 1308 4526 nec
1346 4478 1526 4528 obsunt
1559 4493 1649 4528 nec

483 4548 700 4600 prosunt,
725 4539 834 4589 473.

485 1642 616 1693 cant,
641 1637 765 1692 3463

483 1700 760 1762 morrhagia

1373 318 1631 378 INDEX
1674 316 1961 381 RERUM
1974 362 1986 373 .

1794 469 2109 519 Lintesmina
2152 468 2266 517 lecti
2318 485 2405 533 pro
2450 468 2715 533 phthisicis

1726 536 1944 583 tautibm
1966 533 2201 582 calefacta
2220 550 2325 583 esse
2346 536 2539 593 debent,
2565 537 2677 583 391.

1793 600 1979 647 Linum
2008 599 2215 647 crudum
2243 600 2305 647 ad
2333 608 2522 663 partem
2552 600 2740 647 levitur
2762 608 2919 647 ustu-

1724 664 1925 711 landam
1947 663 2077 711 idem
2098 664 2359 727 praestabit
2380 680 2435 713 sc
2456 680 2619 721 mon,
2642 666 2759 713 449.

1793 728 1981 791 Liquor
1999 728 2137 791 niger
2164 730 2217 775 in
2247 728 2442 777 variolis
2464 730 2627 787 const,
2644 730 2761 777 loco
2792 729 2923 777 ssavi

1726 794 1963 849 humoris,
1986 794 2027 839 si
2048 795 2247 856 sanguis
2270 802 2532 852 exaestuet,
2555 794 2730 850 effluit,
2758 796 2881 841 348.

1794 858 2032 921 Liquores
2064 857 2287 921 generosi
2326 860 2378 907 in
2419 859 2637 922 hydrope
2668 860 2917 905 morbum

1726 922 2038 985 incipientem
2072 938 2213 985 saepe
2242 922 2335 971 soli
2369 932 2614 981 curarunt,
2645 926 2761 979 471,
2788 924 2915 979 587,

1728 990 1852 1042 588,
1887 987 2227 1049 refrigerantes
2246 993 2295 1035 et
2316 996 2487 1036 tenues
2500 1004 2645 1050 quare
2662 1004 2764 1037 non
2784 1004 2913 1037 eon-

1728 1052 1947 1109 cedendi,
1984 1052 2108 1107 4713
2168 1052 2413 1115 spirituosi
2444 1053 2497 1100 in
2530 1053 2653 1100 tussi
2686 1052 2911 1117 epidem.

1728 1116 1845 1165 anni
1878 1118 1959 1167 7’5
2000 1116 2203 1175 vitandi,
2236 1119 2362 1173 231,
2412 1118 2465 1165 in
2502 1116 2699 1165 variolis
2736 1132 2911 1165 mom.

1728 1187 2071 1303 tenliperantes,
2090 1188 2140 1229 et
2169 1152 2506 1231 salivationem
2536 1192 2911 1245 promoventes,

1796 1281 1984 1358 L’ochia
2016 1310 2067 1357 in
2107 1311 2357 1373 puerperis
2396 1310 2731 1369 tenerioribus,
2768 1313 2911 1375 quod

1728 1373 1877 1423 nimis
1899 1376 1996 1423 cito
2020 1390 2047 1423 e
2066 1374 2193 1423 lecto
2216 1384 2436 1437 surgant,
2458 1392 2731 1439 suppressa,
2756 1377 2911 1425 diris-

1728 1440 1855 1487 sima
1874 1446 2201 1503 symptomata
2221 1439 2478 1497 inducunt,
2500 1442 2614 1497 396,
2634 1442 2745 1491 397.

1798 1504 2128 1551 Locmoauu
2181 1504 2313 1565 (De)
2364 1518 2641 1553 xuuomco
2690 1505 2909 1563 anxu,

1732 1570 1846 1626 583,
1870 1571 1998 1625 584,
2036 1570 2098 1616 cf.
2118 1570 2229 1626 400,
2253 1570 2363 1617 401.

1799 1633 2129 1681 Locuioavu
2166 1632 2301 1695 (Da)
2338 1634 2903 1691 Surraessionsfiu,

1732 1700 1859 1754 585,
1893 1698 1953 1747 οἱ
1988 1700 2101 1757 397,
2128 1700 2239 1746 398.

1798 1762 1915 1811 Lus
1956 1762 2089 1825 (Da)
2134 1763 2418 1821 Vesanus,
2460 1764 2741 1821 sos—326,
2786 1766 2907 1823 591,

1799 1890 1930 1939 Lues
1956 1890 2177 1939 Veneres
2200 1892 2329 1939 unde
2350 1900 2403 1939 et
2422 1906 2521 1955 quo
2546 1899 2769 1955 tempore
2792 1890 2903 1941 Eu·

1729 1970 1901 2018 ropam
1936 1956 2139 2019 appulit,
2170 1958 2295 2011 308,
2336 1971 2435 2005 non
2470 1972 2527 2004 ea
2556 1957 2807 2006 celeritate
2844 1972 2903 2005 ae

1732 2028 1842 2068 ante
1864 2028 2127 2083 grassatur,
2148 2024 2270 2076 308,
2305 2021 2359 2069 in
2387 2020 2527 2069 initio
2550 2023 2901 2085 symptomati-

1731 2084 1823 2132 bus
1842 2086 2137 2147 quibusnam
2156 2102 2237 2151 pr
2218 2056 2403 2143 dierit,
2420 2088 2549 2143 309,
2570 2086 2907 2149 gonorrhooee

1732 2148 1873 2197 virul.
1898 2150 2075 2212 specie,
2095 2166 2125 2198 a
2158 2160 2355 2203 centum
2390 2158 2517 2199 retro
2548 2150 2692 2198 annis
2726 2166 2781 2199 se
2802 2151 2907 2215 pri·

1732 2228 1871 2261 mum
1908 2216 2135 2273 ostendit,
2164 2216 2283 2269 309,
2321 2215 2605 2277 contagium
2636 2216 2747 2278 ejus
2780 2232 2907 2279 quo—

1732 2279 1876 2326 modo
1898 2288 2211 2341 propagatur,
2234 2282 2356 2335 309,
2394 2279 2547 2327 oritur
2570 2296 2717 2343 saepe
2749 2296 2779 2327 a
2810 2296 2903 2342 go-

1732 2343 1967 2392 not-rhoea
1980 2344 2121 2392 virul-
2139 2314 2453 2403 diuturniore,
2474 2344 2551 2393 vel
2571 2360 2601 2393 a
2612 2346 2817 2393 materia
2834 2345 2907 2393 vi-

1732 2408 1822 2455 rul.
1845 2408 2253 2471 adstringentibus
2286 2409 2640 2472 intempestivis
2672 2410 2907 2467 cocrcita,

1735 2474 1823 2522 311
1844 2492 1857 2530 3
1892 2488 2129 2537 quosnam
2146 2490 2316 2537 aegros
2338 2474 2620 2538 saepissime
2640 2474 2909 2532 adoriatur,

1735 2540 1856 2595 314,
1894 2547 2277 2602 symptomatum
2308 2540 2417 2602 ejus
2444 2541 2763 2598 enumerat‘o,
2787 2542 2907 2600 311,

1734 2604 1847 2661 312,
1869 2603 1990 2659 591,
2028 2605 2134 2666 ejus
2156 2613 2380 2654 naturam
2413 2603 2723 2652 essentialem
2754 2605 2903 2668 igno-

1732 2677 1807 2715 rat
1848 2668 2053 2726 Auctor,
2092 2672 2215 2726 3123
2270 2669 2464 2717 videtur
2498 2669 2905 2716 inflammationis

1732 2733 1989 2796 particeps,
2024 2735 2153 2788 312,
2197 2733 2438 2795 quomodo
2472 2734 2687 2781 curanda
2718 2734 2907 2790 veniat,

1731 2797 1959 2844 nonnulli
1992 2797 2208 2846 indicare
2242 2813 2453 2860 aequum
2488 2813 2587 2845 non
2622 2798 2903 2856 aestiuum,

1733 2860 1859 2916 307,
1892 2861 2081 2910 Auctor
2098 2863 2364 2910 contrariae
2384 2870 2461 2910 est
2481 2862 2768 2920 sententiae,
2786 2865 2906 2921 307,

1734 2927 1855 2981 308,
1890 2926 1989 2973 luis
2022 2927 2330 2974 confirmatae
2362 2927 2467 2975 sola
2500 2928 2787 2976 salivatione
2808 2944 2899 2976 eu·

1732 2989 1868 3047 ratio,
1894 2993 2022 3047 3183
2057 2991 2175 3040 haec
2206 2999 2369 3040 autem
2392 2992 2633 3055 quomodo
2664 2991 2899 3040 institua-

1730 3059 1829 3114 tur,
1862 3057 2138 3114 319—325,
2170 3058 2285 3114 591,
2316 3059 2438 3111 592,
2476 3057 2517 3104 si
2543 3057 2901 3120 gonorrhoeam

1732 3119 1959 3167 comitem
1991 3119 2155 3178 habet,
2186 3121 2322 3184 prius
2362 3121 2648 3170 salivatione
2682 3121 2903 3172 tollenda

1732 3181 1854 3242 lues,
1890 3187 2003 3243 323,
2034 3187 2156 3240 324,
2205 3185 2487 3248 specificam
2524 3185 2724 3234 nullum
2752 3187 2901 3238 habet

1730 3249 2016 3307 remedium,
2038 3250 2181 3312 cujus
2204 3265 2295 3314 ope
2324 3251 2429 3298 sine
2462 3251 2777 3299 evacuatione
2810 3267 2897 3300 cu-

1731 3319 1880 3372 retur,
1907 3316 2014 3371 103,
2040 3316 2161 3370 312,
2196 3315 2313 3362 hinc
2340 3315 2382 3361 si
2412 3314 2545 3362 aliud
2564 3315 2893 3364 medicamen-

1732 3383 1841 3424 tum
1882 3377 2090 3438 daretur,
2123 3379 2253 3442 quod
2290 3379 2627 3430 salivationem
2664 3389 2899 3438 moveret,

1732 3442 1911 3504 pariter
1952 3459 2007 3490 ac
2049 3445 2319 3492 mercurius
2351 3443 2413 3492 ad
2450 3445 2717 3492 uitandam
2762 3445 2896 3494 luem

1733 3506 1930 3565 valeret,
1952 3509 2072 3563 312,
2109 3508 2346 3556 recidivae
2369 3509 2549 3571 quibus
2570 3509 2825 3568 debentur,
2846 3517 2899 3564 et

1734 3543 1973 3632 quomodo
2008 3573 2394 3634 praeveniantur,
2426 3575 2551 3630 321,
2587 3573 2751 3636 quid
2734 3589 2789 3622 ιιι
2814 3591 2899 3624 ore

1732 3635 1880 3684 nimis
1902 3637 2177 3686 exulcerato
2206 3638 2269 3685 sit
2291 3638 2551 3700 agendum,
2578 3639 2703 3692 324,
2738 3639 2897 3690 diaeta

1734 3715 1971 3762 quaenam
1995 3703 2295 3750 observanda
2308 3703 2438 3752 inter
2462 3673 2751 3762 curandum,
2769 3705 2894 3760 324,

1734 3779 1880 3827 quare
1909 3766 1961 3812 in
1998 3766 2162 3816 Gallia
2194 3774 2395 3816 sanatur
2428 3767 2626 3816 facilius
2663 3783 2725 3818 ac
2759 3741 2893 3832 apud'

1730 3845 1836 3886 nos,
1854 3832 1963 3878 325.

1800 3895 2055 3957 Lumbago
2083 3897 2385 3944 rheumatica
2416 3895 2757 3946 rheumatismi
2786 3913 2895 3961 spe·

1732 3958 1829 4006 cies
1852 3966 1939 4016 est,
1963 3962 2083 4016 256,
2120 3961 2396 4024 descriptio,
2409 3962 2523 4019 256,
2538 3962 2662 4016 257·
2698 3978 2760 4010 ne
2762 3963 2893 4026 phri-

1730 4024 1883 4072 ticum
1917 4040 2268 4088 paroxysmum
2301 4026 2553 4084 mentitur,
2574 4027 2701 4083 256,
2753 4043 2893 4076 cura·-

1730 4086 1813 4147 tio,
1836 4091 2110 4140 257-259.

1796 4124 1970 4202 'Luxus
1988 4155 2151 4202 animo
2172 4161 2222 4203 et
2239 4155 2426 4220 corpori
2445 4161 2685 4218 quantum
2718 4155 2897 4213 laedat,

1796 4281 2023 4332 Maeuiae
2045 4283 2097 4332 in
2119 4284 2249 4332 febre
2278 4283 2535 4332 scarlatina
2554 4283 2743 4347 q,uales
2762 4287 2894 4340 243,

2520 4349 2765 4398 habentur
2784 4365 2893 4398 ma-

1730 4411 1983 4474 lignitatis,
2005 4415 2130 4470 509,
2162 4414 2211 4461 ἰιι
2242 4413 2457 4462 febribus
2484 4421 2727 4478 augentur
2762 4415 2895 4463 cale-

1730 4477 2036 4534 facientibus,
2057 4449 2181 4534 232,
2216 4479 2267 4525 in
2304 4478 2434 4526 febre
2466 4493 2593 4526 nova
2610 4479 2849 4541 hyemali,
2869 4497 2899 4530 a

1730 4541 2140 4603 calefacientibus,
2168 4545 2282 4602 488,
2310 4545 2431 4598 494,
2464 4543 2527 4593 in
2550 4543 2683 4595 febre
2712 4545 2897 4594 scarla-

2774 470 2931 535 equi-

1730 4363 2001 4411 purpureae
2031 4349 2180 4406 unde,
2202 4351 2323 4404 509,
2364 4349 2505 4411 signa
