3138 5006
701 299 825 360 182
1318 292 1706 359 THOMAE
1755 291 2054 356 SYDEN
2063 291 2269 356 HAM

436 477 633 526 Fennis
700 456 1009 540 eupeptis,
1032 457 1225 538 aegro
1247 454 1666 532 interdicere;
1714 475 1862 517 cum
1892 453 2058 516 haec
2073 473 2188 536 per
2214 451 2672 536 purgationem
2691 450 2898 513 medi-

394 543 673 654 Affffissffi‘
700 560 868 623 catio
914 579 992 622 ea
1036 557 1391 639 indulgeat,
1438 577 1602 638 quae
1647 577 1784 619 non
1832 561 2134 638 poterant
2185 553 2450 619 concedi
2503 554 2556 616 si
2605 552 2714 616 alii
2755 549 2900 615 viae

438 671 642 721 ’69-’72.
699 662 1120 726 insisteretur.
1211 659 1429 722 Tertia
1472 665 1548 722 ut
1577 658 1929 741 plurimum
1968 658 2286 742 purgatio,
2319 656 2701 738 interposito
2731 675 2898 718 sem·

392 757 639 871 Ξὲῗξέἴέδ·
700 785 814 847 per
854 763 975 842 die,
1008 761 1307 826 morbum
1352 760 1658 838 absolvit3
1703 781 1916 843 neque
1953 767 2174 823 tamen
2205 757 2600 842 'perpetuum
2643 758 2712 820 id
2745 755 2897 832 fuit,

390 889 611 935 centibus
700 865 814 930 sed
844 866 1003 928 aliae
1032 865 1294 946 insuper
1322 883 1792 945 nonnunquam
1822 861 2262 925 instituendae
2290 867 2496 924 erant.
2569 860 2657 937 Si,
2689 858 2899 922 Febre

392 950 659 1077 igugffvssm
694 969 849 1052 jam·
882 969 1087 1051 pulsa,
1136 966 1465 1030 fractiores
1518 964 1730 1028 adhuc
1774 971 1988 1027 essent
2033 984 2107 1027 ac
2158 963 2362 1045 magis
2408 963 2676 1026 effoetae
2717 960 2922 1042 aegri⁴

391 1079 510 1153 ἀρεῖ,
530 1079 675 1127 biduo
700 1071 882 1148 vires,
906 1077 1100 1152 atque
1127 1069 1184 1132 is
1213 1067 1459 1132 tardius
1490 1066 1976 1145 convalesceret,
2007 1065 2202 1149 (quod
2228 1065 2566 1149 hystericis
2595 1065 2896 1147 frequen-

390 1143 661 1268 ξῖξξζξξ
698 1173 945 1236 tissime
991 1169 1362 1253 accidebat,)
1418 1169 1698 1232 laudano
1745 1169 1816 1231 in
1865 1189 2059 1251 parva
2108 1168 2249 1231 dosi
2305 1167 2591 1232 exhibito
2638 1167 2894 1229 easdem

388 1271 625 1381 cssthmi·
656 1285 659 1288 ’
698 1281 1077 1351 restaurare,
1125 1280 1191 1336 et
1238 1272 1499 1355 spiritus
1549 1270 1919 1352 transfugos
1972 1291 2046 1333 ac
2099 1269 2436 1352 dissipatos
2483 1270 2556 1331 in
2607 1268 2894 1332 desertas

390 1345 677 1446 302&ssoe
701 1377 1009 1442 stationes
1036 1395 1329 1439 revocare
1359 1372 1673 1450 conabar;
1719 1393 1862 1436 raro
1891 1377 2107 1436 autem
2139 1371 2494 1435 remedium
2523 1370 2686 1434 illud
2713 1392 2892 1454 repe-

390 1463 547 1510 batm.
597 1544 609 1557 ,
700 1477 937 1556 tebam,
968 1483 1179 1560 neque
1208 1497 1496 1559 unquam
1531 1474 1928 1558 praescripsi,
1959 1473 2085 1537 nisi
2123 1472 2322 1537 biduo
2349 1473 2646 1536 triduove
2681 1495 2720 1535 a
2746 1494 2891 1556 pos-

390 1541 675 1656 ᾒῗῖζξὲζζω
699 1589 909 1645 trema
951 1578 1246 1644 catharsi.
1336 1577 1523 1640 Nihil
1551 1597 1701 1640 vero
1741 1596 1940 1659 aeque
1971 1575 2054 1638 ad
2093 1574 2490 1639 renovandus
2517 1571 2685 1638 vires
2726 1574 2892 1638 refo-

386 1669 672 1783 ζῑέξξξιῇἰζθ·
700 1681 1135 1778 cillandosq'ue
1182 1679 1441 1761 spiritus
1469 1676 1764 1754 faciebat,
1797 1685 1990 1760 atque
2026 1677 2230 1741 aurae
2257 1676 2516 1741 liberior
2545 1697 2701 1738 usus
2739 1695 2890 1738 mox

388 1798 633 1860 imprimis
696 1792 772 1847 ut
804 1783 1024 1847 Febris
1052 1781 1401 1845 recesserit.
2523 1776 2526 1778 ’

388 1864 659 1982 ζξῗῖἷξξῇη
792 1885 956 1968 [10.]
1012 1885 1259 1948 Ansam
1310 1889 1528 1945 autem
1582 1881 1665 1945 ad
1711 1882 1941 1965 praxin
1991 1881 2165 1945 hane
2213 1880 2683 1944 instituendam
2735 1880 2890 1944 hinc

385 1989 566 2051 fugata.
696 1988 976 2071 primum
1016 1986 1291 2068 arripui3
1338 1985 1514 2069 quod
1552 2005 1805 2068 nempe,
1842 1989 2148 2048 nascente
2176 1983 2381 2048 ferme
2408 1983 2888 2047 Constitutione

389 2068 675 2180 ginginssm‘
697 2090 836 2168 hac,
889 2089 1065 2172 (dum
1110 2087 1454 2171 irrequieto
1498 2086 1872 2169 solicitoque
1922 2087 2138 2150 animo
2179 2107 2383 2150 novae
2425 2085 2620 2168 hujus
2665 2084 2887 2148 Febris

387 2197 559 2269 praxin
582 2197 657 2244 in·
696 2198 996 2254 naturam
1026 2190 1425 2273 volutarem,)
1462 2188 1545 2252 ad
1575 2189 1988 2271 juvenculam
2015 2187 2178 2251 mihi
2206 2187 2482 2251 vicinam
2513 2183 2886 2264 advocabar,

386 2261 676 2372 {22²⁶}sz
694 2291 1167 2355 febricitantem
1190 2289 1449 2374 quidem
1470 2290 1668 2367 illam,
1690 2296 1883 2372 atque
1906 2288 2312 2353 acerbissimo
2335 2288 2649 2371 sincipitis
2673 2288 2888 2352 dolore

694 2393 828 2457 fere
858 2399 1169 2470 enectam,
1202 2392 1467 2474 aliisque
1506 2392 1952 2475 symptomatis
1984 2391 2216 2475 quibus
2256 2390 2528 2456 Febrem
2567 2390 2886 2473 Dysente-

689 2495 889 2559 ricam
914 2493 1165 2559 onerari
1186 2495 1323 2577 jam
1357 2492 1423 2578 [ξ
1450 2492 1542 2576 2.]
1578 2492 1875 2557 diximus.
1949 2491 2147 2571 Haec,
2172 2514 2320 2557 cum
2345 2515 2384 2557 a
2403 2514 2508 2556 me
2529 2491 2886 2575 interroga-

689 2599 870 2661 ‘retur
891 2606 957 2661 et
986 2596 1067 2660 de
1088 2596 1281 2660 modo
1306 2618 1432 2679 quo
1462 2596 1686 2660 Febris
1710 2592 1993 2681 primum
2016 2595 2380 2673 invadebat,
2405 2603 2471 2659 et
2494 2594 2574 2658 de
2597 2594 2886 2677 ejusdem

691 2701 1047 2779 duratione,
1066 2700 1237 2764 fassa
1257 2707 1354 2763 est
1378 2720 1445 2763 se
1464 2721 1503 2763 a
1520 2700 1905 2782 dysenteria,
1931 2719 2094 2783 quae
2116 2705 2259 2761 tum
2291 2698 2532 2781 ubique
2553 2698 2688 2762 fere
2711 2718 2886 2780 gras-

691 2803 972 2882 sabatur,
1020 2824 1059 2866 a
1098 2801 1583 2886 quatuordecim
1627 2808 1801 2865 retro
1846 2801 2071 2865 diebus
2114 2800 2310 2864 fuisse
2353 2800 2692 2864 liberatam
2700 2826 2719 2878 ς
2781 2800 2888 2863 cui

692 2907 822 2970 sive
866 2926 983 2969 sua
1026 2910 1253 2988 sponte
1303 2903 1678 2981 discedenti,
1721 2903 1851 2966 sive
1895 2902 2348 2966 medicamenti
2392 2923 2510 2985 ope
2564 2898 2884 2985 depulsae,

689 3008 983 3091 protinus
1022 3005 1323 3070 successit
1368 3005 1541 3068 dicta
1578 3003 1800 3068 Febris
1844 3026 1994 3068 cum
2033 3003 2250 3068 dolore
2293 3004 2538 3086 capitis.
2631 3002 2886 3069 Quibus
2968 2999 2981 3013 ’

690 3130 810 3192 ego
839 3129 945 3171 me
972 3107 1323 3169 rectissime
1346 3126 1682 3169 occurrere
1701 3127 1888 3188 posse
1918 3104 2380 3187 conjectabam,
2403 3104 2458 3168 si
2481 3104 2886 3187 dysenteriae

687 3210 828 3273 loco
867 3209 1059 3271 aliam
1097 3208 1576 3270 evacuationem
1601 3206 2097 3284 substituerem,
2135 3208 2274 3289 ejus
2315 3206 2724 3284 simillimam,
2756 3226 2888 3288 qua

689 3309 1035 3392 praeclusa,
1058 3307 1279 3371 Febris
1310 3308 1537 3371 oborta
1557 3316 1655 3371 est
1665 3335 1684 3385 3
1723 3330 1797 3371 ac
1817 3307 2086 3392 proinde
2107 3308 2412 3371 methodo
2443 3328 2636 3390 supra
2662 3308 2884 3370 lauda-

690 3404 761 3474 ta
790 3409 1058 3473 eandem
1088 3409 1362 3473 restitui.
1452 3410 1672 3492 Atque
1701 3409 1852 3473 huic
1883 3408 2141 3492 quidem
2173 3430 2240 3473 se
2268 3409 2744 3493 promptissime
2773 3408 2882 3473 de-

387 3524 469 3571 Ad
490 3538 622 3570 eom·
693 3511 933 3574 debant
952 3510 1147 3593 hujus
1172 3509 1672 3575 Constitutionis
1693 3510 1951 3575 Febres.
2031 3512 2299 3596 Semper
2328 3511 2502 3574 enim
2531 3510 2719 3574 rebar
2747 3532 2884 3575 non

377 3588 672 3698 ξξζῖἰζζζὲξω
692 3614 980 3676 sufficere
1020 3612 1101 3675 ad
1144 3613 1684 3695 comprobandam
1727 3614 1800 3677 in
1840 3614 2044 3678 acutis
2086 3613 2388 3677 medendi
2429 3614 2768 3691 rationem,
2805 3622 2883 3678 ut

382 3714 665 3825 inethogum
690 3716 959 3779 feliciter
982 3736 1059 3778 ea
1080 3715 1353 3793 cederet,
1392 3716 1564 3797 (cum
1595 3714 1675 3779 ab
1705 3715 2327 3799 imperitissimarum
2357 3716 2884 3779 muliercularum

1 3852 362 3873 W
379 3794 646 3904 2231ssin
688 3818 1053 3881 temeritate
1092 3820 1403 3881 sanentur
1432 3816 1774 3900 nonnulli,)
1819 3818 1932 3882 sed
1969 3819 2209 3902 requiri
2240 3818 2450 3881 adhuc
2488 3825 2564 3882 ut
2594 3816 2880 3897 morbus,

383 3906 653 4018 ῑίξζζίοζξῗδ
688 3919 869 3983 nullo
910 3919 1173 4001 negotio
1208 3919 1432 3997 victus,
1466 3920 1648 4001 quasi
1687 3927 1914 4003 suopte
1945 3921 2135 4002 genio
2173 3920 2360 3983 cedat
2397 3925 2590 4002 atque
2632 3921 2886 3985 abitum

378 3989 493 4095 gpte
522 4034 663 4095 genio
688 4021 964 4097 affectet,
997 4026 1312 4102 quantum
1343 4021 1481 4103 ejus
1509 4020 1636 4084 fert
1666 4028 1918 4084 natura.
2013 4021 2142 4085 Sed
2173 4022 2292 4085 hoc
2323 4020 2586 4085 obitern.

380 4097 528 4145 cedat.
784 4123 947 4205 [11.]
1004 4122 1285 4185 Ineunte
1339 4122 1381 4183 J
1383 4122 1557 4200 unio,
1609 4124 1796 4201 1672,
1841 4124 1940 4185 vir
1986 4123 2422 4187 nobilissimus
2477 4144 2550 4187 ac
2599 4124 2878 4207 pruden-

683 4225 989 4303 tissimus,
1015 4224 1333 4287 Dominus
1366 4224 1596 4287 Comes
1631 4224 2122 4290 Sarisburiensis
2133 4237 2176 4304 ⁰,
2199 4226 2322 4289 hac
2347 4226 2550 4290 Febre
2579 4226 2880 4291 laborans

1009 4380 1030 4401 ¹²
1066 4384 1146 4427 hoc
1166 4379 1334 4442 obiter]
1362 4382 1471 4427 haec
1494 4389 1624 4428 extra
1654 4386 1774 4429 oleas
1797 4382 1869 4429 ed.
1895 4382 1989 4432 ’76-

1006 4448 1027 4471 ⁰
1063 4443 1264 4505 Sarisb.]
1286 4444 1456 4491 Minus
1475 4445 1594 4491 bene
1619 4446 1731 4507 Syd.
1754 4449 1942 4502 Sah'sb.;
1969 4446 2133 4495 cf.-inf.
2157 4462 2202 4494 v.
2227 4448 2271 4493 3.
2298 4447 2341 4493 3.
