3138 5006
722 277 1482 346 OBSERVATIONES
1527 277 1973 346 MEDICAE.
2397 279 2438 343 5

231 442 500 505 viderer.
612 441 904 514 Quamvis
970 448 1274 523 optassem
1337 443 1789 505 lucubrationes
1854 443 2039 506 hasce
2094 459 2265 504 meas
2318 461 2441 505 non
2465 457 2739 508 Ena-rom

231 544 360 606 nisi
403 563 702 606 annorum
733 564 931 624 porro
975 545 1209 626 aliquot
1251 546 1635 626 eiperieritia
1678 551 1897 609 auctas
1937 550 2001 608 et
2043 543 2439 624 confimatas
2464 522 2745 638 ξιξῡῶειζ·

233 647 404 728 typis
431 647 760 728 einclyasse,
791 648 1174 710 contumeliis
1201 653 1402 710 tamen
1435 667 1510 710 ac
1537 649 1753 711 sannis
1776 648 2211 729 procacissimi
2238 648 2437 729 cujus-

231 769 350 833 que
393 749 729 812 ardelionis
774 750 1025 813 tandem
1056 752 1210 832 plus
1252 751 1412 814 satis
1459 751 1823 829 delassatus,
1872 751 2091 814 amicis
2139 770 2209 813 eo
2250 770 2441 832 usque

229 871 466 916 morem
499 853 668 933 ¹qessi
696 852 890 934 <inter
927 873 1079 935 quos
1121 873 1257 916 cum
1299 855 1527 916 honore
1568 855 1720 916 mihi
1759 873 1997 935 semper
2038 853 2445 916 nominandus

231 959 329 1017 est
384 955 822 1035 sagacissimus
869 956 987 1034 vir,
1038 957 1186 1019 Dm
1230 956 1470 1020 Doctor
1525 957 1857 1020 G'ualterus
1914 956 2256 1034 Needbam‚
2311 960 2441 1018 tam

231 1057 524 1120 Medicae
546 1057 746 1136 Artis,
771 1079 954 1140 quam
974 1059 1070 1121 rei
1090 1060 1412 1121 literariae
1434 1059 1619 1122 decus
1638 1065 1699 1122 et
1722 1059 1901 1140 laus,)
1928 1065 1999 1125 ut
2018 1059 2173 1121 mihi
2192 1058 2443 1121 tandem

231 1161 626 1236 consulerem,
673 1180 750 1222 ac
771 1162 1018 1243 justam
1055 1165 1360 1242 pararem
1401 1161 1810 1244 defensionem
1825 1192 1852 1239 ,·
1898 1182 1973 1225 ea
2015 1182 2228 1243 nempe
2254 1159 2443 1242 sacta

219 1263 499 1343 prodens
542 1265 796 1344 scriptis
839 1264 1130 1345 publicis,
1183 1285 1340 1347 quae
1383 1266 1676 1347 ingenuos
1730 1264 1920 1347 (quod
1958 1265 2181 1346 spero,)
2239 1283 2445 1328 omnes

191 1416 210 1427 .
230 1367 389 1428 mihi
424 1372 732 1447 patronos
783 1367 1211 1430 conciliabant.
1317 1368 1607 1431 Caeteros
1656 1369 1821 1450 quod
1866 1369 2110 1445 attinet,
2166 1371 2208 1402 “
2224 1386 2441 1448 eapec-

233 1468 380 1532 tabo
429 1468 714 1531 scilicet”
781 1469 1306 1550 (quemadmodum
1373 1476 1552 1532 acute
1606 1471 1925 1534 Romanus
1980 1469 2439 1550 Philosophus)

235 1576 280 1605 “
295 1576 366 1634 ut
417 1573 740 1654 quicquam
791 1573 1133 1634 calumniae
1181 1573 1267 1634 sit
1315 1592 1583 1650 sam-um,
1636 1574 1735 1635 cui
1784 1591 1895 1636 nec
1939 1573 2217 1636 Rutilius
2264 1591 2443 1634 sacer

211 1672 380 1754 fuit,
425 1693 537 1737 nec
587 1674 742 1736 Cato
759 1674 842 1736 ἕω
929 1675 1186 1758 [Senec.
1234 1677 1334 1738 De
1391 1676 1538 1738 Vita
1588 1677 1811 1754 Beata,
1862 1695 1915 1738 c.
1970 1675 2103 1758 18.]
2205 1674 2279 1737 Si
2335 1675 2443 1756 qui

230 1777 447 1858 itaque
500 1777 910 1857 reperiantur,
963 1797 1112 1859 quos
1156 1798 1320 1858 prae
1377 1780 1762 1840 immanitate
1811 1777 2081 1861 quadam
2130 1795 2209 1840 ac
2265 1797 2445 1858 aspe-

232 1879 432 1944 ritate
496 1884 760 1941 naturae
826 1880 1206 1942 convitiandi
1263 1879 1455 1942 libido
1524 1879 1729 1942 adhuc
1794 1880 2131 1958 incesserit,
2200 1884 2445 1943 rectene

235 2001 324 2044 an
372 2001 544 2044 secus
591 1982 947 2063 scripserim
992 1982 1166 2045 baud
1206 1983 1603 2046 aestimantes
1648 2001 1845 2064 aequa
1893 1983 2086 2061 lance,
2136 1983 2243 2064 qui
2289 1983 2443 2046 vitio

234 2085 456 2147 statim
502 2088 767 2159 vertunt,
819 2085 878 2146 si
920 2086 1060 2166 quis
1103 2085 1246 2148 novi
1297 2085 1556 2167 aliquid,
1608 2084 1689 2147 ab
1736 2085 1868 2147 illis
1916 2104 2039 2147 non
2074 2085 2265 2166 prius
2312 2085 2443 2148 dic-

235 2193 388 2264 tuvn,
442 2187 540 2249 vel
597 2188 786 2250 etiam
844 2187 1211 2265 inauditum,
1263 2188 1334 2249 in
1381 2187 1649 2251 medium
1700 2185 2031 2268 proserat,·
2098 2187 2449 2269 th‘usmodi

235 2309 350 2370 eqo
395 2290 667 2352 homines
716 2309 908 2371 aequo
957 2310 1053 2352 me
1104 2291 1309 2354 animo
1357 2291 1628 2354 laturum
1671 2309 1850 2371 spero
1874 2316 1895 2352 .-
1945 2293 2109 2352 certe
2152 2290 2445 2354 convitio-

234 2412 380 2456 rum
424 2411 666 2455 serram
713 2393 1068 2474 neutiquam
1111 2393 1526 2474 reciprocabo.
1616 2393 1789 2456 Illud
1835 2398 2075 2456 tantum
2125 2413 2444 2475 osmonam,

141 2546 146 2549 .
234 2496 375 2561 viro
423 2495 776 2559 Christiano
819 2516 968 2559 sane
997 2496 1391 2579 perdiynum,
1433 2496 1600 2579 quod
1638 2497 1785 2560 olim
1829 2495 2004 2560 Titus
2048 2496 2299 2561 Tacitus
2341 2495 2445 2560 ob-

239 2599 537 2661 trectanti
571 2598 830 2661 Metello
868 2600 1127 2680 reyessit
1149 2622 1168 2661 .-
1220 2603 1262 2633 “
1277 2600 1488 2662 Facile
1525 2604 1619 2661 est
1656 2600 1725 2662 in
1767 2619 1862 2662 me
1897 2598 2119 2675 dicere,
2150 2618 2287 2661 cum
2323 2618 2447 2661 non

235 2704 358 2763 sim
385 2721 783 2782 responsurus
802 2728 820 2763 :
870 2707 937 2765 tu
965 2702 1245 2765 didicisti
1271 2702 1679 2775 maledicere,·
1724 2722 1853 2783 eqo,
1878 2702 2249 2764 conscientia
2272 2705 2443 2779 teste,

241 2803 440 2867 didici
465 2804 796 2867 maledicta
825 2810 1221 2867 contemnere.
1311 2805 1387 2867 Si
1416 2811 1484 2867 tu
1511 2805 1757 2886 linquae
1785 2810 1929 2866 tuae
1958 2803 2233 2865 dominus
2260 2822 2343 2881 es,
2373 2808 2445 2865 ut

241 2907 536 2987 quicquid
573 2906 738 2991 lubet
778 2906 1064 2988 effittias;
1113 2926 1223 2989 eqo
1267 2908 1512 2970 aurium
1553 2927 1828 2970 mearum
1867 2926 2003 2969 sum
2047 2906 2343 2983 dominus,
2374 2911 2447 2967 ut

239 3010 538 3091 quicquid
591 3010 898 3073 obvenerit
963 3010 1226 3073 audiant
1281 3010 1618 3092 inoffensae
1628 3010 1719 3073 εἶ’
1806 3010 2015 3091 Atque
2072 3010 2224 3071 baec
2279 3014 2441 3087 sunt,

239 3132 500 3195 quorum
541 3114 740 3175 victus
769 3114 1046 3193 pondere
1072 3113 1333 3176 Librum
1370 3116 1531 3177 bunc
1576 3115 1707 3177 luce
1747 3113 2097 3177 donandum
2140 3132 2269 3175 esse
2310 3132 2444 3175 sen-

238 3216 488 3278 tiebam.

336 3318 476 3381 Tibi
524 3339 687 3397 vero,
746 3319 1119 3382 C'Izarissime
1180 3321 1308 3397 Vir,
1369 3320 1623 3383 eundem
1677 3319 2027 3382 dedicatum
2074 3319 2257 3395 volui,
2318 3323 2447 3380 tum

239 3420 320 3483 ob
367 3426 662 3498 mutuam,
709 3441 830 3502 qua
888 3442 1000 3483 nos
1047 3423 1306 3484 invicmn
1357 3423 1827 3502 complectimur,
1882 3421 2223 3483 amicitiam
2274 3419 2445 3482 bene-

238 3524 723 3605 volentiamque;
771 3530 900 3587 tum
928 3524 1118 3587 etiam
1153 3525 1300 3606 quia
1333 3544 1505 3587 nemo
1542 3525 1624 3586 Te
1662 3524 1879 3587 melius
1898 3522 2195 3604 judicare
2220 3522 2445 3598 valeat,

239 3628 301 3689 si
329 3646 446 3709 quo
485 3628 554 3689 in
581 3628 712 3690 loco
752 3633 861 3690 aut
891 3629 1102 3708 pretio
1141 3627 1456 3690 habendae
1493 3628 1623 3689 sint
1665 3646 1819 3708 quas
1856 3627 1959 3688 bic
1998 3625 2179 3688 trado
2210 3623 2447 3687 Obser-

240 3729 569 3807 vationes5,
615 3749 752 3793 cum
805 3750 929 3811 per
991 3732 1390 3811 septennium,
1456 3729 1622 3811 quod
1665 3728 1810 3810 jam
1872 3729 2087 3791 ultimo
2145 3728 2443 3804 eoecurrit,

227 3834 425 3914 plura
452 3853 487 3895 e
508 3834 868 3915 praecipuis
904 3839 1087 3915 atque
1125 3833 1581 3915 insignioribus,
1614 3852 1771 3914 quae
1805 3835 2121 3913 sequentes
2159 3829 2447 3893 eoelzibent

227 3939 538 4019 pagellae,
606 3938 756 4000 Tute
813 3939 1002 4001 etiam
1067 3938 1256 3999 oculis
1323 3937 1736 4018 usurpaveris.
1842 3933 1949 3997 Uti
2004 3952 2147 3996 vero
2214 3954 2289 3995 ea
2352 3934 2445 3995 Tu

241 4060 308 4103 es
335 4060 572 4103 morum
609 4041 968 4122 intem-itate
991 4039 1424 4122 probitateque
1461 4040 1801 4115 notissima,
1831 4044 1901 4101 ut
1929 4037 2147 4118 reliqio
2184 4036 2323 4098 Tibi
2359 4037 2445 4099 sit

225 4143 408 4225 fictis
452 4143 965 4207 insinuationibus
1012 4144 1170 4205 alios
1217 4144 1286 4205 in
1330 4162 1602 4205 errorem
1633 4143 1945 4223 pellicere,
2000 4140 2289 4222 (maxime
2336 4138 2444 4199 ubi

241 4247 319 4310 de
363 4250 531 4310 corio
575 4247 836 4309 humano
875 4247 1128 4328 agitur)
1177 4246 1271 4309 ita
1319 4267 1392 4308 ea
1434 4246 1623 4307 etiam
1655 4246 1857 4326 polles
1906 4242 2215 4323 sapientia
2259 4245 2443 4321 atque

305 4418 436 4466 ‘Lo
407 4434 554 4466 ocum
576 4419 794 4539 :ipuds
771 4419 1026 4480 scriptores
1072 4419 1272 4481 antiquo
1273 4435 1298 4467 s
1503 4419 1670 4467 mest
1670 4426 1759 4466 ar.t
1792 4420 1850 4465 V
1852 4424 1884 4464 t
1909 4416 1989 4464 Hu
1990 4432 2048 4463 m.
2084 4412 2270 4475 (Lugd.
2298 4412 2438 4461 1666.

240 4498 338 4532 non
393 4482 560 4531 iinven
656 4484 1296 4547 MiltamnBMlenk
1385 4436 1987 4544 fo.l)tom.vi....p60H
