3138 5006
716 290 1318 357 DISSERTATIO
1364 282 1979 361 EPIsToLARIS.
2223 281 2225 284 ’
2313 277 2439 359 361

232 449 462 513 diebus
492 450 737 533 aliquot
765 452 995 536 elapsis
1019 453 1353 539 sequentia
1380 453 1740 539 adjiciebat,
1761 454 1844 519 ad
1865 454 2144 519 eundem
2174 477 2438 540 scopum
2465 466 2549 516 Da
2571 467 2743 518 Vm-

231 550 629 615 collimantia
647 577 754 616 2-
1042 548 1055 562 “
2462 545 2581 579 ‘'¹⁴¹‘'
2603 534 2744 582 ‘³⁰⁸‘

2495 610 2721 647 numu·-

232 707 436 770 [Form.
462 711 579 776 70.]
650 708 715 789 R
755 713 1051 769 Conservae
1076 716 1336 771 Rosarum
1362 716 1666 773 Rubi-arum
1688 735 1785 789 per
1807 727 2077 773 setaceum
2102 718 2354 789 trajectae
2379 727 2435 773 et

828 799 1140 855 Viti-iolatae
1164 803 1348 858 uncias
1374 811 1620 873 quatuor,

758 884 999 939 Balsami
1025 886 1282 941 Locatelli
1308 888 1495 941 uncias
1518 887 1670 953 duas,

761 970 883 1025 Boli
906 972 1188 1038 Armenae,

756 1056 1049 1127 Sanguinis
1074 1058 1351 1125 Draconis,

758 1140 966 1212 Speciei
990 1143 1279 1199 Electuarii
1306 1146 1633 1211 Diacorallii,
1657 1163 1764 1201 ana
1785 1145 2092 1201 drachmam
2121 1164 2303 1209 unam,

761 1227 953 1299 Syrupi
978 1246 1009 1283 e
1034 1230 1281 1285 Coralliis
1305 1233 1657 1301 quantitatem
1683 1232 2026 1287 sufficientem

514 1321 577 1367 ut
612 1313 707 1369 fiat
736 1314 1095 1381 electuarium,
1129 1315 1196 1369 de
1229 1334 1334 1387 quo
1360 1318 1538 1387 capiat
1568 1318 1922 1387 quantitatem
1956 1318 2108 1370 nucis
2131 1318 2432 1371 moechatae

511 1401 594 1454 bis
620 1401 687 1455 de
709 1401 811 1466 die,
836 1402 1218 1473 superbibendo
1242 1403 1489 1457 haustum
1516 1404 1820 1457 emulsionis
1843 1405 2110 1474 sequentis
2123 1426 2210 1457 :—

231 1540 437 1602 [Form.
459 1540 612 1605 71.]⁴
660 1541 723 1622 R
764 1544 1039 1601 Seminum
1064 1547 1347 1615 Lactucae,

760 1631 1089 1701 [Seminum]
1119 1634 1447 1700 Portulacae,
1471 1652 1579 1689 ana
1601 1634 1880 1691 diachmas
1902 1643 2026 1699 treS,

758 1716 1091 1785 [Seminum]
1117 1719 1476 1791 Cydoniorum
1500 1721 2000 1791 sesquidrachmam‚

760 1802 1095 1875 [Seminum]
1124 1804 1409 1876 Papaveris
1431 1806 1555 1859 Albi
1580 1806 1924 1870 semunciam,

763 1890 1090 1961 Amygdalas
1116 1892 1312 1945 Dulces
1336 1892 1686 1947 excorticatas
1709 1892 1972 1962 quinque3

514 1974 925 2031 Contuudantur
946 1978 1003 2031 in
1025 1978 1275 2032 mortario
1298 1994 1610 2043 marmoreo,
1634 1977 1830 2031 sensim
1853 1976 2179 2031 affundendo

756 2062 943 2132 Aquae
967 2063 1303 2135 Plantaginis
1324 2064 1485 2119 libras
1508 2064 1658 2129 duas,

755 2149 944 2219 Aquae
968 2150 1307 2204 Cinnamomi
1333 2150 1644 2205 Hordeatae
1666 2150 1852 2205 uncias
1875 2149 2040 2213 duas;

511 2232 777 2288 celaturae
800 2233 935 2289 adde
959 2235 1193 2289 sacchari
1217 2236 1572 2306 quantitatem
1600 2235 1963 2289 sufficientem.

320 2380 363 2411 “
384 2372 507 2439 His
547 2376 844 2443 remediis
888 2379 1165 2461 (favente
1202 2380 1549 2465 Nummi)
1597 2401 1788 2465 aeger
1827 2380 2003 2447 intra
2045 2381 2432 2465 septimanas

226 2484 362 2542 tres
391 2500 432 2543 a
456 2477 637 2545 febre
664 2487 731 2546 et
758 2481 1091 2572 horrendis
1119 2482 1245 2546 ilh's
1275 2503 1438 2566 quae
1464 2482 1959 2548 memoravimus
1988 2485 2435 2568 symptomatis

230 2579 552 2660 liberatus,
596 2583 905 2666 petechiis
952 2585 1225 2664 abolitis,
1271 2593 1463 2669 atque
1504 2587 1693 2650 urina
1732 2592 1878 2650 tum
1921 2586 2199 2651 colorem
2240 2596 2434 2655 natu·

229 2682 433 2745 ralem
482 2691 626 2747 tum
675 2686 1159 2750 consistentiam
1200 2687 1568 2769 recipiente,
1609 2686 1919 2770 paulatim
1963 2686 2048 2752 ad
2091 2688 2433 2753 sanitatem

228 2790 299 2870 et
321 2785 487 2850 vires
514 2787 817 2870 pristinas
844 2787 1099 2852 rediit.''
1184 2799 1191 2804 '

324 2886 493 2972 [55]
536 2887 843 2956 Quamvis
872 2896 1089 2954 autem
1118 2895 1551 2973 symptomata
1577 2887 1703 2953 ista
1723 2888 1861 2973 jam
1892 2889 2063 2953 dicta
2089 2890 2254 2954 febri
2281 2911 2432 2956 con-

228 2988 450 3055 tinuae
477 2998 929 3070 accrescerent,
952 3011 1087 3056 non
1108 3012 1257 3055 vero
1284 2991 1377 3054 illi
1406 2989 1632 3056 morbo
1662 2990 1742 3054 de
1771 3011 1900 3073 quo
1927 3011 2046 3054 nos
2077 3013 2270 3076 supra
2299 2993 2430 3075 egi-

228 3115 409 3159 mus:
454 3115 607 3160 cum
633 3103 875 3174 tamen,
909 3093 1155 3180 quoties
1191 3091 1574 3158 utrumlibet
1613 3113 1691 3156 ea
1727 3092 2140 3172 comitantur,
2172 3115 2214 3158 a
2239 3093 2428 3158 vehe-
2453 3111 2552 3160 Par
2573 3129 2678 3163 me-

228 3198 435 3274 menti
476 3198 981 3263 inflammatione
1024 3203 1091 3262 et
1134 3195 1467 3278 sanguinis
1507 3194 1710 3260 nimia
1751 3196 2214 3276 attenuatione,
2251 3196 2426 3261 unde
2451 3177 2710 3292 ἒξξξυξ

228 3300 485 3384 sanguis
527 3321 643 3385 per
684 3300 900 3364 oscula
935 3319 1232 3364 vasorum
1266 3296 1448 3381 quasi
1484 3297 1548 3360 vi
1587 3296 1881 3381 exig-itur,
1923 3318 2176 3382 semper
2209 3305 2425 3363 ortum
2449 3306 2656 3428 paritate

228 3401 505 3481 ducant3
548 3403 766 3468 nullus
794 3401 1022 3467 dubito
1050 3401 1209 3485 quin
1244 3421 1362 3484 par
1387 3399 1730 3464 methodus
1766 3400 1838 3463 in
1864 3406 2051 3464 tanta
2088 3419 2425 3466 causarum
2447 3377 2736 3483 ςὲτῗΐὲζ

226 3505 498 3588 paritate
534 3505 798 3570 omnino
840 3505 925 3569 sit
962 3502 1345 3582 adhibenda,
1386 3509 1702 3586 quantum
1741 3501 1979 3568 scilicet
2021 3502 2147 3568 fert
2185 3504 2424 3568 utrius·
2449 3500 2720 3574 q⁰0,¹¹¹0²¹’⁵

228 3629 354 3691 que
395 3607 605 3672 morbi
648 3607 891 3692 genius.
982 3605 1419 3672 Quamobrem
1454 3604 1692 3669 Virum
1736 3604 2075 3688 Optimum
2116 3605 2424 3689 rogabam
2447 3563 2676 3675 ffiffii).

226 3715 303 3775 ut
344 3709 507 3774 mihi
543 3730 659 3792 per
698 3708 882 3773 illum
918 3706 1137 3772 liceret
1176 3707 1347 3772 hanc
1385 3707 1521 3790 ejus
1564 3705 1964 3770 curationem
2004 3707 2112 3770 hic
2151 3706 2423 3772 subnec-
2449 3695 2543 3740 ω’·
2657 3739 2668 3748 ·

227 3816 384 3875 tere.
475 3810 691 3875 Quam
742 3810 1001 3895 quidem
1059 3809 1111 3874 si
1162 3809 1304 3894 quis
1352 3808 1455 3875 vel
1509 3807 1672 3872 mihi
1726 3807 2192 3872 infensissimus
2248 3810 2422 3890 (cum

226 3919 470 3992 tamen,
502 3911 741 3977 alienos
779 3933 987 3976 mores
1026 3933 1063 3976 e
1095 3912 1363 3994 propriis
1402 3909 1768 3990 aestimans,
1797 3910 2051 3974 nullum
2086 3909 2422 3975 inimicum

224 4015 466 4081 habere
508 4015 800 4100 sperem,)
834 4014 1256 4098 praestiterat,
1300 4021 1541 4092 tamen,
1568 4011 1837 4078 veritate
1879 4010 2106 4088 victus,
2135 4009 2422 4094 praecla-

222 4118 542 4188 rissimam
572 4139 715 4183 eam
741 4117 940 4186 fuisse
978 4117 1265 4182 omnium
1310 4137 1468 4202 quas
1497 4136 1788 4201 unquam
1809 4114 1960 4178 novi
1985 4111 2416 4190 curationum,

225 4222 455 4287 lubens
484 4222 756 4300 faterer3
803 4242 1004 4306 quum
1041 4218 1292 4304 jamdiu
1330 4226 1728 4303 compertum
1770 4217 2064 4294 habeam,
2096 4235 2290 4299 quam
2335 4215 2436 4278 sit.

222 4323 418 4389 fatale
455 4323 967 4390 febricitantibus
1011 4322 1393 4408 sanguinem
1432 4343 1582 4388 cum
1624 4320 1814 4386 urina
1855 4339 2228 4385 excernere:
2273 4337 2422 4382 cum

1122 4449 1145 4482 ¹
1181 4450 1257 4498 cr.
1280 4449 1420 4498 som.
1454 4449 1533 4502 67.

1265 4531 1382 4598 ΒΑ
