3138 5006
688 290 823 353 280
1308 286 1702 353 'I'HOMAE
1751 284 2268 353 SYDENHAM

384 474 470 525 Du
484 474 663 524 Mon.
690 450 841 535 (nisi
878 451 1019 536 quis
1062 458 1417 536 postremas
1446 452 1564 516 has
1599 452 1886 533 Duplices
1923 452 2250 514 Tertiam
2285 450 2473 513 malit
2514 449 2840 534 appellare
2849 450 2894 533 ς)

410 541 641 589 Emona.
684 562 753 621 et
802 556 1063 639 pariter,
1110 554 1303 639 quod,
1350 555 1502 620 licet
1552 555 1895 619 Tertianae
1941 553 2503 637 Quotidianaeque
2547 554 2898 637 aliquando

380 605 667 763 ἐῧριῗῖζί,
686 689 836 733 cum
882 667 1093 752 rigore
1144 674 1336 751 atque
1380 667 1644 731 horrore
1686 665 2082 744 invadentes,
2131 665 2564 748 subsequente
2607 666 2894 749 primum

381 778 581 835 dianam
616 784 664 827 et
686 770 915 849 calore,
963 792 1116 835 mox
1166 770 1363 834 etiam
1407 768 1662 847 sudore,
1715 766 1982 834 tandem
2030 769 2102 831 in
2161 768 2533 833 omnimoda
2583 768 2899 857 ἀπυρεξίᾳ

378 843 662 958 ,ζοῗῖγξὶζῇ
686 874 1077 953 desinerent,
1138 879 1331 957 atque
1388 880 1535 956 post
1603 880 1842 937 statam
1899 871 2236 956 periodum
2303 892 2528 955 aegros
2588 871 2670 937 de
2729 893 2896 937 novo

383 988 635 1037 Cardiacis
684 976 1105 1053 lacesserent3
1172 996 1257 1039 ne
1304 975 1482 1039 hunc
1543 974 1805 1058 quidem
1849 976 1989 1059 jam
2039 994 2286 1038 morem
2334 973 2677 1039 servabant
2721 974 2898 1039 ultra

378 1053 644 1166 ζζῗξιίξέἷ
686 1078 953 1143 tertium
1026 1084 1407 1163 quartumve
1465 1099 1958 1163 paroxysmum3
2025 1078 2305 1141 maxime
2365 1076 2420 1140 si
2477 1097 2672 1161 aeger
2725 1077 2896 1143 lecto

376 1182 659 1295 :gre‘i’nflsse'
684 1180 1107 1259 addiceretur,
1140 1189 1206 1246 et
1245 1181 1592 1264 assumptis
1630 1180 1936 1245 cardiacis
1967 1178 2378 1244 calidioribus
2421 1181 2614 1243 oleum
2653 1182 2895 1245 camino

377 1310 477 1359 lem
498 1327 640 1361 suam
688 1284 884 1368 (quod
926 1282 1154 1366 aiunt,)
1196 1284 1511 1347 addiderit
1530 1283 1563 1349 ¹.
1655 1284 1892 1348 Postea
1930 1300 2080 1347 vero
2110 1281 2333 1346 Febris
2371 1282 2533 1346 haec
2575 1303 2654 1346 eo
2687 1304 2896 1367 usque

362 1368 663 1499 {ssfss‘ffigo
682 1388 879 1451 etiam
921 1394 1176 1471 praeter
1202 1387 1489 1451 indolem
1519 1408 1705 1451 suam
1735 1383 2248 1462 incrudescebat,
2267 1391 2344 1448 ut
2385 1384 2895 1451 Intermissionis

379 1507 571 1555 cerebro
682 1490 824 1555 loco
854 1490 1325 1555 Remissionem
1365 1496 1628 1554 tautum
1659 1510 1854 1572 aegro
1883 1488 2263 1554 concederet
2286 1514 2305 1565 3
2351 1495 2417 1552 et
2445 1488 2655 1572 magis
2683 1488 2896 1554 indies

376 1568 663 1698 ξζξξὲζζω
684 1593 767 1657 ad
786 1594 1261 1659 Continuarum
1284 1592 1563 1678 speciem
1583 1592 1911 1673 accedens,
1937 1598 2112 1657 tacto
2131 1592 2395 1657 cerebro
2418 1592 2687 1656 tandem
2715 1592 2898 1657 haud

380 1698 577 1749 bantur·
680 1718 917 1781 paucos
948 1698 1357 1781 extingueret
1374 1694 1428 1762 k.

376 1779 439 1827 In
462 1782 648 1831 Tertia-
778 1800 941 1885 [13.]
998 1801 1419 1865 Curationem
1463 1800 1636 1885 quod
1681 1807 1947 1885 spectat,
1972 1802 2110 1884 jam
2151 1822 2190 1865 a
2231 1800 2455 1866 multis
2495 1800 2685 1865 annis
2729 1800 2894 1865 mihi

373 1847 661 1960 ῗιῖὶίξιὲυο.
678 1904 969 1969 innotuit
1000 1926 1193 1987 quam
1216 1905 1301 1969 sit
1330 1904 1762 1989 periculosum
1783 1924 1927 1968 eam
1949 1904 2020 1967 in
2041 1902 2360 1967 Tertianis
2385 1910 2450 1968 et
2475 1902 2893 1969 Quotidianis

374 1978 629 2091 ξῗοζιζᾱζ]
681 2010 891 2093 (quae,
928 2031 1078 2073 cum
1107 2016 1399 2074 recentes
1440 2008 1573 2072 sint
1613 2008 1996 2092 nullumque
2035 2016 2266 2092 typum
2294 2007 2584 2087 indutae,
2611 2008 2686 2071 in
2717 2008 2892 2073 Con-

371 2106 607 2218 Ξξῑιῗὲθω
676 2113 1003 2177 tinuitatis
1024 2112 1258 2177 vicinia
1287 2112 1497 2177 adhuc
1526 2113 1841 2195 haerent,)
1868 2134 1984 2197 per
2007 2111 2346 2176 sudorifica
2366 2112 2576 2175 moliri
2601 2136 2614 2175 τ
2662 2132 2890 2196 quam-

368 2188 638 2285 riculoflgg
680 2214 773 2277 vis
804 2214 978 2278 euim
1016 2214 1429 2277 notissimum
1474 2214 1559 2277 sit
1591 2214 1785 2277 simul
1824 2235 1973 2278 cum
2019 2212 2251 2277 sudore
2289 2219 2752 2298 prorumpente
2786 2212 2890 2276 in-

373 2306 469 2355 ⁶⁸²³
678 2314 1126 2401 quietudinem
1180 2322 1373 2398 atque
1426 2315 1552 2381 alia
1603 2323 2038 2401 symptomata
2095 2317 2317 2381 statim
2369 2336 2766 2394 evanescere,
2819 2324 2891 2381 et

672 2414 1027 2503 ιίπυρεξίαν
1070 2417 1428 2497 succedere,
1477 2423 1545 2482 et
1586 2439 1665 2483 ex
1705 2420 2127 2502 consequenti
2167 2418 2321 2483 huic
2363 2418 2702 2503 paululum
2751 2432 2888 2484 esse

672 2519 1168 2605 indulgendum,
1200 2521 1428 2586 saltem
1468 2543 1605 2586 non
1635 2543 1773 2586 esse
1817 2522 2262 2587 obsistendum
2305 2543 2692 2606 paroxysmo
2733 2522 2886 2586 fati-

672 2631 934 2703 scente3
984 2631 1206 2689 tamen
1245 2630 1345 2690 est
1392 2626 1997 2709 compertissimum,
2030 2625 2222 2710 quod,
2265 2625 2321 2690 si
2359 2626 2537 2710 justo
2567 2626 2888 2710 copiosius

368 2739 437 2788 ita
458 2741 589 2790 enim
672 2728 969 2792 eliciatur
1012 2728 1228 2808 sudor,
1266 2750 1430 2812 quae
1467 2729 1948 2794 intermittebat
1989 2729 2213 2793 Febris
2250 2730 2389 2814 jam
2421 2730 2497 2792 fit
2527 2728 2883 2809 continua,

366 2807 654 2920 fflssfeffitff‘
672 2853 1009 2917 aegerque,
1062 2839 1375 2917 tanquam
1422 2833 1670 2897 incerto
1719 2831 1896 2896 aleae
1947 2852 2120 2910 casu,
2173 2831 2245 2895 in
2290 2830 2460 2896 vitae
2512 2831 2884 2897 discrimine

367 2934 539 3048 gebriss
562 2937 617 2985 fit
672 2929 1002 3014 versatur3
1046 2935 1154 3001 hic
1198 2941 1505 3013 servatur,
1536 2935 1705 3019 perit
1744 2935 1872 2999 ille.
1966 2935 2160 2999 Ratio
2201 2940 2298 2998 est
2327 2934 2505 3013 haec,
2545 2933 2693 3018 (nisi
2737 2957 2884 3000 mea

366 3009 641 3148 Αἰὲῗζζδ
671 3057 777 3103 me
805 3039 973 3103 fallit
1012 3039 1424 3123 conjectura,)
1460 3037 1634 3121 quod
1663 3037 1906 3101 scilicet
1945 3034 2310 3101 istiusmodi
2337 3037 2636 3120 profusus
2665 3037 2880 3116 sudor,

364 3149 596 3211 ejusdem.
671 3162 822 3206 cum
865 3141 1171 3205 materiae
1200 3141 1463 3219 febrilis,
1494 3140 1859 3224 paroxysmi
1895 3140 2104 3205 calore
2144 3159 2220 3203 eo
2259 3160 2467 3226 usque
2509 3145 2766 3206 evectae
2806 3147 2882 3206 ut

663 3243 802 3327 jam
828 3264 945 3327 per
978 3242 1535 3326 despumationem
1583 3242 1729 3327 ejici
1757 3243 1976 3325 possit,
2007 3241 2276 3306 modum
2305 3249 2632 3327 exuperet,
2667 3250 2879 3307 exter-

668 3344 919 3409 minata
946 3365 1023 3408 ea
1050 3351 1235 3428 parte
1265 3365 1427 3428 quae
1466 3345 1662 3410 unico
1691 3366 2070 3430 paroxysmo
2110 3345 2475 3428 respondet,
2513 3345 2594 3408 de
2631 3346 2880 3430 reliquo

364 3493 553 3540 Venae-
670 3447 975 3530 sanguini
1002 3441 1409 3513 incendendo
1445 3447 1866 3532 impenditur.
1959 3449 2178 3533 Hujus
2207 3449 2428 3532 itaque
2457 3445 2749 3513 methodi
2778 3449 2880 3512 in-

364 3558 512 3606 sectio
533 3565 582 3607 et
669 3549 1034 3630 efficaciam,
1086 3558 1154 3617 et
1212 3551 1486 3616 aliarum
1538 3551 2032 3618 evacuationum
2082 3552 2656 3637 (venae-sectionis,
2697 3551 2878 3617 verbi

731 3717 744 3750 ¹
778 3721 809 3749 “
834 3720 1013 3768 Oleum
1068 3719 1192 3769 adde
1235 3721 1476 3780 camino,”
1527 3723 1724 3784 (Horat.
1802 3725 1890 3786 jus
1911 3731 2032 3772 certe
2055 3727 2178 3774 acies
2195 3728 2329 3786 prim
2345 3732 2413 3772 est
2435 3727 2720 3772 retundenda
2739 3741 2876 3787 quam

669 3788 767 3834 Sat.
788 3786 837 3834 ii.
860 3787 904 3833 3.
930 3785 1065 3848 321.)
1092 3786 1123 3832 i.
1150 3802 1190 3835 e.
1215 3789 1334 3834 malo
1344 3785 1616 3848 fomentum,
1631 3791 1724 3836 vel·
1819 3791 2069 3836 Continuae
2085 3791 2328 3850 epidemice
2346 3792 2559 3851 grassari
2577 3786 2731 3849 fuerit
2753 3793 2874 3837 inte-

666 3859 720 3898 ut
742 3852 1019 3927 alimpniam,
1050 3853 1361 3913 suppeditare.
1429 3851 1505 3901 cf.
1530 3852 1730 3902 Erasmi
1811 3869 1962 3916 mm.
1999 3855 2182 3901 Etenim
2197 3857 2246 3900 in
2259 3857 2345 3901 hac
2369 3855 2588 3902 Febrium
2599 3857 2750 3914 specie
2765 3855 2872 3902 Na·

668 3917 950 4030 AdssgAdd}
966 3917 1042 4028 egl..
1074 3981 1157 4027 ’80
1200 3993 1325 4042 quae
1358 3987 1632 4042 sequuntur
1649 3998 1730 4028 :-—
1816 3915 2717 4045 zrge'pelzsezzitgsjssstzugffismffsssszt
2725 3935 2870 4030 2¹55?-

668 4045 766 4093 Ht‘c
787 4053 938 4094 autem
959 4047 1047 4092 loct·
1066 4047 1293 4105 affirmare
1316 4047 1441 4101 libet,
1460 4061 1530 4093 me
1546 4062 1602 4094 ne
1625 4049 1729 4093 ωτι·-
1817 4049 1918 4094 riae
1959 4049 2213 4106 mrbfflcae
2255 4048 2548 4109 subigendae,
2587 4063 2690 4094 mox
2733 4051 2873 4096 etiam

670 4125 769 4157 cam
782 4112 962 4171 quidem
980 4109 1169 4157 Febrem
1182 4125 1269 4170 per
1284 4112 1363 4157 hos
1376 4113 1475 4157 dies
1486 4127 1590 4157 vere
1609 4112 1726 4158 Con-
1816 4113 2163 4171 dememondae,
2201 4113 2359 4159 debita
2394 4127 2666 4172 percurrere
2682 4130 2698 4159 .·
2753 4109 2874 4174 quod

669 4177 846 4222 cinnam
866 4177 1033 4221 vidisse
1056 4190 1267 4235 unquam,
1284 4177 1376 4221 nisi
1384 4172 1515 4234 sorte
1538 4191 1590 4222 re
1610 4177 1728 4222 male
1813 4179 1863 4222 in
1889 4176 2200 4236 Depreratorn'a
2221 4191 2350 4222 secus
2378 4179 2565 4233 accidit,
2591 4177 2638 4222 in
2669 4192 2760 4236 qua
2785 4193 2872 4223 ηοω

664 4249 801 4300 gesta
822 4242 871 4286 in
888 4255 1043 4285 earum
1068 4239 1255 4285 classem
1264 4235 1419 4298 fuerit
1440 4246 1594 4286 evecta
1609 4257 1626 4292 ‚-
1656 4241 1729 4286 vel
1813 4243 1905 4286 nisi
1920 4248 2024 4300 post
2057 4243 2156 4288 dies
2189 4243 2404 4288 tredecim
2436 4243 2508 4288 vel
2532 4241 2872 4302 quatuordecim

668 4317 761 4348 una
816 4309 935 4349 esset
980 4301 1409 4349 Inter-currentium
1456 4305 1569 4350 mihi
1623 4305 1724 4350 dic·
1812 4312 2036 4366 apparent
2057 4308 2193 4367 signa
2225 4308 2444 4352 materiae
2463 4303 2656 4365 febrilis
2690 4307 2869 4352 tandem

670 4373 835 4422 tarum,
859 4367 983 4428 quod
1000 4368 1177 4414 scilicet
1200 4369 1318 4413 omni
1328 4364 1437 4427 fere
1453 4383 1573 4413 anno
1593 4369 1722 4416 iuva·
1813 4376 2062 4426 concoctae,
2082 4386 2169 4430 per
2187 4372 2374 4417 sudores
2393 4371 2599 4428 subinde,
2623 4372 2694 4416 vel
2715 4373 2870 4430 potius

668 4432 839 4477 dev-ent.
898 4433 976 4477 Ita
994 4433 1297 4490 pertinaciter
1318 4433 1429 4478 haec
1453 4432 1726 4480 Constitutio
1805 4449 1894 4493 per
1926 4431 2151 4491 διαπνοήν
2177 4437 2320 4496 paulo
2344 4436 2611 4496 pleniorem,
2629 4436 2869 4482 eliminan-

666 4493 926 4554 hujusmodi
948 4495 1364 4543 Intermittentibm
1379 4493 1578 4556 favebat
1591 4515 1609 4550 ,-
1643 4514 1724 4545 στι-
1813 4500 1914 4548 dae.
