3138 5006
724 281 852 344 522
1345 271 1738 338 THOMAE
1787 269 2304 336 SYDENHAM

416 457 695 508 Deme-ru
725 437 1038 524 sanguine
1065 435 1437 520 permistam
1463 460 1481 512 3
1525 433 1716 516 idque
1743 433 1935 498 toties
1973 432 2135 496 mihi
2172 453 2294 495 usu
2319 431 2516 510 venit,
2547 427 2799 515 quoties
2823 429 2914 492 vel

440 525 671 572 Sauum-

450 601 555 634 uuo
578 587 667 634 &a

432 1266 619 1316 Mictus

429 1330 693 1394 Sanguinei

429 1411 459 1444 a
481 1394 686 1444 Calculo

433 1459 653 1508 Renibus

428 1525 641 1586 impacto

430 1588 629 1636 curatio.

724 542 1005 606 multum
1026 537 1272 603 itineris
1293 537 1563 622 pedibus
1585 537 1984 612 conficerem,
2005 533 2109 598 vel
2127 533 2200 597 in
2221 555 2414 598 curru
2433 554 2550 617 per
2569 532 2918 616 platearum

725 644 1093 728 pavimenta
1106 641 1385 716 veherer,
1412 636 1886 720 quantumlibet
1913 637 2093 700 lento
2123 655 2435 718 equorum
2457 653 2727 749 ‘gi-essu,
2713 659 2728 673 ·
2760 631 2921 715 quod

728 746 888 810 mihi
916 752 1137 808 tamen
1165 763 1299 805 non
1328 738 1672 817 accidebat,
1703 739 1952 822 quoties
1987 759 2104 821 per
2139 738 2310 800 viam
2337 736 2585 820 regiam
2611 734 2924 819 lapidibus

730 869 863 913 non
916 853 1205 923 stratam,
1252 843 1401 906 licet
1451 862 1648 925 quam
1694 839 2084 923 longissime,
2144 861 2339 902 curru
2394 846 2700 903 vectaret.
2801 835 2917 920 [3.]

734 951 943 1014 Urina
986 969 1182 1032 quam
1240 953 1395 1010 tunc
1451 943 1891 1022 excernebam,
1949 943 2210 1007 tametsi
2265 942 2542 1008 terribili
2599 941 2930 1022 sanguinis

731 1060 993 1118 tantum
1021 1072 1157 1116 non
1186 1047 1415 1114 sinceri
1438 1047 1644 1132 specie
1671 1047 1974 1162 prodiret,
2005 1067 2142 1110 non
2178 1047 2276 1109 ita
2303 1046 2414 1109 diu
2441 1051 2590 1128 post
2619 1045 2932 1127 sanguine

732 1157 805 1220 in
845 1155 1047 1219 fundo
1085 1151 1349 1217 seorsim
1384 1155 1850 1234 grumescente,
1895 1149 1966 1211 in
2008 1147 2378 1210 summitate
2413 1145 2682 1229 limpida
2727 1151 2798 1208 et
2840 1143 2935 1207 sui

734 1257 955 1321 similis
985 1253 1511 1338 conspiciebatur.
1579 1253 1666 1316 In
1686 1252 1952 1335 hujusce
1981 1242 2134 1313 mali
2161 1249 2520 1314 remedium
2549 1247 2938 1330 sanguinem

733 1360 888 1422 satis
924 1357 1249 1440 copiosum
1293 1376 1330 1418 e
1373 1353 1638 1418 brachio
1675 1353 1848 1418 mitti
1885 1353 2208 1430 curabam,
2239 1359 2306 1416 et
2343 1359 2490 1435 post
2518 1353 2940 1434 purgationes

734 1457 1119 1524 universales
1166 1457 1638 1521 medicamenta
1686 1455 2131 1539 refrigerantia
2187 1463 2253 1518 et
2310 1455 2746 1518 incrassantia
2789 1455 2942 1547 varii

734 1559 989 1644 generis
1038 1559 1109 1622 in
1164 1579 1357 1622 usum
1406 1558 1818 1634 revocabam3
1881 1558 2161 1621 diaetam
2207 1557 2458 1622 interea
2505 1558 2610 1620 his
2671 1579 2944 1622 consen-

734 1671 995 1726 taneam
1032 1659 1363 1737 adhibens,
1393 1660 1674 1742 liquores
1713 1659 1944 1738 acidos,
1977 1679 2172 1736 acres,
2211 1666 2279 1722 et
2315 1665 2740 1723 attenuantes
2779 1660 2946 1724 solli-

738 1765 865 1828 cite
910 1763 1218 1826 devitans.
1310 1761 1479 1825 Cum
1524 1768 1744 1825 autem
1783 1782 1993 1844 neque
2029 1761 2172 1839 ista,
2205 1782 2415 1844 neque
2459 1761 2588 1824 alia
2623 1763 2952 1844 permulta

740 1885 903 1949 quae
946 1883 1286 1928 numerare
1328 1863 1601 1946 longum
1641 1869 1829 1939 esset,
1862 1845 2204 1946 quicquam
2240 1863 2660 1946 prodessent3
2713 1872 2784 1927 et
2821 1886 2952 1928 me-

738 1975 930 2031 tuens
976 1966 1312 2043 calculum,
1353 1986 1545 2048 quem
1592 1965 1998 2048 grandiorem
2037 1985 2173 2029 esse
2221 1963 2590 2048 suspicabar
2633 1987 2846 2048 quam
2883 1975 2955 2030 ut.

740 2068 971 2151 expelli
999 2073 1233 2152 posset‚
1265 2069 1445 2151 aquis
1474 2065 1868 2151 chalybeatis
1898 2067 1980 2130 ad
2009 2067 2254 2130 exitum
2285 2067 2649 2145 sollicitare,
2681 2068 2958 2131 tandem

742 2190 921 2254 spem
949 2169 1041 2232 rei
1069 2168 1237 2233 bene
1266 2167 1585 2251 gerendae
1626 2187 1886 2252 prorsus
1925 2169 2146 2246 amisi;
2192 2168 2386 2252 idque
2423 2189 2499 2232 eo
2531 2169 2962 2251 potissimum

740 2271 1023 2348 nomine,
1056 2270 1228 2353 quod
1256 2270 1679 2348 observaraQ
1711 2289 1896 2334 senes
1935 2270 2178 2353 aliquot
2208 2271 2370 2333 mihi
2404 2277 2594 2334 notos
2623 2270 2759 2334 sibi
2789 2293 2964 2336 mor-

742 2381 879 2438 tem
938 2373 1293 2450 accersisse,
1354 2371 1513 2437 dum
1567 2373 1943 2456 hujusmodi
1999 2374 2298 2438 remediis
2353 2374 2686 2438 incassum
2749 2375 2970 2439 morbi

743 2476 1141 2541 curationem
1172 2475 1578 2541 molirentur.
1671 2475 1868 2541 Stetit
1901 2476 2119 2559 itaque
2155 2477 2482 2541 sententia
2507 2497 2646 2541 non
2679 2477 2970 2562 amplius

743 2586 1018 2657 tentare,
1049 2584 1137 2657 at,
1168 2577 1369 2642 vitato
1396 2584 1656 2642 tantum
1687 2598 1882 2661 quam
1919 2580 2101 2663 potui
2127 2579 2406 2644 maxime
2435 2580 2727 2663 corporis
2757 2590 2969 2657 motu,

745 2680 827 2745 ab
870 2678 993 2743 hoc
1032 2679 1271 2743 affectu
1309 2679 1471 2742 mihi
1510 2700 1749 2744 cavere.
1853 2681 1974 2765 [4.]
2029 2681 2317 2746 Tandem
2346 2702 2494 2744 vero
2539 2680 2769 2745 animo
2801 2684 2974 2746 forte

742 2782 1051 2859 recolens,
1100 2800 1295 2864 quam
1345 2781 1508 2845 mire
1558 2782 1858 2846 nonnulli
1910 2782 2362 2865 depraedicent
2408 2781 2675 2846 seminis
2724 2784 2978 2847 fraxini

744 2885 877 2949 vim
913 2882 1470 2965 lithontripticam‚
1502 2883 1702 2948 subiit
1738 2885 2037 2967 cogitare,
2069 2884 2262 2967 quod,
2293 2885 2348 2948 si
2377 2905 2596 2948 semen
2637 2886 2983 2969 ejusmodi

744 2986 985 3050 virtute
1040 2982 1329 3067 polleret,
1388 2985 1658 3049 omnino
1715 2986 2058 3049 verisimile
2121 2992 2290 3050 esset
2347 3007 2664 3050 mannam
2726 2988 2982 3051 statim

748 3088 959 3153 adhuc
987 3086 1132 3170 plus
1160 3106 1383 3168 posse3
1431 3106 1578 3149 cum
1607 3106 1850 3150 manna
1871 3108 2066 3170 quam
2093 3087 2410 3152 habemus
2445 3088 2752 3170 (docente
2785 3089 2987 3154 bota?

746 3188 1081 3272 nographo
1109 3188 1202 3271 τῷ
1227 3184 1452 3265 mamb,
1484 3188 1608 3251 1)ιιο
1638 3190 1680 3251 J
1683 3188 1938 3252 ohanne
1978 3190 2139 3271 Ray,
2179 3195 2327 3271 post
2367 3190 2521 3253 alios
2561 3191 2986 3274 scriptores)

748 3310 959 3373 neque
1002 3289 1131 3352 mel
1178 3294 1442 3352 ae'reum
1486 3295 1605 3367 est,
1647 3309 1770 3380 nec
1813 3310 1918 3353 ros
1963 3290 2191 3373 aliquis
2233 3290 2544 3368 coelestis,
2591 3291 2714 3354 sed
2755 3293 2996 3377 liquor

748 3391 963 3476 potius
1009 3396 1146 3454 tam
1192 3408 1229 3452 e
1273 3389 1442 3453 foliis
1496 3411 1690 3472 quam
1738 3412 1775 3454 e
1817 3397 2050 3455 trunco
2095 3397 2162 3455 et
2205 3392 2401 3455 ramis
2443 3391 2884 3456 fiaxinorum
2921 3394 2998 3455 in

758 3490 1061 3556 Calabria
1104 3492 1512 3554 nascentium
1560 3492 1883 3570 exudans5
1953 3492 2032 3556 de
2084 3494 2270 3577 cujus
2311 3493 2405 3556 rei
2448 3494 2726 3557 veritate
2777 3495 2995 3571 idem,

754 3594 911 3657 dum
948 3593 1021 3656 in
1067 3592 1261 3657 Italia
1302 3593 1840 3676 peregrinaretur,
1879 3594 2112 3658 certior
2157 3594 2368 3658 factus
2403 3601 2502 3657 est
2537 3594 2620 3658 ab
2663 3597 2996 3660 eruditis·

756 3696 916 3759 simo
946 3694 1223 3773 Medion,
1256 3696 1369 3777 qui
1396 3717 1476 3759 ex
1503 3696 1768 3759 ramulis
1805 3703 1871 3760 et
1909 3696 2079 3760 foliis
2121 3698 2326 3761 linteo
2354 3720 2394 3761 a
2431 3718 2499 3760 se
2528 3698 2806 3763 curiose
2839 3721 2996 3763 eon·

754 3798 943 3861 tectis
973 3817 1279 3861 mannam
1317 3797 1451 3880 (qui
1480 3804 1581 3861 est
1621 3818 1847 3862 succus
1875 3798 1972 3863 ita
2005 3806 2362 3878 concretus,
2393 3806 2467 3863 ut
2495 3798 2678 3883 dixi,)
2715 3802 2998 3885 saepius

758 3898 1033 3981 collegit.
1071 3898 1262 3981 (Vide
1308 3898 1348 3961 J
1354 3898 1627 3963 ohannis
1666 3900 1808 3983 Ray
1849 3903 2209 3983 Cataloyum
2238 3904 2612 3966 Plantamm
2647 3905 2994 3986 Anyls'ae.)

756 4006 1292 4089 Experimentum
1321 4004 1539 4087 itaque
1574 4004 1883 4085 factimis,
1915 4028 2195 4072 mannae
2226 4008 2447 4072 uncias
2483 4008 2648 4071 duas
2689 4028 2877 4073 cum
2909 4028 3002 4072 se-

760 4108 952 4171 misse
980 4106 1049 4169 in
1080 4108 1205 4170 seri
1224 4106 1409 4170 lactis
1429 4106 1610 4170 libris
1633 4106 1886 4171 duabus
1909 4110 2177 4188 solutae,
2195 4110 2380 4173 hausi
2406 4109 2795 4192 pauxillum
2825 4109 3008 4175 sueti

760 4210 1077 4275 limonum
1108 4207 1401 4287 subinde,
1428 4208 1585 4271 dum
1614 4228 1942 4291 purgarer,
1967 4211 2328 4294 deglutiens
2336 4237 2356 4291 3
2405 4231 2531 4295 quo
2559 4218 2632 4275 et
2663 4212 3012 4279 catharti-

763 4330 914 4374 cum
944 4328 1257 4387 acuerem,
1284 4310 1455 4393 quod
1484 4309 1744 4392 segnius
1775 4313 2024 4393 operari
2053 4315 2235 4392 solet,
2267 4321 2334 4378 et
2362 4314 2732 4380 ventriculo
2773 4318 3018 4381 minus

1489 4435 1511 4466 ¹⁵
1543 4438 1614 4498 τᾷ
1633 4434 1782 4498 πάνυ]
1803 4437 1834 4486 i.
1859 4452 1900 4485 e.
1924 4442 2227 4488 celeberrimo.
