3138 5006
530 250 1331 316 OBSERVATIONUM
1376 250 1949 316 MEDICARUM
1993 264 2090 318 IV.
2118 271 2168 319 5.
2336 257 2453 320 185

242 413 511 476 Natura
549 413 944 477 destinatum
972 411 1403 495 absolverint,)
1438 420 1505 476 et
1546 420 1996 497 symptomata,
2035 435 2198 497 quae
2226 415 2454 480 iisdem
2481 425 2762 484 Monam:

238 515 693 579 recedentibus
737 515 1213 599 superveniunt,
1244 537 1325 578 ex
1375 536 1451 579 eo
1494 523 1654 579 nata
1703 523 2018 596 autumat,
2061 517 2233 600 quod
2276 518 2452 602 justo
2495 500 2644 548 ‘⁴⁸⁸¹
2663 502 2760 552 ’⁷⁰‘

238 615 431 681 citius
462 639 531 681 se
558 617 731 681 intro
760 616 1051 680 Morbilli
1078 617 1470 700 receperint3
1516 617 1850 682 observare
1879 619 2054 682 enim
2085 626 2182 684 est
2203 620 2450 686 febrem

236 727 437 803 atque
467 719 751 803 spirandi
770 720 1213 784 difficultatem
1238 727 1401 783 tunc
1422 720 1728 803 temporis
1751 721 1992 804 augeri,
2015 722 2448 805 importunius

234 843 470 904 urgere
506 822 903 900 tussiculam,
938 821 1033 886 ita
1068 830 1146 885 ut
1188 841 1310 885 nec
1346 822 1634 886 interdiu
1673 843 1794 886 nec
1833 822 2028 886 etiam
2071 831 2273 888 noctu
2311 825 2446 890 fere

232 945 501 988 somnus
542 924 743 1009 possit
787 925 1110 1008 obrepere.
1200 924 1494 988 Infantes
1543 925 1918 1007 praesertim
1971 925 2088 988 sub
2131 925 2445 1009 regimine
2471 947 2716 1012 Regimen

234 1025 541 1105 calidiori,
579 1035 691 1091 aut
731 1027 841 1110 qui
879 1026 1283 1090 calidioribus
1322 1027 1422 1089 usi
1462 1033 1616 1090 sunt
1649 1026 2134 1091 medicamentis
2177 1029 2260 1093 ad
2296 1052 2440 1113 pro·
2463 1013 2734 1140 ffiffssffg

234 1130 623 1194 movendam
651 1130 1102 1194 Morbillorum
1133 1129 1558 1212 eruptionem,
1588 1129 1739 1193 huic
1769 1130 1940 1194 malo
1971 1139 2125 1195 sunt
2156 1132 2437 1213 obnoxii,
2465 1141 2544 1219 pie
2559 1143 2740 1191 adferat

2393 1235 2407 1250 ο
2463 1221 2734 1255 incommo-

232 1232 409 1316 quod
452 1233 771 1297 Morbillis
809 1233 949 1317 jam
984 1232 1443 1297 facessentibus
1488 1253 1555 1296 se
1586 1233 1902 1311 ostendit3
1949 1234 2124 1298 unde
2167 1234 2238 1298 in
2275 1245 2439 1320 peri-
2465 1271 2552 1328 d„

228 1336 691 1419 pneumoniam
755 1334 1202 1418 conjiciuntur,
1265 1355 1427 1419 quae
1484 1335 1698 1418 plures
1756 1336 2016 1420 jugulat
2079 1358 2270 1420 quam
2327 1345 2442 1404 aut

228 1438 504 1502 variolae
552 1438 745 1522 ipsae,
792 1444 904 1502 aut
949 1444 1313 1522 symptoma
1356 1437 1782 1521 quodcunque
1825 1437 1910 1501 ad
1953 1459 2104 1502 eum
2147 1447 2440 1523 spectans

228 1540 551 1618 morbum,
582 1540 729 1604 licet
768 1539 946 1603 omni
974 1561 1233 1622 prorsus
1266 1540 1549 1622 periculo
1578 1547 1805 1604 vacent
1836 1540 2125 1606 Morbilli
2164 1542 2219 1604 si
2245 1542 2440 1607 modo

224 1642 433 1725 perite
483 1648 862 1706 tractentur.
971 1639 1093 1705 His
1152 1641 1347 1706 etiam
1404 1664 1540 1706 non
1597 1664 1742 1706 raro
1794 1643 2023 1707 accidit
2083 1643 2434 1726 diarrhoea,

226 1765 395 1826 quae
437 1744 538 1808 vel
578 1745 877 1808 morbum
922 1744 1143 1820 statim
1186 1743 1436 1827 excipit,
1478 1744 1581 1808 vel
1624 1744 1820 1808 etiam
1861 1744 1944 1808 ad
1984 1745 2199 1828 plures
2243 1739 2436 1829 septi-

222 1868 452 1910 manas
502 1848 781 1912 excurrit
829 1854 975 1930 post
1018 1847 1229 1912 morbi
1275 1847 1692 1930 omniumque
1737 1847 1876 1931 ejus
1927 1855 2436 1932 symptomatum

223 1948 470 2031 fugam,
498 1950 675 2014 haud
704 1950 840 2014 sine
874 1971 1112 2033 magno
1143 1950 1319 2033 aegri
1354 1949 1738 2030 discrimine,
1769 1949 1840 2014 in
1870 1972 1997 2033 quo
2031 1951 2266 2015 abhinc
2295 1959 2438 2016 orta

222 2051 569 2135 spirituum
624 2053 990 2136 profusione
1048 2053 1358 2117 continua
1412 2059 1722 2117 versatur.
1811 2052 2182 2136 Aliquando
2239 2054 2435 2120 etiam

220 2161 367 2236 post
410 2154 700 2236 regimen
741 2155 993 2219 intense
1038 2155 1317 2220 calidum
1357 2155 1812 2219 exanthemata
1849 2155 2162 2220 livescunt
2202 2156 2432 2240 prim0,

220 2275 371 2318 mox
400 2256 814 2340 nigrescunt,
858 2257 925 2320 id
963 2278 1111 2320 vero
1146 2256 1381 2322 adultis
1416 2263 1678 2321 tantum
1713 2258 2051 2342 contingit,
2084 2257 2164 2322 de
2201 2258 2434 2342 quibus
2458 2284 2506 2326 et
2527 2295 2624 2342 quo

220 2359 697 2422 conclamatum
741 2365 878 2422 estu
906 2359 1020 2424 ubi
1054 2359 1336 2442 primum
1378 2359 1648 2444 nigredo
1691 2360 1816 2424 ista
1859 2360 2266 2444 conspicitur,
2305 2361 2432 2426 nisi
2457 2353 2600 2405 pacm
2620 2346 2706 2393 ἰὴ·

218 2461 659 2546 phlebotomia
695 2469 759 2527 et
793 2462 1259 2548 temperatioris
1292 2462 1622 2547 regiminis
1659 2463 1987 2547 refrigerio
2021 2464 2099 2528 iis
2135 2470 2432 2533 actutum
2458 2408 2746 2524 gtiffigffilt

219 2565 659 2631 subveniatur.

316 2667 440 2753 [5.]
497 2667 815 2732 Morbillis
855 2676 931 2733 ut
974 2676 1227 2748 natura,
1258 2668 1351 2733 ita
1392 2675 1458 2732 et
1497 2667 1802 2733 medendi
1836 2690 2030 2752 quam
2071 2670 2193 2733 sibi
2225 2671 2430 2753 poscit
2458 2694 2718 2743 CURATIO.

214 2769 323 2832 hic
352 2771 616 2834 morbus
644 2771 911 2850 ratione,
936 2792 1087 2835 cum
1114 2771 1363 2835 variolis
1394 2771 1547 2836 satis
1577 2770 1911 2835 convenit:
1958 2771 2430 2837 medicamenta
2456 2783 2700 2833 Mox-billis

214 2879 282 2935 et
311 2873 603 2955 regimen
632 2874 933 2939 calidiora
968 2874 1233 2957 periculi
1258 2874 1632 2958 plenissima
1669 2880 1844 2953 sunt,
1873 2880 2028 2937 utut
2055 2874 2426 2959 frequenter
2451 2855 2502 2959 ἓξ
2515 2856 2739 2962 ,ζᾚζξᾱί

213 2976 285 3039 in
314 2998 507 3039 usum
526 2983 907 3041 revocentur
927 2978 1007 3041 ab
1031 2977 1269 3061 ignaris
1292 2999 1632 3060 aegrorum
1650 2977 2087 3056 curatricibus‚
2111 2997 2186 3041 eo
2209 2978 2426 3048 animo
2451 2977 2638 3026 1³t1⁰¹¹³
2693 3044 2704 3055 ,

212 3086 293 3142 ut
330 3080 595 3143 morbus
634 3102 673 3144 a
700 3080 891 3144 corde
917 3082 1141 3164 procul
1171 3081 1644 3147 submoveatur.
1735 3080 2072 3144 Faeliciter
2103 3102 2256 3163 prae
2285 3080 2424 3146 aliis
2451 3042 2731 3155 3323?

213 3181 375 3245 mihi
424 3183 613 3246 cessit
654 3183 997 3247 methodus
1046 3184 1175 3263 illa,
1209 3205 1335 3267 qua
1389 3204 1582 3266 aeger
1631 3182 1713 3245 ad
1764 3181 1898 3247 dies
1939 3182 2128 3248 binos
2179 3184 2428 3247 solumv
2449 3178 2597 3220 '⁶¹¹²‘-

208 3291 507 3349 ternosve
537 3286 617 3350 ab
648 3286 982 3369 eruptione
1011 3286 1177 3350 lecto
1214 3286 1710 3369 astringebatur,
1744 3308 1871 3369 quo
1900 3286 2162 3370 sanguis
2191 3286 2425 3352 leniter

206 3409 328 3472 pro
370 3388 582 3453 morbi
622 3388 812 3472 genio
853 3389 1212 3473 particulas,
1241 3389 1669 3453 inflammatas
1711 3389 1896 3453 facile
1940 3390 2342 3473 separabiles,
2384 3413 2424 3455 a

209 3491 444 3575 quibus
467 3492 929 3571 offendebam,
952 3513 1068 3575 per
1096 3491 1260 3555 cutis
1284 3490 1600 3575 spiracula
1627 3490 1918 3571 difflaret,
1938 3514 2060 3557 nec
2081 3493 2417 3573 lodicibus,

207 3614 331 3658 nec
372 3595 545 3678 igne,
574 3602 828 3679 praeter
868 3595 1137 3659 modum
1181 3615 1373 3678 quem
1424 3616 1622 3659 sanus
1661 3594 1946 3675 tenebat,
1979 3596 2265 3680 adjectis.
2353 3598 2420 3662 A

208 3697 509 3761 carnibus
532 3698 1016 3781 quibuscunque
1043 3697 1367 3775 arcebam3
1404 3696 1664 3780 juscula
1689 3718 2020 3777 avenacea,
2044 3698 2414 3779 hordeacea,

206 3803 274 3863 et
296 3798 545 3879 similia,
562 3820 1032 3883 nonnunquam
1050 3807 1115 3863 et
1136 3820 1403 3882 pomum
1425 3804 1680 3863 coctum
1699 3800 2146 3866 concedebam.
2209 3803 2413 3866 Potus

202 3900 305 3965 vel
348 3907 486 3965 erat
536 3902 835 3966 cerevisia
875 3902 1108 3979 tenuis,
1148 3902 1250 3965 vel
1291 3901 1391 3965 lac
1442 3921 1593 3964 cum
1643 3923 1846 3986 aquae
1895 3904 2088 3986 triplo
2133 3911 2408 3967 coctum.

202 4002 480 4083 Tussim,
526 4026 689 4088 quae
745 4003 899 4069 huic
949 4004 1175 4068 morbo
1231 4003 1366 4067 fere
1417 4004 1674 4068 assidua
1719 4012 1835 4085 est,
1882 4006 2146 4070 decocto
2196 4006 2410 4088 aliquo

200 4106 510 4188 pectorali
538 4106 810 4171 subinde
837 4107 1067 4172 hausto
1089 4106 1420 4171 delinitam
1440 4106 1632 4186 volui,
1657 4106 1803 4170 utiw
1833 4106 2029 4171 etiam
2057 4108 2409 4189 eclegmate

201 4208 414 4292 aliquo
458 4209 738 4274 eundem
782 4231 1044 4294 scopum
1096 4210 1478 4293 attingente.
1566 4210 1660 4272 At
1703 4230 1854 4293 prae
1896 4208 2156 4293 reliquis
2201 4208 2406 4273 diaco-

268 4394 291 4418 ¹⁸
326 4390 382 4435 de
403 4390 566 4451 quibas
594 4391 809 4437 camelam.
833 4388 927 4451 est]
948 4388 980 4436 i.
996 4404 1035 4437 e.
1061 4391 1117 4436 de
1142 4404 1251 4449 quo·
1406 4393 1427 4415 v
1466 4384 1635 4448 solum]
1662 4400 1755 4433 om.
1783 4385 1856 4433 ed.
1883 4385 1928 4436 ’7
1934 4385 1978 4433 6.

200 4469 301 4500 rum
324 4456 421 4500 vita
444 4455 571 4501 nulla
592 4470 695 4515 spes
716 4461 798 4501 est.
1410 4462 1441 4487 w
1474 4449 1804 4512 uti—aetatis]
1831 4465 1926 4497 om.
1951 4450 2023 4497 ed.
2043 4450 2142 4499 '76.

1254 4531 1368 4594 nb
