3138 5006
731 289 1171 357 EPISTOLA
1215 289 1272 356 1.
1323 289 1975 356 RESPONSORIA.
2316 289 2439 352 281

247 451 477 534 gratia,
524 457 592 516 et
637 454 1048 537 catharseos,)
1095 452 1506 518 incommoda
1547 452 1845 536 (quarum
1886 458 2199 535 utraeque
2240 450 2443 514 relax·
2473 463 2557 512 De
2574 463 2755 514 Mona.

247 555 419 619 ando
475 561 710 620 tonum
753 557 1090 640 sanguinis
1145 556 1450 622 morbum
1499 555 1935 640 protrahunt,)
1986 554 2145 618 dum
2188 573 2447 619 mecum
2498 529 2732 643 {2¹33}

248 657 730 742 perpenderem,
752 660 1152 724 Peruvianus
1181 666 1397 725 cortex
1429 658 1852 724 certissimam
1876 656 2037 721 mihi
2068 677 2246 740 spem
2266 657 2419 720 fecit
2428 682 2446 735 3
2476 684 2709 731 catharsis

251 760 332 824 de
371 782 498 844 quo
525 781 672 824 vere
709 761 1025 826 affirmare
1053 762 1292 845 possim
1325 763 1484 843 (non
1517 759 1819 824 obstante
1852 767 1992 824 tam
2026 758 2221 840 vulgi,
2254 779 2450 842 quam
2476 748 2702 874 Ξζξξὲῑω

249 880 716 946 perpaucorum
745 884 782 927 e
812 863 1038 943 doctis,
1065 863 1502 949 praejudicio,)
1536 881 1643 926 me
1670 862 1837 926 nihil
1863 862 2019 926 mali
2048 861 2257 943 aegris
2288 860 2449 926 acci-
2474 875 2615 923 hunt.

252 964 422 1030 disse
451 965 532 1030 ab
575 964 716 1050 ejus
753 985 880 1030 usu
915 966 1148 1031 vidisse
1185 987 1497 1050 mqm,
1526 965 1630 1030 vel
1664 985 1815 1029 cum
1852 965 2105 1030 ratione
2144 963 2452 1048 suspicari
2480 956 2724 1006 Nonnun-

251 1066 576 1150 potuisse;
625 1066 785 1132 nisi¹
835 1070 1007 1152 quod
1057 1069 1152 1134 illi
1205 1069 1318 1152 qui
1362 1069 1635 1152 longum
1678 1074 1747 1132 et
1796 1066 2147 1151 repetitum
2196 1065 2452 1131 corticis
2476 1036 2627 1149 322¹ss
2646 1039 2760 1135 ἔστι.

253 1169 598 1234 Peruviani
637 1193 833 1236 usum
875 1171 1124 1257 experti
1165 1158 1342 1252 sunt,
1379 1173 1478 1256 (ut
1519 1173 1595 1236 in
1638 1170 1847 1256 capite
1890 1172 1969 1234 de
1994 1171 2453 1234 Rammatismo
2479 1150 2761 1278 ξθζέζὲῑῑω

259 1271 546 1356 [Observ.
566 1275 742 1338 Med.
761 1275 843 1338 vi.
869 1276 1077 1359 5.13.]
1115 1273 1807 1360 praemonstraverim,)
1842 1271 1913 1338 in
1942 1273 2221 1356 speciem
2250 1293 2453 1355 quan·
2480 1281 2721 1342 quaedam

255 1375 406 1440 dam
454 1377 904 1442 rheumatismi
957 1379 1302 1444 scorbutici
1351 1397 1825 1460 nonnunquam
1868 1376 2189 1441 incidunt.
2309 1377 2456 1441 Hoc
2478 1345 2769 1458 ᾒῗξζιζζξξζ

257 1486 476 1546 autem
521 1481 770 1544 malum
808 1501 1120 1564 perquam
1161 1503 1308 1546 raro
1351 1501 1431 1544 ex
1467 1481 1592 1544 hac
1642 1479 1975 1544 occasione
2016 1478 2327 1558 nascitur,
2368 1479 2455 1557 et,
2482 1473 2745 1588 ξὶῗξιζῠῗὲῌ

257 1582 518 1666 quando
547 1583 800 1661 accidit,
831 1585 1134 1648 facillime
1162 1583 1462 1648 remediis
1489 1583 1735 1647 ibidem
1764 1582 2099 1666 descriptis
2128 1582 2319 1646 cedit.
2483 1574 2743 1662 rarissime,

353 1685 521 1768 [14.]
575 1686 665 1750 Et
713 1686 1001 1769 profecto
1051 1687 1106 1749 si
1151 1693 1290 1750 tam
1349 1687 1728 1751 effectorum
1787 1685 2218 1764 durationem,
2267 1703 2462 1769 quam
2486 1667 2703 1779 {23:225

257 1789 514 1857 corticis
541 1789 792 1873 hujusm
821 1788 1283 1868 innocentiam,
1316 1791 1712 1873 exploratam
1750 1789 2077 1867 haberem,
2106 1789 2463 1873 principem
2490 1811 2667 1860 cortex
2689 1813 2767 1862 in-

255 1891 354 1958 illi
382 1891 598 1956 locum
625 1892 800 1956 inter
827 1893 1064 1972 omnia,
1097 1899 1414 1977 quotquot
1446 1899 1621 1971 sunt,
1652 1892 1937 1956 remedia
1965 1892 2215 1956 deferre
2244 1891 2463 1956 nullus
2487 1877 2769 2000 ζζίξξῑξζῑᾞω,

259 1993 663 2072 dubitarem3
708 2014 860 2058 cum
903 2014 1039 2059 non
1081 2002 1343 2060 tantum
1385 1994 1459 2059 in
1502 1995 1626 2060 hoc
1668 1995 1895 2060 morbo
1933 1995 2291 2078 insignium
2326 2015 2464 2058 esse
2488 2019 2585 2052 non
2608 2004 2658 2053 in
2683 2007 2773 2054 hoc

257 2097 493 2162 virium
543 2096 1084 2181 deprehendatur,
1125 2097 1239 2162 sed
1288 2104 1357 2162 et
1405 2098 1478 2161 in
1527 2100 1716 2177 uteri,
1750 2105 1817 2163 et
1864 2098 2204 2162 ventriculi
2248 2099 2461 2176 etiam,
2488 2075 2682 2192 322&
2690 2135 2773 2183 sed

261 2201 637 2268 affectibus:
681 2208 942 2266 tantum
973 2201 1156 2267 abest
1195 2209 1272 2267 ut
1301 2201 1382 2266 de
1413 2204 1550 2287 ejus
1579 2201 2030 2267 insalubritate
2060 2201 2293 2266 merito
2322 2203 2463 2286 quis
2490 2199 2611 2246 etin
2628 2201 2771 2257 Μή,

262 2310 712 2388 conqueratur.
2489 2269 2767 2386 2125?ssssss-

361 2407 526 2491 [15.]
581 2407 708 2472 His
737 2411 956 2472 autem
995 2409 1401 2492 potissimum
1441 2409 1522 2472 de
1557 2409 1767 2473 causis
1802 2409 1949 2492 (nisi
1987 2407 2218 2492 fallor‚)
2254 2407 2465 2472 dictus
2490 2393 2634 2517 ἓξ*

263 2517 485 2576 cortex
525 2511 694 2575 male
745 2511 964 2575 audit:
1038 2512 1278 2591 Primo,
1325 2512 1476 2596 quia
1531 2512 1811 2595 plurima
1856 2514 1971 2576 illa
2017 2513 2467 2595 horrendaque
2491 2485 2735 2597 prae‘iffi‘i’-

264 2620 702 2699 symptomata
737 2634 902 2697 quae
941 2611 1154 2678 febres
1195 2614 1703 2680 intermittentes
1740 2615 1879 2699 jam
1914 2614 2159 2679 diutius
2200 2634 2465 2697 aegrum
2491 2599 2653 2711 3233
2667 2616 2749 2712 ἑξ·

265 2726 628 2790 cruciantes
663 2726 1077 2804 comitantur,
1117 2725 1313 2790 etiam
1358 2726 1474 2791 ubi
1521 2747 1607 2790 ne
1649 2726 1995 2790 minimum
2026 2726 2284 2809 quidem
2327 2746 2462 2790 cor·
2488 2742 2621 2775 mere
2644 2729 2727 2776 de-

264 2828 412 2894 ticis
465 2827 920 2913 degustaverit,
971 2829 1195 2893 cortici
1244 2828 1346 2893 vel
1395 2828 1595 2893 semel
1646 2836 1977 2912 assumpto
2017 2830 2462 2913 imputantur3
2487 2792 2775 2906 ffgssssss'mg-

268 2930 572 3011 secundO,
603 2932 773 3014 quia,
804 2950 954 2995 cum
989 2932 1243 2996 occulta
1280 2932 1344 2995 vi
1371 2937 1440 2995 et
1469 2952 1609 2995 non
1645 2952 1761 3015 per
1790 2931 2159 2996 sensibilem
2186 2930 2467 3015 aliquam
2491 2922 2539 2969 ¹0
2560 2923 2713 2971 audit.

270 3032 755 3099 evacuationem
805 3032 1106 3099 morbum
1151 3040 1548 3112 averruncet,
1592 3038 1891 3098 statuunt
1941 3034 2230 3118 plerique
2267 3040 2470 3097 mate-

269 3135 434 3201 riam
455 3136 756 3201 morbum
787 3136 1302 3201 committentem
1327 3158 1490 3221 quae
1515 3137 1784 3222 propelli
1808 3136 2137 3215 debuerat,
2158 3144 2473 3219 tanquam

269 3240 526 3305 hostem
559 3239 736 3304 intra
772 3240 1030 3304 moenia
1067 3240 1130 3303 vi
1169 3240 1423 3304 corticis
1463 3240 1865 3323 astringente
1898 3240 2216 3304 inclusam
2250 3240 2473 3317 latere,

269 3362 470 3406 novos
500 3340 798 3406 daturam
836 3342 1180 3422 tumultus,
1212 3349 1406 3425 atque
1445 3362 1715 3425 aegrum
1751 3364 1885 3407 non
1915 3343 2174 3427 penitus
2204 3343 2477 3406 evasisse

271 3464 424 3508 cum
477 3443 689 3508 adhuc
727 3450 1024 3508 catenam
1073 3445 1313 3510 trahat.
1404 3445 1529 3509 Ast
1580 3444 1651 3508 hi
1694 3465 1831 3509 non
1890 3446 2044 3510 satis
2104 3444 2475 3522 attendunt,
2577 3520 2581 3524 ,

273 3546 538 3611 sudores
557 3566 1012 3631 paroxysmum
1054 3546 1356 3611 finientes
1383 3546 1454 3611 id
1484 3568 1677 3612 omne
1720 3548 1893 3631 quod
1932 3548 2001 3611 in
2045 3547 2260 3612 lucido
2307 3548 2477 3612 sani·

269 3648 430 3713 tatis
478 3648 818 3713 intervallo
868 3648 1398 3713 accumulabatur
1454 3670 1714 3733 prorsus
1771 3650 2155 3729 eliminasse,
2214 3670 2478 3714 manere

271 3756 537 3815 tantum
593 3748 806 3814 morbi
866 3751 1215 3815 seminium
1271 3758 1564 3835 tempore
1614 3752 2115 3831 maturandum,
2179 3753 2477 3835 quodque

274 3859 494 3917 cortex
528 3852 888 3935 fugientem
925 3872 1384 3937 paroxysmum
1427 3876 1466 3919 a
1507 3860 1695 3937 tergo
1720 3875 1980 3938 urgens,
2023 3862 2089 3918 et
2117 3854 2477 3938 intercepto

276 3954 390 4039 qui
424 3953 734 4019 debuerat
763 3955 1242 4021 subministrari
1275 3957 1486 4022 morbi
1515 3964 1881 4022 commeatu
1910 3958 2039 4021 sive
2068 3958 2311 4035 fomite,
2342 3978 2477 4021 non

274 4064 492 4142 potest
533 4056 606 4121 in
650 4058 966 4141 sanguine
1007 4058 1287 4124 retinere
1333 4060 1504 4143 quod
1539 4061 1680 4144 jam
1721 4059 1793 4123 in
1836 4060 1948 4125 illo
1988 4081 2122 4124 non
2166 4060 2291 4123 nisi
2334 4066 2477 4123 tan-

279 4182 476 4245 quam
517 4162 590 4227 in
633 4162 900 4246 embryo
942 4164 1280 4246 reperitur,
1327 4184 1402 4227 ac
1452 4162 1725 4246 proinde
1767 4182 1980 4245 neque
2025 4160 2478 4244 strangulatio-

278 4287 443 4330 num
479 4286 690 4350 neque
733 4254 1250 4331 obstructionuin
1297 4288 1459 4349 quae
1496 4266 1691 4349 vulgo
1736 4265 2153 4350 objiciuntur,
2190 4284 2337 4327 reus
2382 4270 2481 4327 est

279 4368 708 4453 peragendus.

417 4494 432 4526 ¹
461 4496 766 4561 nisi—cedit]
789 4512 886 4547 om.
913 4498 986 4545 ed.
1012 4500 1108 4547 ⁹80.
1532 4505 1565 4529 ¹¹⁸
1601 4502 1783 4547 corticis
1804 4495 1967 4559 hujus]
1993 4498 2135 4555 ipsius
2156 4495 2229 4542 ed.
2254 4496 2348 4543 ⁹80.

1285 4600 1326 4641 Ο
1357 4600 1396 4643 Ο
