3138 5006
767 305 1257 371 SCHEDULA
1301 305 1836 371 MONITORIA
1882 305 1938 370 Ι.
2319 308 2448 369 513

242 466 464 531 Febris
495 466 929 552 Depuratoria
948 488 1017 531 se
1045 467 1328 549 primum
1358 466 1630 543 extulit3
1673 473 1867 549 prout
1894 465 2060 530 libro
2081 468 2180 535 De
2199 465 2448 529 Morbis
2475 476 2558 524 De
2562 476 2681 524 Nov
2685 490 2754 525 An

241 571 483 648 Acuti-⁹,
518 568 690 634 Sect.
713 568 758 633 i.
783 590 923 652 cap.
954 571 1015 631 3.
1051 568 1119 653 [ἕ
1151 567 1245 650 4.]
1285 568 1386 632 his
1414 567 1626 633 verbis
1656 567 2025 633 subindicO.
2027 574 2136 615 —‘
2141 568 2466 634 ‘-Quanto
2473 542 2750 653 Ῑξξζζζζυ

242 677 459 734 autem
508 672 648 754 jam
699 676 989 753 tempore
1047 669 1375 753 praedicta
1423 669 1648 734 Febris
1707 670 2035 735 Continua
2083 670 2474 735 invaluerat-

242 771 513 836 dicendo
541 793 678 835 non
707 792 871 850 sum,
905 792 1107 855 quum
1144 771 1305 835 mihi
1341 772 1658 856 hactenus
1694 772 1850 836 satis
1877 772 2090 836 fuerat
2127 772 2210 835 ad
2249 794 2442 855 gene-

242 874 403 937 ralia
448 872 753 938 Febrium
812 879 1244 957 symptomata
1300 872 1656 951 attendere,
1701 880 1929 957 utpote
1987 874 2098 958 qui
2148 874 2442 939 nondum

243 975 343 1039 vel
363 976 555 1058 juxta
580 975 785 1039 varias
816 995 1136 1039 annorum
1164 994 1396 1053 crases‚
1427 980 1542 1038 aut
1571 974 1859 1058 ejusdem
1892 976 2046 1039 anni
2077 975 2250 1041 varia
2276 983 2441 1041 tem-

222 1098 417 1161 pora,
448 1077 707 1142 easdem
735 1076 1047 1160 distingui
1073 1097 1260 1163 posse
1288 1075 1932 1143 animadverteram.”

1298 1578 1397 1631 DE

830 1756 1062 1847 FEB
1086 1756 1227 1846 RE
1316 1757 1854 1847 PUTRIDA

453 1972 808 2029 VARIOLIS
853 1972 1505 2028 CONFLUENTIBUS
1556 1974 2229 2030 SUPERVENIENTE.

223 2169 259 2176 .,
330 2107 489 2171 Cum
517 2105 618 2169 vel
648 2112 825 2193 aetas
847 2106 985 2188 jam
1024 2105 1386 2187 provectior
1414 2110 1480 2167 et
1506 2103 1580 2167 in
1611 2124 1914 2169 occasum·
1943 2126 2158 2183 ruens,
2189 2106 2289 2169 vel
2328 2107 2440 2171 ad-

218 2228 423 2273 .versa
461 2229 737 2291 quacum
777 2206 1031 2291 jamdiu
1074 2206 1406 2271 conflictor
1448 2206 1767 2285 valetudo,
1797 2212 2232 2290 opportunum
2273 2208 2440 2272 forte

234 2310 519 2393 spatium
545 2310 813 2394 posthac
853 2329 988 2372 non
1032 2306 1436 2386 concesserit,
1466 2329 1595 2391 quo
1628 2329 1906 2392 nupera-s
1950 2308 2196 2393 aliquot
2225 2308 2440 2375 obser·

234 2412 527 2476 vationes
540 2432 597 2482 ,a
624 2432 731 2475 me
771 2410 1055 2493 (tametsi
1086 2410 1289 2473 nimis*
1324 2430 1467 2474 sero
1508 2410 1586 2473 111
1624 2410 1760 2475 vita
1800 2410 1988 2493 mea,)
2011 2412 2244 2491 factas,
2273 2412 2442 2477 circa

242 2513 520 2586 Febrem
552 2513 1009 2578 Secundariam
1034 2513 1311 2576 Variolis
1339 2512 1834 2577 Confluentibus
1863 2515 2440 2598 supervenientem,

222 2617 311 2680 in
340 2615 671 2699 publicum
709 2615 937 2692 edam3
980 2614 1235 2679 veniam
1270 2613 1451 2677 dabit
1480 2612 1718 2678 Lector
1759 2614 2052 2700 (opinor,)
2088 2615 2144 2680 si
2169 2618 2445 2700 paucula

216 2717 555 2801 ,quaedam
586 2717 667 2781 de
704 2717 827 2780 hoc
867 2716 1121 2795 affectu,
1154 2715 1567 2799 quantumvis
1599 2735 1640 2778 a
1665 2716 1892 2781 morbo
1922 2738 2113 2799 quem
2151 2719 2442 2802 superius

229 2819 658 2882 tractavimus
688 2817 843 2882 satis
874 2816 1280 2895 abhorrente,
1309 2837 1582 2931 pergam
1606 2816 2005 2882 subnectere.

337 2921 459 3003 [2.]
516 2920 560 2983 J
563 2919 787 2983 amdiu
820 2917 977 2982 alias
1010 2918 1303 3001 [Observ.
1332 2917 1509 2982 Med.
1540 2918 1632 2982 iii.
1665 2921 1728 2982 2.
1761 2920 1801 3003 ᾧ
1833 2918 1972 3002 50.]
2012 2920 2444 2986 demonstravi
2471 2939 2618 2990 Qnan
2621 2947 2676 2989 tu
2643 2957 2724 2989 um

230 3030 559 3116 quantum
594 3022 854 3087 intersit
890 3021 1065 3085 inter
1092 3021 1386 3084 Variolas
1422 3019 1676 3104 generis
1707 3021 2038 3101 Distincti,
2069 3030 2136 3087 et
2181 3024 2440 3088 Conflu·
2465 3003 2636 3116 ἓν
2615 3006 2746 3117 ’ξω

228 3125 449 3203 entis,
492 3126 565 3190 in
601 3125 727 3189 hoc
770 3124 1029 3203 scilicet,
1066 3123 1238 3206 quod
1279 3123 1391 3205 qui
1420 3120 1748 3186 Distincto
1777 3124 2749 3205 ςο1101·0181)ο1111,17111188ιιιῑκεετῐ8

226 3226 377 3342 opis
414 3225 701 3291 medicae
738 3225 1021 3307 indigus,
1058 3232 1289 3308 sponte
1328 3245 1449 3289 sua
1489 3231 1555 3288 et
1584 3224 1880 3288 Naturae
1923 3225 1986 3289 vi
2023 3227 2439 3308 convalescet,
2465 3197 2724 3310 ἓρῗξῃὲ

214 3329 366 3394 nisi
390 3328 559 3393 forte
594 3327 677 3393 ab
704 3327 891 3392 initio
926 3325 1348 3411 diaphoresi‘
1327 3349 1403 3390 111
1442 3326 1683 3391 lectulo
1726 3327 2034 3392 continuo
2077 3328 2490 3396 indulserit.e
2463 3327 2604 3375 ‘⁰²¹⁸-

216 3429 307 3495 N
309 3451 543 3514 amque
586 3429 707 3511 (uti
744 3424 994 3512 pridem
1037 3428 1192 3493 alibi
1241 3427 1421 3512 [ibid.
1456 3431 1493 3514 ᾧ
1526 3428 1664 3511 2Ο.]
1706 3428 2051 3512 adnotavi,)
2088 3431 2249 3514 qui‘
2252 3435 2437 3500 ‘Dis-

222 3533 431 3597 cretis
476 3531 755 3596 Variolis
804 3531 1056 3595 laborat
1104 3551 1314 3613 aeger,
1360 3549 1510 3593 011111
1560 3530 1716 3595 satis
1758 3538 2054 3614 prompte
2097 3535 2438 3600 sudoribus

223 3634 507 3712 diffluat,
548 3651 623 3698 ac
660 3631 783 3696 sibi
820 3632 1039 3698 omnia
1074 3630 1249 3696 bona
1288 3632 1644 3715 promittat,
1677 3631 1733 3694 si
1771 3632 1982 3697 morbi
2029 3637 2128 3717 (ut
2171 3639 2431 3721 sperat,)

222 3736 413 3800 virus
454 3756 570 3819 per
606 3735 773 3798 cutis
805 3755 993 3818 poros
1029 3734 1153 3798 hoc
1182 3741 1370 3816 pacto
1398 3733 1874 3814 amandaverit3
1920 3735 2263 3819 diligenter
2289 3740 2434 3805 ideo

218 3837 391 3924 'huic
420 3835 725 3901 methodo
751 3835 1014 3914 insistit,
1035 3841 1183 3898 tum
1210 3834 1510 3900 remediis
1530 3834 1837 3899 cardiacis
1864 3836 2040 3902 intro
2067 3843 2432 3924 assumptis,

214 3947 383 4005 tum
423 3937 735 4021 regimine
775 3937 1075 4002 calidiore
1115 3938 1211 4019 (ut
1244 3957 1361 4020 par
1396 3936 1551 4019 est,)·
1575 3935 1903 4002 adhibito:
1949 3944 2142 4022 atque
2169 3940 2329 4005 haec
2358 3963 2436 4008 eo

220 4040 391 4106 facit
424 4039 775 4118 lubentius,
807 4038 982 4123 quod
1021 4046 1167 4103 tum
1204 4039 1285 4103 ab
1328 4038 1451 4104 hac
1492 4038 1800 4104 methodo
1843 4039 1913 4103 in
1955 4040 2270 4124 principio
2311 4043 2436 4108 sibi

216 4141 463 4209 melius
492 4142 789 4207 videatur
812 4140 1071 4220 habere,
1102 4147 1247 4205 tum
1276 4140 1471 4204 etiam
1500 4141 1584 4205 ad
1611 4142 1780 4206 male
1808 4141 2144 4206 fundatam
2174 4144 2434 4210 adstan-

218 4245 403 4322 tium
432 4243 799 4328 opinionem
828 4242 1089 4327 propius
1119 4242 1399 4308 accedat.
1450 4242 1740 4307 Tandem
1768 4263 1918 4307 vero
1947 4243 2291 4312 eliminatis
2317 4269 2434 4332 per

218 4345 615 4433 διαφόρησιν
656 4345 981 4431 particulis
1026 4344 1165 4410 istis
1213 4365 1377 4428 quae
1429 4343 1511 4407 ad
1556 4345 1966 4428 pustularum
2015 4345 2432 4417 elevationem

218 4457 431 4532 atque
478 4447 1039 4534 intimescentiam
1087 4447 1275 4512 faciei
1330 4445 1687 4511 debuerant
1743 4447 1970 4528 facere,
2032 4447 2133 4515 die
2191 4439 2431 4533 octavo,

1272 4552 1313 4611 3
1349 4569 1391 4612 u
