3138 5006
724 269 848 331 122
1250 284 1267 299 ·
1344 266 1732 332 THOMAE
1781 266 2300 333 SYD'ENHAM

410 442 454 489 v
459 456 691 489 ιιιιιιι
721 427 803 500 ad
852 427 1027 491 hunc
1080 428 1249 493 diem
1300 430 1598 512 pustulae
1655 452 1817 513 quae
1861 431 2090 495 faciem
2141 432 2540 510 obsederant,
2585 432 2796 495 laeves
2843 430 2928 493 ad

412 506 693 618 ῗξξζζζξ,
718 540 966 607 tactum
994 533 1173 596 fuere
1202 540 1395 615 atque
1423 532 1675 623 rubrae,
1691 534 1828 617 jam
1857 554 2004 597 vero
2035 533 2380 617 asperiores
2409 532 2693 597 evadunt
2730 532 2928 615 (quod

452 636 657 685 ’67-’69.
721 636 981 721 quidem
1008 637 1291 719 primum
1308 644 1407 701 est
1434 630 1799 719 incipientis
1819 636 2267 699 matur-ationis
2295 634 2652 716 indicium,)
2677 642 2745 697 et
2774 634 2924 697 sub·

720 739 1004 817 albidae;
1048 739 1359 823 paulatim
1401 740 1664 822 insuper
1693 760 1952 803 succum
1997 738 2319 821 quendam
2345 737 2616 816 luteum,
2646 738 2859 801 colore
2887 759 2928 801 a

718 843 862 907 favo
900 864 1036 906 non
1079 841 1509 921 abludentem‚
1542 847 1866 906 evomunt.
1957 840 2168 903 Faciei
2205 839 2488 936 interim·
2501 846 2567 903 et
2609 860 2928 902 manuum

719 944 1142 1011 inflammatio
1186 946 1267 1009 ad
1311 967 1638 1009 summum
1682 950 1900 1009 evecta
1937 944 2200 1027 apicem,
2235 944 2512 1007 colorem
2549 941 2813 1007 exhibet
2856 943 2926 1005 in

720 1050 1127 1133 pustularum
1170 1049 1533 1113 interstitiis
1593 1048 1746 1111 satis
1804 1046 2122 1124 floridum,
2183 1053 2249 1109 et
2305 1067 2596 1109 rosarum
2654 1048 2927 1109 Damas·

722 1171 1029 1215 cenarum
1072 1150 1413 1215 aemulum.
1502 1150 1592 1214 Et
1637 1171 1790 1215 sane
1834 1171 1960 1234 quo
2003 1150 2288 1216 mitiores
2333 1156 2486 1214 sunt
2518 1149 2824 1213 Variolae
2861 1156 2930 1211 et

724 1254 1043 1337 genuinae
1082 1253 1305 1335 magis,
1337 1276 1413 1317 eo
1448 1254 1646 1317 etiam
1682 1254 1890 1337 magis
1929 1260 2076 1317 tum
2117 1254 2291 1338 ipsae
2330 1252 2642 1336 pustulae,
2671 1260 2820 1315 tum
2862 1258 2931 1315 et

723 1356 888 1421 cutis
930 1356 1003 1417 in
1046 1356 1394 1419 earundem
1432 1356 1814 1435 interstitiis,
1847 1356 2092 1420 dictum
2131 1356 2406 1420 colorem
2449 1354 2530 1418 ad
2567 1354 2786 1418 vivum
2821 1375 2926 1417 ex·

722 1458 1031 1543 primunt,
1065 1458 1317 1541 qualem
1339 1457 1477 1541 jam
1513 1457 1834 1541 descripsi.
1927 1456 2048 1521 Uti
2089 1477 2238 1520 vero
2267 1476 2431 1538 quae
2467 1454 2698 1518 faciem
2739 1476 2928 1519 occu·

721 1568 959 1645 parunt
1015 1561 1329 1645 pustulae,
1396 1560 1744 1642 asperiores
1803 1557 2085 1641 quotidie
2153 1576 2227 1619 ac
2283 1555 2490 1638 magis
2553 1555 2754 1618 flavae
2809 1576 2930 1637 pro

723 1664 1173 1744 maturationis
1199 1663 1485 1741 ratione3
1528 1662 1626 1726 ita
1661 1684 1698 1726 e
1737 1668 1978 1739 contra,
2015 1680 2178 1743 quae
2220 1681 2452 1722 manus
2495 1665 2562 1721 et
2605 1658 2928 1741 reliquum

719 1788 973 1851 corpus,
1002 1768 1218 1831 minus
1248 1787 1505 1849 asperae
1533 1764 1842 1849 albaeque
1867 1763 2073 1846 magis
2101 1762 2581 1845 conspiciuntur
2607 1761 2836 1825 indies.

824 1869 945 1953 [5.]
1000 1869 1125 1935 Die
1174 1869 1515 1933 undecimo
1558 1868 1744 1931 faciei
1789 1873 2007 1931 tumor
2056 1872 2250 1949 atque
2291 1864 2712 1927 inflammatio
2773 1864 2930 1927 satis

719 1977 943 2055 ‚aperte
980 1969 1311 2048 recedunt,
1342 1977 1407 2033 et
1434 1969 1731 2052 pustulae
1757 1975 1894 2032 tam
1931 1967 2116 2032 faciei
2146 1989 2340 2051 quam
2367 1966 2596 2050 reliqui
2625 1966 2929 2050 corporis,

718 2073 857 2157 jam
885 2073 1324 2137 maturitatem
1368 2079 1434 2136 et
1454 2071 1700 2155 justam
1727 2070 2242 2153 magnitudinem
2271 2068 2557 2152 adeptae,
2593 2069 2782 2151 (quae
2821 2068 2932 2131 his

716 2176 913 2239 -annis
959 2174 1041 2238 ad
1073 2175 1285 2258 pisum
1324 2175 1844 2259 grandiusculum
1886 2173 2312 2255 ascendebat‚)
2347 2179 2724 2237 exarescunt
2759 2172 2932 2237 deci-

728 2276 1059 2360 dimtque3
1104 2284 1296 2359 atque
1334 2277 1405 2340 in
1440 2276 1563 2341 hac
1595 2275 2000 2340 Variolarum
2033 2276 2241 2358 specie
2279 2274 2383 2337 die
2412 2273 2657 2338 decimo
2696 2280 2932 2357 quarto

727 2376 825 2441 vel
869 2376 1116 2442 decimo
1157 2378 1386 2460 quinto
1427 2384 1504 2441 ut
1544 2378 1896 2462 plurimum
1944 2376 2238 2441 funditus
2286 2384 2578 2461 pereunt.
2666 2376 2930 2441 Verun-

724 2483 946 2543 tamen
973 2499 1286 2543 manuum
1324 2478 1640 2562 pustulae,
1669 2486 2062 2544 caeterarum
2101 2479 2384 2563 partium
2414 2478 2688 2565 pustulis
2727 2481 2929 2565 perti-

724 2581 1011 2645 naciores
1049 2580 1441 2664 plerumque,
1472 2586 1760 2644 recentes
1801 2579 2009 2644 adhuc
2047 2580 2372 2663 albaeque,
2405 2582 2532 2644 diei
2572 2582 2771 2645 unius
2809 2590 2930 2646 aut

724 2684 984 2749 alterius
1012 2705 1194 2748 mora
1231 2683 1373 2747 illas
1400 2685 1689 2747 vincunt.
1781 2685 1993 2749 Faciei
2019 2691 2085 2749 et
2127 2687 2358 2769 reliqui
2387 2687 2663 2770 corporis
2698 2695 2928 2770 pustu-

721 2787 821 2850 lae
866 2785 1407 2871 desquamatione,
1456 2791 1523 2848 at
1569 2806 1719 2848 vero
1777 2807 2091 2850 manuum
2135 2808 2298 2868 quae
2341 2795 2515 2867 sunt,
2557 2787 2930 2871 diruptione

721 2888 970 2953 abitum
1029 2887 1152 2951 sibi
1207 2892 1458 2970 parant.
1548 2886 1833 2949 Pustulis
1897 2885 2084 2951 faciei
2141 2888 2492 2952 succedunt
2549 2891 2930 2972 squamulae

720 2991 1134 3069 fun-fiuaceae,
1172 3011 1329 3073 quas
1374 2988 1716 3072 aliquando
1755 2982 2080 3073 excipiunt
2125 2990 2342 3055 foveae
2381 2994 2565 3056 cutis.
2655 2994 2927 3058 Etenim

722 3095 837 3158 ubi
879 3094 1159 3177 primum
1206 3092 1509 3156 decidunt
1542 3091 1858 3174 pustulae,
1911 3091 2092 3154 nulla
2141 3091 2352 3157 adhuc
2393 3093 2466 3155 in
2515 3100 2664 3158 cute
2715 3097 2926 3160 cerni-

720 3202 830 3260 tur
870 3194 1323 3278 inaequalitas3
1368 3200 1435 3258 at
1468 3214 1618 3259 vero
1658 3193 2027 3277 hujusmodi
2069 3193 2419 3276 squamulis
2463 3196 2929 3278 exurgentibus

720 3295 1292 3378 recedentibusque
1351 3295 1648 3375 vicissim,
1707 3295 1973 3358 tandem
2036 3302 2421 3360 excaventur
2485 3299 2704 3362 foveae
2759 3301 2928 3364 istae

722 3419 885 3482 quae
934 3418 1387 3481 saepenumero
1445 3399 1516 3461 in
1566 3397 2148 3462 convalescentibus
2206 3399 2288 3463 ab
2346 3399 2468 3464 hoc
2525 3401 2776 3466 morbo·
2811 3404 2929 3466 diu

720 3501 1054 3564 visuntur:
1102 3500 1387 3584 quamvis
1424 3522 1568 3564 raro
1599 3500 1946 3564 admodum
1975 3500 2272 3564 Variolae
2301 3501 2757 3570 Interstinctae
2791 3505 2930 3568 ulla

722 3602 822 3665 sui
864 3602 1162 3685 linquant
1200 3603 1486 3687 vestigia,
1531 3610 1728 3686 atque
1765 3603 1920 3667 illae
1951 3604 2152 3666 ferme
2197 3603 2385 3682 solae,
2424 3626 2586 3687 quae
2625 3627 2737 3669 sex
2773 3628 2925 3690 pos-

719 3706 941 3769 tremis
988 3707 1144 3770 anni
1185 3707 1513 3770 mensibus
1571 3707 1898 3783 invasere3
1963 3727 2112 3768 cum
2171 3727 2334 3789 quae
2389 3705 2507 3769 hos
2563 3717 2924 3790 praeverte-

718 3809 873 3888 rint,
908 3809 1119 3872 nullas
1162 3809 1298 3873 cuti
1334 3815 1520 3873 notas
1558 3809 1932 3892 imprimant
1970 3808 2098 3872 nisi
2146 3808 2312 3873 forte
2351 3811 2798 3889 confluxerint,
2845 3821 2924 3876 ut

720 3918 945 3994 postea
984 3911 1051 3996 [ᾧ
1087 3909 1221 3992 10.]
1268 3910 1534 3975 dicetur.
1628 3910 2029 3975 Decurrente
2068 3911 2294 3976 morbo
2341 3913 2536 3990 omni,
2584 3933 2774 3995 aeger
2819 3916 2926 3980 vel

722 4013 1149 4096 constipatam
1178 4033 1436 4095 prorsus
1462 4012 1660 4075 habet
1691 4013 1923 4091 alvum,
1948 4014 2049 4076 vel
2077 4014 2305 4078 saltem
2326 4015 2646 4078 rarissime
2677 4016 2922 4100 dejicit-

702 4116 943 4198 -4Atque
970 4114 1129 4178 haec
1159 4115 1239 4178 de
1266 4114 1545 4179 Variolis
1576 4114 1888 4178 Discretis
1919 4115 2091 4178 dicta
2119 4123 2332 4180 sunto,

414 4227 674 4304 (Jonuugn-
826 4217 947 4300 [6.]
1004 4221 1065 4280 2.
1117 4216 1563 4300 Symptomata
1612 4239 1761 4281 cum
1805 4217 2115 4281 Discretis
2173 4219 2540 4282 communia
2595 4219 2792 4284 habet
2849 4231 2922 4286 et

412 4361 501 4403 ton
595 4308 659 4340 ¹⁸*
716 4319 827 4382 illa
841 4318 1251 4383 Variolarum
1274 4319 1512 4403 species
1534 4341 1692 4402 quas
1717 4319 2096 4402 Confluentes
2113 4320 2584 4403 appellavimuS,
2603 4322 2728 4384 nisi
2743 4324 2923 4406 quod

718 4420 825 4484 hic
852 4422 1166 4487 atrociora
1187 4420 1320 4486 sint
1351 4419 1602 4499 omnia3
1647 4421 1843 4486 febris
1874 4423 2134 4502 scilicet,
2165 4423 2472 4506 anxietas,
2492 4431 2684 4508 atque
2713 4427 2921 4508 aegri-
