3138 5006
692 271 819 334 124
980 322 985 327 .
1310 266 1698 332 THOMAE
1747 264 2260 332 SYDENHAM

382 404 662 495 viamus
689 452 810 514 que
852 429 1363 495 circumstantias
1392 450 1552 513 quas
1589 428 1926 511 utriusque
1963 428 2234 492 historia
2263 394 2474 507 'longe'
2505 423 2586 488 ab
2616 420 2894 485 invicem

334 585 340 590 .
383 512 660 560 Rfflfflss·
690 534 1119 618 dimepantes
1165 532 1445 612 exhibet,
1492 532 1714 597 seduio
1763 532 2054 595 animum
2106 528 2466 606 adverterit,
2509 525 2690 590 haud
2729 523 2894 585 diffi-

383 578 661 692 ffigssssggf
690 637 895 701 culter
936 637 1112 701 hunc
1162 637 1242 701 ab
1285 634 1397 700 illo
1444 633 1993 699 discriminaverit.
2085 633 2429 695 Crescente
2471 628 2720 707 morbo,
2761 648 2896 691 non

688 740 760 803 in
780 738 1015 802 molem
1038 738 1317 820 aliquam
1340 735 1770 819 spectabilem,
1793 736 1891 798 uti
1912 734 2264 811 Discretae,
2293 730 2702 808 attolluntur,
2733 750 2900 813 quae

687 841 918 905 faciem
967 840 1343 923 praesertim
1394 858 1819 921 occupavere3
1893 842 1960 899 at
2019 836 2143 899 sibi
2198 835 2474 898 invicem
2526 833 2900 915 implicitae,

689 942 897 1026 primo
926 963 993 1005 se
1021 941 1264 1006 habent
1301 942 1508 1005 instar
1548 941 1860 1003 vesiculae
1896 939 2132 1003 rubrae
2168 940 2423 1003 vultum
2455 958 2718 1001 omnem
2747 956 2902 999 eon-

688 1045 989 1127 tegentis,
1040 1065 1231 1127 quem
1275 1043 1592 1107 maturius
1643 1043 1839 1107 etiam
1893 1043 1967 1105 in
2023 1050 2347 1105 tumorem
2397 1040 2650 1103 elevant
2701 1058 2902 1121 quam

692 1144 901 1210 solent
929 1146 1300 1222 Discretae3
1346 1144 1515 1222 dein,
1535 1142 1619 1207 ad
1639 1144 1844 1206 instar
1859 1141 2196 1227 pelliculae
2225 1141 2406 1205 albae
2433 1139 2644 1203 vultui
2673 1137 2905 1220 agglu-

688 1247 954 1325 tinatae,
1007 1248 1264 1311 solitam⁴
1312 1246 1476 1310 cutis
1536 1246 1934 1328 superficiem
1985 1264 2120 1308 non
2170 1244 2450 1308 multum
2501 1248 2901 1324 superantes.

702 1349 867 1434 [la]
922 1351 1361 1433 Praeterlapso
1392 1348 1495 1412 die
1524 1356 1765 1426 octavo,
1787 1348 2085 1431 pellicula
2112 1346 2259 1411 alba
2281 1344 2566 1429 quotidie
2587 1342 2906 1427 paulatim

690 1451 897 1534 magis
941 1458 1352 1535 exasperatur
1388 1450 1607 1533 judice
1652 1449 1875 1531 digito,
1905 1456 1972 1513 et
2015 1449 2099 1513 ad
2141 1448 2418 1512 colorem
2459 1446 2738 1523 fuscum,
2765 1466 2907 1509 non

689 1575 841 1639 vero
869 1554 1123 1634 flavum,
1152 1561 1229 1617 ut
1266 1553 1339 1617 in
1368 1552 1680 1617 Discretis
1710 1550 1973 1615 accidit¹
1995 1577 2014 1629 3
2059 1550 2492 1621 intenduntur
2518 1548 2729 1613 indies
2755 1554 2908 1610 tum

692 1658 1017 1741 asperitas,
1074 1664 1219 1721 tum
1276 1658 1473 1721 etiam
1531 1656 1700 1720 cutis
1757 1655 1954 1733 color,
2023 1654 2226 1719 donec
2281 1652 2548 1716 tandem
2603 1650 2910 1734 pellicula

692 1758 865 1822 dicta
919 1758 1254 1823 latioribus
1310 1756 1567 1821 laminis
1627 1757 2101 1840 desquamatur,
2159 1754 2336 1839 quod-
2385 1755 2458 1818 in
2517 1753 2909 1837 quibusdam

692 1864 878 1929 faciei
920 1862 1229 1947 partibus,
1276 1862 1331 1925 si
1372 1861 1636 1925 morbus
1679 1860 2104 1925 truculentior
2145 1858 2362 1936 fuerit,
2407 1878 2542 1921 non
2585 1855 2714 1919 nisi
2754 1860 2910 1939 post

692 1966 1066 2030 vicesimum
1095 1965 1265 2029 diem
1296 1964 1455 2028 solet
1494 1964 1890 2047 contingere.
1982 1961 2246 2027 Quanto
2285 1959 2624 2023 atrociores
2657 1956 2910 2021 fuerint

694 2068 1011 2145 Variolae,
1062 2073 1247 2132 tanto
1303 2067 1509 2149 magis
1567 2066 1863 2150 pustulae
1920 2069 2424 2127 maturescentes
2483 2061 2566 2124 ad
2622 2060 2910 2123 colorem

697 2168 1071 2233 subfuscum
1098 2174 1393 2249 vergunt,
1424 2174 1610 2231 tanto
1638 2168 1836 2231 etiam
1872 2166 2138 2245 lentius,·
2161 2168 2215 2229 si
2245 2187 2360 2229 suo
2387 2172 2660 2229 utantur
2689 2162 2910 2245 genio,

698 2269 1085 2347 abscedunt3
1160 2275 1235 2332 ut
1283 2290 1319 2333 e
1370 2276 1614 2348 contra,
1661 2276 1906 2352 quanto
1943 2269 2162 2332 minus
2219 2266 2664 2343 confluxerint,
2716 2271 2914 2328 tanto

697 2369 902 2452 magis
946 2375 1011 2434 et
1055 2370 1425 2447 flavescunt,
1455 2377 1521 2434 et
1566 2391 1634 2433 se
1677 2391 1872 2453 ocyus
1917 2370 2300 2454 proripiunt.
2393 2366 2703 2444 Pellicula
2741 2364 2914 2429 haec

699 2492 813 2536 seu
866 2470 1109 2535 scabies
1165 2472 1383 2535 omnia
1422 2471 1796 2555 pervadens,
1845 2471 1961 2536 ubi
2017 2472 2300 2556 primum
2349 2469 2675 2546 deciderit,
2721 2467 2914 2531 nulla

700 2574 959 2657 quidem
988 2572 1281 2638 scabritie
1320 2574 1574 2638 vultum
1614 2575 1848 2653 afficit,
1895 2584 1962 2639 at
1990 2596 2139 2640 vero
2177 2596 2332 2639 mox
2367 2574 2544 2636 illam
2573 2572 2910 2654 excipiunt

700 2680 1069 2763 squamulae
1098 2679 1516 2758 furfuraceae,
1546 2681 1780 2744 indolis
1818 2701 2128 2764 perquam
2171 2679 2543 2756 corrosivae,
2574 2697 2738 2760 quae
2767 2697 2912 2738 non

698 2781 891 2846 modo
918 2783 1308 2866 patentiores
1353 2789 1662 2845 excavant
1689 2782 1921 2860 foveas,
1953 2804 2148 2865 quam
2183 2782 2392 2846 solent
2419 2780 2720 2844 Variolae
2747 2778 2906 2842 Dis-

698 2885 961 2963 tinctae,
1006 2883 1119 2948 sed
1162 2884 1358 2948 etiam
1408 2883 1638 2948 faciem
1689 2885 2090 2949 cicatricibus
2132 2885 2318 2948 foede
2360 2883 2725 2965 deturpant.
2817 2880 2914 2944 In

702 2987 1183 3051 confluentium
1219 3006 1471 3069 genere,
1503 2986 1558 3049 si
1587 2985 1936 3050 admodum
1973 2987 2265 3050 saevierit
2293 2985 2575 3065 morbus,
2603 2983 2912 3047 humero-

701 3111 847 3152 rum
878 3090 1073 3152 etiam
1102 3094 1168 3151 et
1198 3088 1367 3151 dorsi
1408 3087 1689 3152 cuticula
1725 3099 2196 3172 nonnunquam
2224 3088 2612 3172 deperditur,
2641 3085 2914 3150 nudatis

702 3190 993 3274 partibus
1021 3190 1325 3274 subjectis
1354 3191 1804 3274 expositisque.

396 3308 561 3357 Morbi
804 3291 968 3376 [11.]
1016 3292 1680 3356 Animadvertendum
1731 3300 1828 3357 est
1881 3301 2119 3372 autem,
2147 3291 2446 3359 morbum
2491 3292 2666 3355 hunc
2717 3312 2908 3374 mag-

394 3372 682 3485 ξ’,ῗὲἒζζξξῗ
706 3416 865 3459 num
889 3395 1229 3473 aestimari,
1250 3417 1386 3460 non
1414 3415 1531 3479 pro
1561 3395 1970 3460 Variolarum
1997 3395 2358 3480 frequentia
2395 3415 2558 3478 quae
2585 3393 2914 3476 reliquum

396 3502 587 3550 manda.
706 3516 954 3579 corpus,
980 3495 1092 3559 sed
1119 3517 1235 3578 pro
1264 3517 1484 3560 earum
1512 3519 1784 3562 numero
1813 3505 2074 3562 tantum
2102 3518 2264 3580 quae
2290 3497 2539 3575 faciem,
2563 3495 2911 3574 obsedere3

706 3619 871 3681 quae
920 3599 975 3661 si
1024 3598 1125 3661 his
1167 3606 1479 3681 tanquam
1520 3599 1761 3683 injecta
1803 3621 2000 3663 arena
2039 3599 2280 3682 ubique
2325 3604 2722 3680 contegatur,
2753 3603 2913 3661 utut

703 3721 944 3784 paucae
1000 3707 1193 3784 atque
1251 3701 1559 3765 discretae
1629 3702 1759 3766 sint
1817 3723 1930 3765 eae
1990 3721 2152 3784 quae
2209 3701 2285 3763 in·
2335 3701 2584 3783 reliquo
2643 3719 2914 3782 corpore

704 3811 1076 3882 cernuntur,
1121 3804 1297 3867 haud
1339 3805 1555 3868 minus
1605 3804 2004 3887 periclitatur
2047 3825 2238 3886 aeger
2279 3825 2476 3886 quam
2519 3803 2575 3865 si
2615 3800 2916 3865 membra

704 3908 924 3970 omnia
967 3906 1165 3970 denso
1210 3907 1467 3989 agmine
1508 3908 1936 3990 pervaserint:
2013 3914 2205 3990 atque
2249 3927 2326 3970 ex
2379 3906 2659 3983 adverso,
2702 3925 2914 3987 quan-

701 4010 1003 4074 tumlibet
1054 4010 1251 4092 spisse
1302 4015 1610 4074 truncum
1659 4017 1724 4073 et
1775 4017 1953 4074 artus
2004 4009 2470 4093 occupaverint,
2523 4008 2578 4072 si
2620 4008 2694 4070 in
2743 4007 2916 4071 facie

701 4115 971 4178 rariores
1030 4112 1524 4196 comparuerint,
1583 4111 1790 4194 magis
1853 4111 1928 4174 in
1983 4109 2146 4176 vado
2203 4131 2306 4172 res
2363 4117 2482 4174 est.
2572 4107 2767 4174 Quod
2823 4107 2914 4172 de

700 4236 973 4280 numero
1024 4214 1323 4292 diximus,
1374 4219 1441 4276 et
1487 4212 1566 4276 de
1612 4213 2020 4276 Variolarum
2069 4234 2248 4277 more
2295 4219 2508 4297 potest
2559 4212 2910 4290 affirmari3

699 4317 993 4382 malusne
1022 4315 1261 4380 scilicet
1289 4315 1345 4378 is
1373 4315 1590 4394 fuerit,
1621 4336 1707 4377 an
1737 4335 1939 4392 secus,
1966 4313 2183 4378 vultus
2213 4321 2430 4397 aperte
2459 4313 2720 4377 indicat.

1091 4431 1105 4464 ¹
1136 4434 1334 4497 accidit]
1362 4435 1442 4481 Sic
1465 4435 1600 4489 edd.;
1639 4450 1798 4482 annon
1822 4443 1984 4483 tamen
2007 4439 2184 4484 accedit
2209 4435 2501 4497 legendum?
