3138 5006
18 462 53 1138 ···⁴v·=·⁷:ae³=;=

761 294 1363 389 DISSERTA'I'IQ
1406 295 2023 360 EPISTOLARIS.
2359 298 2484 361 381

289 456 441 521 ferri
485 456 770 521 minerae
814 463 967 521 sunt
1001 457 1362 541 participes,
1394 456 1572 522 haud
1610 456 1772 520 mihi
1801 456 2072 521 dubium
2102 462 2200 521 est
2229 456 2488 521 easdem
2549 472 2632 521 Du
2658 469 2762 522 Afi-

288 560 521 623 exinde
570 561 785 623 minus
834 560 1116 625 efficaces
1163 560 1365 623 reddi.
1455 560 1616 623 Non
1661 581 1806 623 sum
1867 559 2123 623 nescius
2176 558 2486 642 quosdam
2516 540 2795 653 ’33ζῆξῖ

286 661 484 726 fuisse
514 669 789 740 sanatos,
820 662 1189 727 catharticis
1231 682 1367 727 non
1405 669 1669 727 tantum
1697 661 2114 741 intercalatis,
2145 662 2259 726 sed
2289 663 2484 725 etiam

288 764 574 847 quotidie
616 786 765 829 cum
810 764 1079 849 chalybe
1111 764 1509 850 propinatis3
1557 765 1730 849 quod
1759 770 1980 828 tamen
2008 786 2143 828 non
2173 771 2312 828 tam
2340 765 2484 829 Me-

286 868 413 931 dici
458 868 887 952 prudentiam,
937 890 1131 952 quam
1188 868 1475 953 chalybis
1524 869 1832 933 virtutem
1880 865 2280 953 ἐνεργητικήν
2323 868 2484 931 mihi

286 970 679 1054 comprobat,
724 992 893 1050 cum,
942 972 997 1036 si
1040 993 1117 1036 ea
1156 971 1561 1051 omittantur,
1608 970 1884 1036 breviori
1925 970 2232 1054 temporis
2278 970 2483 1055 spatio

286 1074 532 1137 curatio
562 1073 883 1138 succedat.

381 1176 545 1261 [99.]
599 1176 833 1260 Neque
873 1197 1028 1240 sane
1066 1176 1250 1241 video
1293 1175 1365 1239 in
1408 1172 1549 1240 aliis
1595 1174 1931 1240 affectibus
1973 1174 2195 1240 multis
2232 1181 2484 1259 praeter

276 1280 415 1363 jam
455 1280 721 1358 dictum,
755 1277 911 1364 quid
953 1278 1392 1356 emolumenti,
1426 1278 1555 1342 sive
1600 1278 1816 1362 potius
1862 1278 2018 1362 quid
2058 1300 2195 1342 non
2235 1279 2479 1342 incom-

282 1382 477 1461 modi,
522 1390 659 1446 tam
717 1382 995 1466 repetita
1050 1381 1551 1446 catharticorum
1603 1381 1912 1445 exhibitio
1973 1381 2180 1464 aegris
2232 1380 2480 1445 adferre

282 1492 495 1568 queat.
587 1484 895 1550 Quamvis
947 1484 1123 1549 enim
1171 1483 1349 1547 haud
1394 1483 1770 1566 negandum
1813 1490 1914 1549 est
1967 1484 2125 1568 quin
2168 1484 2483 1575 intestina

283 1608 363 1652 ex
400 1587 881 1671 impuritatibus
925 1586 1200 1651 liberent
1244 1608 1340 1664 ea,
1386 1593 1453 1651 et
1502 1586 1744 1670 pariter
1791 1607 1826 1650 e
1873 1608 2086 1651 massa
2128 1587 2482 1670 sanguinea

281 1689 583 1753 humores
614 1690 835 1753 noxios
869 1689 943 1752 in
981 1710 1059 1753 ea
1086 1688 1485 1753 stabulantes
1531 1688 2005 1771 aliquantulum
2048 1688 2411 1768 extrahant,
2444 1710 2480 1753 e

284 1799 510 1858 contra
553 1800 775 1858 tamen
820 1793 997 1857 haud
1047 1793 1263 1856 minus
1310 1799 1563 1857 certum
1611 1799 1709 1857 est
1754 1793 1924 1877 quod
1967 1793 2338 1877 frequenter
2379 1815 2478 1857 re·-
2505 1808 2582 1856 Re
2645 1810 2736 1921 {iuga

2502 1888 2560 1920 ca
2615 1890 2644 1920 8
2709 1890 2767 1922 08

280 1898 485 1981 petita
510 1898 584 1961 in
611 1897 979 1981 corporibus
1008 1896 1344 1961 imbecillis
1378 1897 1680 1980 (maxime
1725 1918 1872 1961 vero
1914 1897 1988 1960 in
2031 1897 2350 1961 aetatibus
2379 1904 2476 1961 te·
2501 1937 2552 1985 in
2571 1938 2789 1987 imbecil-

280 2002 511 2084 nellis,)
561 2002 914 2086 plurimum
959 2000 1278 2078 officiant3
1344 2021 1493 2065 cum
1553 2020 1633 2063 ex
1691 1999 1814 2063 hac
1864 1997 2188 2086 προφάσει
2243 1999 2475 2082 ingens
2501 2001 2564 2049 15⁸
2586 2010 2636 2077 qt
2657 2003 2733 2051 in-

278 2104 627 2167 humorum
664 2103 965 2169 colluvies
1004 2103 1074 2166 in
1114 2103 1355 2167 viscera
1396 2102 1708 2181 eliciam,
1743 2110 1938 2185 atque
1967 2101 2047 2165 iis
2083 2101 2154 2165 in
2183 2101 2474 2185 partibus
2497 2066 2768 2193 {ffffifflgm

280 2204 569 2288 deposita
607 2204 1134 2270 fermentationes
1167 2206 1750 2288 praeternaturales
1794 2204 2024 2269 invitet
2045 2230 2066 2283 3
2113 2225 2190 2267 ex
2242 2203 2475 2289 quibus
2501 2196 2750 2253 ⁰ffi⁰5¹²¹¹t³

279 2308 577 2392 deinceps
620 2316 903 2373 tumores
936 2306 1010 2371 in
1051 2307 1276 2372 infimo
1304 2312 1527 2371 ventre
1567 2306 1884 2384 oriuntur,
1913 2312 2102 2370 tanto
2138 2307 2346 2390 magis
2375 2306 2474 2370 in·
2501 2316 2631 2362 unde
2653 2324 2734 2393 ta-

280 2411 414 2475 dies
443 2412 612 2476 mole
633 2418 1067 2494 augescentes,
1093 2417 1337 2494 quanto
1360 2410 1612 2494 saepius
1637 2430 1827 2493 aeger
1845 2416 2181 2493 purgetur.
2255 2411 2474 2494 Atque
2498 2394 2666 2493 {1¹1}ssss
2680 2398 2734 2430 ¹¹²

278 2515 347 2578 id
375 2515 638 2579 demum
668 2513 918 2593 accidit,
947 2520 1025 2579 ut
1054 2515 1213 2578 istae
1240 2522 1475 2597 partes,
1497 2534 1652 2597 prae
1680 2512 2120 2576 imbecillitate
2150 2519 2218 2577 et
2247 2513 2473 2578 caloris
2499 2519 2680 2569 ventre,

277 2619 482 2682 nativi
516 2620 671 2702 (jam
710 2618 829 2682 sub
867 2618 1215 2682 humorum
1254 2638 1448 2681 onere
1496 2616 1678 2700 quasi
1715 2614 1975 2698 obruti,)
2010 2615 2286 2696 defectu,
2323 2615 2475 2682 tabe

278 2722 467 2786 facile
495 2721 856 2786 afficiantur
877 2742 951 2785 ac
978 2727 1371 2804 putrescant.
1436 2719 1842 2803 Quandoque
1865 2717 2081 2798 etiam,
2105 2721 2478 2784 oeconomia

278 2827 592 2890 viscerum
650 2825 733 2889 ob
792 2847 1014 2890 causas
1056 2825 1193 2909 jam
1253 2823 1455 2888 dictas
1514 2823 1775 2906 penitus
1835 2843 2070 2901 eversa,
2132 2823 2476 2906 glandulae
2501 2827 2762 2888 glandulae

276 2928 877 3010 praeternaturales,
909 2935 1193 2991 strumae
1221 2926 1487 3004 soboles,
1521 2932 1586 2988 et
1614 2925 1683 2988 id
1713 2947 1918 3008 genus
1949 2925 2199 3003 similia,
2224 2947 2474 2990 mesen·
2501 2901 2780 3005 ξζῖξῃᾙῗῖ

274 3031 437 3095 terio
475 3036 868 3109 accrescunt,
922 3035 989 3094 et
1033 3029 1115 3093 ad
1157 3035 1433 3092 mortem
1474 3029 1646 3092 viam
1697 3034 2018 3092 sternunt.
2111 3028 2234 3091 His
2281 3029 2473 3092 ratio·
2500 3029 2737 3141 ἓξὲξ·

274 3135 467 3198 nibus
512 3135 831 3199 adductus
874 3133 1275 3198 tutissimum
1323 3153 1461 3196 esse
1500 3132 1724 3216 judico
1771 3131 1846 3194 in
1893 3131 2272 3210 infantibus,
2323 3137 2470 3214 post
2501 3148 2621 3197 Post
2643 3166 2756 3198 eva-

2500 3214 2749 3262 cuationes

274 3239 717 3302 evacuationes
762 3237 1151 3302 universales
1198 3255 1429 3318 easque
1474 3255 1844 3317 perpaucas,
1891 3255 1968 3298 eo
2013 3233 2474 3298 indicationem
2499 3277 2616 3325 univ
2619 3295 2726 3327 ersa

276 3342 627 3405 curativam
662 3341 957 3424 dirigere,
988 3347 1066 3404 ut
1096 3339 1541 3404 confortentur
1572 3337 1834 3421 sanguis
1875 3345 1942 3400 et
1979 3337 2253 3416 viscera3
2303 3337 2476 3421 quod
2501 3342 2570 3390 ¹0⁸
2591 3345 2780 3392 confor-

274 3446 499 3510 vinum
560 3443 1006 3528 Hispanicum,
1062 3442 1163 3506 vel
1220 3443 1429 3506 solum
1478 3441 1582 3504 vel
1637 3439 1856 3504 herbis
1914 3438 2474 3504 corroborantibus
2499 3415 2782 3535 {⁸1:¹1th

272 3550 639 3626 alteratum,
690 3548 934 3612 efficere
976 3545 1147 3629 potis
1189 3551 1305 3623 est,
1350 3544 1543 3608 modo
1590 3565 1782 3606 mane
1827 3549 1892 3608 et
1941 3563 2080 3606 sero
2124 3543 2477 3608 cochlearia
2500 3553 2622 3586 ⁰0¹⁸·

274 3653 519 3736 aliquot
576 3652 714 3735 (pro
759 3650 1009 3714 ratione
1056 3649 1287 3713 aetatis
1346 3647 1565 3730 aegri,)
1631 3647 1788 3711 satis
1848 3646 1960 3710 diu
2021 3647 2472 3712 exhibeantur.

274 3755 445 3818 Cum
479 3763 666 3817 vero‘1
698 3773 859 3836 quae
900 3751 1179 3816 exterius
1222 3750 1665 3827 admoventur,
1697 3756 1924 3813 tenera
1960 3748 2310 3814 infantium
2339 3771 2474 3814 cor-

272 3877 432 3940 pora
479 3855 665 3918 facile
708 3859 1071 3938 penetrent,
1124 3852 1522 3936 proindeque
1575 3851 1957 3934 sanguinem
2007 3850 2220 3934 ipsum
2273 3852 2473 3935 quali-

274 3980 530 4042 cunque
567 3959 805 4022 virtute
852 3977 971 4020 sua
1006 3955 1265 4039 penitus
1306 3955 1607 4032 afficiant,
1649 3975 1686 4018 e
1729 3975 1800 4017 re
1845 3954 1966 4017 erit
2003 3954 2073 4018 in
2110 3954 2474 4017 tumoribus

277 4063 387 4147 qui
430 4069 720 4126 ventrem
764 4081 987 4124 eorum
1037 4063 1374 4140 occupant,
1416 4057 1546 4120 sive
1594 4056 1950 4139 scrophulis
2001 4056 2134 4119 sive
2175 4057 2474 4120 rachitidi

274 4187 457 4231 verae
501 4165 816 4248 originem
858 4162 957 4226 illi
996 4160 1293 4240 debeant,
1324 4161 1682 4224 linimentis
1725 4161 1847 4237 uti,
1881 4180 2045 4243 quae
2089 4160 2470 4243 sanguinem

274 4291 347 4333 ac
376 4270 617 4333 viscera
643 4264 1113 4343 corroborandi,
1146 4285 1219 4328 ac
1247 4262 1487 4348 pariter
1516 4263 1727 4327 labem
1759 4263 2040 4345 aliquam
2077 4260 2475 4327 morbificam

274 4373 351 4435 iis
382 4371 715 4436 inductam
746 4368 1021 4446 delendi,
1053 4367 1115 4431 vi
1142 4368 1409 4451 pollent.

879 4506 900 4538 ἢ
932 4503 1043 4547 Cum
1068 4479 1413 4548 veri—inclusa
1424 4495 1608 4558 fiterit]
1635 4510 1729 4543 om.
1751 4495 1824 4542 ed.
1851 4497 1944 4543 '82
