3138 5006
674 254 800 315 372
1298 246 1688 311 ΤΗΟΜΑΕ
1737 246 2252 311 SYDENHAM

396 430 479 477 Ds
504 428 606 475 Ar·
674 413 805 477 Hic
856 414 997 495 jam
1048 409 1327 494 spiritus,
1381 410 1557 475 facto
1607 410 1790 493 quasi
1839 410 2104 493 agmine
2155 410 2226 473 in
2273 416 2498 473 ventre
2545 408 2887 487 inferiore,

366 492 642 605 ζξζξῐῗῖζ
672 512 1045 579 catervatim
1088 532 1455 595 magnoque
1504 511 1750 596 impetu
1801 513 1872 576 in
1920 512 2138 576 fauces
2195 511 2536 590 irruentes,
2583 531 2891 595 spasmos

363 619 639 697 ἷᾱηῖῆῑΐ
672 617 956 682 excitant
985 636 1101 699 per
1144 635 1403 679 omnem
1434 636 1630 698 quam
1673 621 2018 679 transeunt
2061 614 2413 697 regionem,
2443 621 2744 678 ventrem
2781 614 2889 676 in-

362 706 409 746 9*
430 701 591 763 ⁰⁶3⁰*
671 721 900 784 flantes
930 717 1010 782 ad
1041 718 1247 781 instar
1278 716 1451 800 globi
1480 718 1918 800 praegrandis,
1951 718 2063 801 qui
2093 725 2316 781 tamen
2346 716 2511 781 nihil
2542 716 2730 781 aliud
2759 724 2888 795 est,

670 843 863 905 quam
892 821 1173 903 partium
1202 841 1455 903 spasmo
1484 826 1887 883 tentatarum
1913 820 2280 884 convolutio
2308 827 2374 883 et
2397 820 2579 903 quasi
2608 820 2888 901 conglo-

665 925 845 989 batio
889 922 1223 1006 quaedam,
1270 943 1434 1005 quae
1484 944 1620 986 nou
1665 922 1794 985 nisi
1835 944 2076 1005 magna
2115 922 2180 985 vi
2224 923 2486 1007 reprimi
2535 928 2762 1005 potest
2817 930 2890 986 et

668 1027 963 1092 coerceri.
1032 1028 1257 1091 Partes
1288 1025 1550 1089 interim
1581 1032 1887 1089 externae
1913 1046 2250 1108 massaque
2279 1045 2529 1103 carnea,
2562 1047 2602 1088 a
2631 1025 2890 1107 spiriti-

666 1130 789 1194 bus
818 1130 956 1213 jam
988 1129 1112 1193 alio
1152 1128 1351 1211 raptis
1389 1148 1630 1211 magna
1669 1148 1750 1191 ex
1785 1134 1968 1211 parte
2008 1127 2376 1204 destitutae,
2411 1148 2488 1190 eo
2519 1149 2736 1210 usque
2767 1128 2888 1190 fri-

667 1236 939 1314 gescunt
981 1250 1307 1312 persaepe,
1338 1250 1472 1293 non
1508 1229 1582 1292 in
1623 1228 1745 1292 hac
1781 1228 1917 1293 sola
1943 1227 2238 1292 Affectus
2269 1228 2597 1312 Hysterici
2640 1230 2888 1312 specie,

668 1333 783 1397 sed
827 1333 899 1396 iu
942 1330 1085 1395 aliis
1128 1331 1448 1410 omnibus,
1500 1331 1698 1415 (quod
1754 1332 1932 1415 prius
1993 1332 2062 1418 [ᾗ
2124 1336 2163 1396 7
2166 1332 2260 1415 2.]
2313 1332 2754 1413 adnotatum,)
2807 1342 2888 1397 ut

667 1436 975 1500 cadavera
1017 1456 1148 1499 non
1193 1435 1473 1517 frigeant
1524 1435 1751 1518 magis.
1849 1435 2084 1499 Pulsus
2125 1435 2386 1499 interim
2433 1436 2640 1518 qualis
2685 1458 2888 1499 sanar-

664 1560 810 1601 rum
854 1543 972 1616 est,
1016 1558 1137 1601 nec
1180 1558 1375 1620 aegra
1408 1536 1489 1600 ab
1528 1536 1653 1602 hoc
1697 1536 1950 1620 frigore·
1978 1537 2058 1601 de
2102 1538 2236 1601 vita
2276 1538 2700 1620 periclitam,
2747 1539 2884 1602 nisi

671 1642 833 1706 illud
870 1641 951 1706 ab
982 1640 1397 1705 evacuatione
1442 1640 1654 1724 aliqua
1696 1640 2040 1705 enormiori
2083 1641 2506 1724 praecedente
2549 1642 2885 1725 originem

676 1744 893 1809 ducat.

359 1856 493 1932 iuius
517 1870 641 1917 quae
764 1847 929 1931 [82.]
985 1846 1171 1911 Idem
1216 1847 1412 1911 etiam
1458 1846 1583 1911 (1101
1632 1852 1845 1931 potest
1890 1846 1971 1911 de
2013 1848 2374 1912 violentiori
2424 1848 2552 1911 isto
2601 1848 2878 1912 Affectu

360 1920 579 2031 {sslliffi
668 1949 1033 2035 Hysterico,
1066 1950 1176 2033 qui
1216 1955 1482 2013 externa
1508 1948 1672 2013 facie
1715 1949 1983 2014 colicam
2021 1947 2334 2028 biliosam,
2363 1949 2465 2013 vel
2494 1950 2696 2013 etiam
2725 1972 2880 2033 pas-

355 2048 644 2096 aemulam.
669 2053 914 2117 sionem
942 2053 1217 2131 iliacam,
1247 2053 1645 2131 aemulatur3
1688 2052 1762 2115 111
1793 2073 1919 2136 (1110
1949 2074 2142 2135 aegra
2171 2051 2387 2117 dolore
2409 2052 2512 2115 vix
2534 2052 2880 2117 tolerando

666 2156 737 2219 in
776 2155 1037 2239 regione
1076 2154 1284 2220 cordis
1328 2154 1683 2219 scrobiculo
1725 2155 2192 2237 circumposita,
2233 2177 2370 2219 una
2407 2176 2558 2218 cum
2597 2156 2878 2220 immani

668 2260 973 2323 materiae
1018 2258 1286 2323 herbam
1336 2260 1551 2323 colore
1589 2258 1924 2323 referentis
1975 2258 2377 2336 evomitione,
2423 2258 2874 2323 discruciatur.

670 2361 865 2427 Quod
894 2361 1152 2444 quidem
1182 2368 1544 2445 symptoma
1571 2360 1748 2423 haud
1777 2359 2040 2423 aliunde
2068 2361 2245 2423 nasci
2267 2361 2578 2439 existimo,
2603 2383 2806 2444 quam
2839 2386 2880 2425 a

668 2464 1033 2530 vehementi
1062 2465 1400 2549 spirituum
1432 2464 1630 2528 dense
1660 2461 2284 2546 conglomeratorum
2321 2461 2392 2526 in
2421 2462 2630 2526 dictas
2655 2472 2882 2547 partes

668 2569 970 2652 impulsu,
1008 2568 1183 2632 unde
1228 2575 1295 2630 et
1340 2589 1652 2649 spasmus,
1698 2573 1766 2629 et
1813 2565 2012 2643 dolor,
2044 2573 2110 2630 et
2153 2587 2375 2630 earum
2416 2568 2638 2630 totalis
2665 2569 2879 2632 facul-

669 2679 881 2735 tatum
912 2671 1253 2736 subversiO.

688 2829 713 2840 -
769 2773 933 2857 [83.]
988 2773 1220 2856 Neque
1260 2794 1339 2836 ex
1368 2793 1443 2836 eo
1475 2773 1648 2856 quod
1677 2774 1819 2851 ista,
1853 2793 2016 2855 quae
2054 2773 2124 2836 in
2153 2773 2276 2836 hoc
2317 2772 2553 2836 affectu
2583 2773 2716 2837 sive
2757 2796 2884 2857 per

671 2899 761 2956 οε,
808 2877 939 2941 sive
976 2898 1090 2960 per
1133 2876 1369 2954 sedem,
1412 2882 1783 2957 egeruntur,
1831 2876 2038 2940 colore
2085 2876 2468 2958 quandoque
2509 2875 2700 2938 viridi
2743 2877 2882 2939 tin-

670 2986 931 3063 gantur,
976 2979 1194 3042 statim
1224 2978 1580 3055 conficitur,
1604 2977 1900 3041 morbum
1943 2977 2122 3042 hunc
2165 2979 2235 3040 in
2279 2978 2662 3042 humoribus
2706 2980 2878 3042 resi·

672 3075 840 3159 dere,
888 3088 1002 3144 aut
1054 3080 1521 3145 atrocissimum
1566 3079 1753 3144 illum
1801 3080 2086 3143 dolorem
2137 3080 2217 3143 ab
2264 3080 2552 3144 humoris
2597 3081 2876 3164 alicujus

671 3183 1043 3258 acrimonia„
1081 3189 1331 3265 partem
1374 3183 1478 3245 cui
1528 3182 1823 3247 inhaeret
1867 3182 2257 3261 dilaniantis,
2311 3183 2612 3266 produci3
2679 3206 2878 3266 quem

668 3286 903 3349 idcirco
930 3305 1047 3368 pro
1076 3285 1325 3347 minera
1351 3284 1560 3349 morbi
1589 3286 1960 3362 habeamus,
1992 3307 2066 3350 ac
2095 3285 2364 3369 proinde
2401 3287 2702 3350 remediis
2731 3295 2876 3351 tam

669 3385 798 3452 ἄνω
828 3409 1020 3471 quam
1052 3383 1223 3450 κάτω
1252 3385 1618 3451 cathartieis
1649 3388 1954 3452 radicitus
1991 3389 2443 3472 extirpandum
2471 3409 2873 3454 censeamus.

668 3493 931 3556 Etenim
984 3492 1063 3554 de
1106 3491 1277 3554 facto
1328 3498 1601 3569 constat,
1649 3491 2117 3573 aegritudinem
2168 3493 2348 3554 illam
2394 3514 2520 3574 qua
2569 3492 2873 3555 laborant

668 3595 1043 3676 navigantes
1080 3595 1141 3676 (a
1170 3593 1513 3676 spirituum
1544 3594 1924 3658 animalium
1953 3595 2304 3677 agitatione
2346 3601 2578 3672 ortam,
2606 3595 2680 3658 in
2709 3595 2872 3658 fluc-

667 3697 883 3760 tuanti
912 3719 985 3760 ac
1015 3683 1365 3780 irrequieto
1390 3696 1598 3778 mari,)
1627 3696 1960 3760 colluviem
1991 3697 2217 3761 coloris
2246 3698 2436 3780 plane
2455 3697 2756 3760 herbacei
2787 3718 2868 3761 ex

667 3801 1006 3866 hominum
1036 3800 1135 3864 vel
1164 3800 1648 3864 sanissimorum
1680 3799 2030 3862 ventriculo
2061 3801 2407 3879 exantlare,
2439 3801 2554 3864 ubi
2583 3801 2876 3883 primum

666 3906 736 3968 in
764 3925 941 3968 mare
970 3903 1225 3986 longius
1256 3909 1407 3965 sunt
1433 3901 1736 3986 provecti,
1768 3901 2002 3984 quibus
2030 3909 2252 3966 tamen
2293 3909 2446 3966 ante
2475 3902 2874 3966 semihoram

666 4006 895 4071 ultimo
948 4006 1227 4089 elapsam
1272 4025 1408 4069 non
1452 4005 1664 4068 inerat
1706 4004 1852 4068 bilis
1899 4004 2077 4084 haec,
2116 4026 2308 4088 quam
2337 4025 2709 4086 parrae-eam
2757 4027 2872 4089 ap-

666 4110 901 4192 pellare
945 4108 1121 4173 libet.
1212 4107 1455 4172 Annon
1500 4114 1565 4171 et
1609 4107 1888 4171 infantes
1929 4108 2324 4192 paroxysmis
2365 4108 2766 4184 convulsivis,
2799 4109 2872 4171 in

669 4215 900 4298 quibus
960 4213 1301 4296 spirituum
1360 4212 1736 4275 animalium
1787 4213 2064 4276 maxime
2113 4234 2215 4276 res
2268 4213 2503 4296 agitur,
2556 4221 2694 4276 tam
2753 4235 2878 4296 per

668 4317 1010 4398 superiora,
1037 4335 1229 4397 quam
1260 4335 1374 4397 per
1404 4314 1724 4392 inferiora,
1749 4315 2086 4378 materiam
2109 4315 2396 4399 ejusdem
2425 4314 2615 4397 plane
2639 4314 2876 4378 coloris

669 4417 977 4500 ejiciunt?
1035 4415 1287 4482 Quibus
1334 4415 1700 4479 addendum
1749 4424 1847 4480 est
1893 4417 1960 4480 id
2005 4417 2174 4500 quod
2226 4415 2616 4499 experientia
2661 4417 2878 4481 ferme
