3138 5006
13 3501 73 3545 i}
13 3403 26 3441 ,,

13 4307 56 4368 ἢ·
14 4215 58 4266 ⁸³
13 4117 53 4166 a
14 4009 67 4062 a.
14 3889 68 3958 a·
13 3793 46 3852 *⁶-
13 3709 69 3754 25⁵
13 3593 70 3655 ¹3⁸

976 266 1002 275 ”’
1026 280 1032 286 “
1070 270 1600 336 TRAOTATUS
1648 268 1704 335 1.
2363 270 2494 335 421

292 433 565 517 ἀταξίαν
582 426 1053 519 nonnunquam
1074 433 1373 498 excitavit
1392 459 1413 512 3
1442 433 1778 497 undenon
1797 430 2059 497 tantum
2075 452 2496 518 paroxysmus
2536 453 2622 503 De
2645 456 2786 505 Pon.

292 539 501 622 magis
557 537 1005 617 invalescebat,
1052 538 1164 602 sed
1223 544 1291 601 et
1342 557 1533 619 aeger
1581 536 1653 599 in
1701 536 1873 599 vitae
1924 535 2269 601 discrimen
2318 536 2496 602 haud
2581 534 2742 572 ΛΟΜ·
2800 576 2806 581 ·

292 640 564 705 obscure
598 640 1079 725 conjiciebatur.
1170 638 1445 717 Deinde,
1476 636 1832 702 cathartica
1864 638 1937 700 in
1965 639 2096 701 fine
2131 639 2500 724 paroxysmi

292 749 622 825 usurpata,
662 764 810 807 cum
849 742 1061 806 morbi
1097 739 1399 824 reliquias
1438 740 1692 803 amoliri
1729 738 2091 817 debuerint,
2129 739 2200 802 id
2231 746 2498 805 tantum

296 868 485 931 egere
512 855 619 916 ,ut
673 869 897 913 recens
952 848 1371 933 paroxysmus
1430 846 1510 909 de
1566 865 1734 910 novo
1785 846 2274 928 suppullularet,
2316 840 2497 913 haud

294 950 513 1013 mitior
547 950 745 1033 priori
783 951 947 1029 isto3
994 957 1189 1033 atque
1226 949 1324 1012 ita
1352 969 1560 1031 aeger,
1595 969 1705 1030 spe
1739 948 1902 1011 falsa
1926 948 2224 1028 lactatus,
2256 969 2334 1012 ea
2372 949 2496 1013 sibi

293 1052 565 1115 fabricat
592 1053 783 1132 mala,
816 1074 981 1136 quae
1008 1074 1145 1116 non
1182 1052 1395 1115 fuerat
1424 1072 1762 1135 perpessus
1789 1050 1918 1113 nisi
1943 1050 2248 1117 humores
2280 1051 2494 1118 denuo

290 1154 363 1217 in
397 1154 643 1218 rabiem
679 1162 1048 1237 agerentur.
1140 1153 1336 1219 Quod
1370 1152 1578 1236 genus
1615 1153 2008 1217 incommodi
2041 1153 2313 1237 ipsemet
2345 1156 2492 1238 plus

293 1257 490 1320 semel
534 1265 837 1340 expertus
890 1279 1055 1336 sum,
1100 1258 1283 1322 Artis
1327 1257 1628 1321 Medicae
1677 1277 1866 1341 opem
1906 1263 2314 1341 praepostere
2369 1260 2494 1324 im-

289 1359 551 1444 plorans
589 1359 673 1423 ad
710 1359 1147 1424 exturbandas
1182 1360 1281 1442 (ut
1320 1358 1481 1421 mihi
1507 1358 1890 1440 videbatur,)
1932 1359 2232 1442 reliquias
2261 1362 2493 1427 morbi.

291 1464 647 1541 Postrem0‚
681 1462 853 1545 quod
879 1462 1332 1546 purgationem
1361 1460 1600 1525 attinet
1628 1461 1818 1525 certis
1848 1461 2200 1525 intervallis
2230 1469 2296 1526 et
2325 1464 2494 1528 inte-

292 1586 411 1648 gra
446 1566 723 1629 sanitate
760 1564 1203 1648 repetendam,
1243 1570 1320 1626 ut
1356 1584 1740 1647 paroxysmo
1779 1570 1968 1627 eatur
2003 1563 2256 1629 obviam
2298 1573 2496 1650 atque

292 1667 351 1732 ei
404 1668 618 1730 aditus
668 1665 1152 1751 praecludatur3
1212 1666 1336 1730 etsi
1390 1666 1586 1748 (quod
1637 1671 1735 1729 est
1784 1666 2166 1750 fatendum,)
2215 1690 2350 1732 non
2399 1669 2495 1735 ita

292 1790 595 1852 praesens
634 1770 992 1852 periculum
1021 1775 1119 1833 est
1148 1789 1233 1832 ne
1252 1784 1435 1833 :nova
1472 1768 1746 1851 accessio
1771 1768 2102 1849 invitetur,
2135 1777 2330 1854 atque
2365 1772 2492 1836 fuit

292 1872 366 1934 in
410 1894 561 1936 casu
604 1872 743 1956 jam
787 1871 979 1951 dicto,
1021 1894 1171 1936 cum
1215 1892 1409 1955 aeger
1447 1870 1742 1935 nondum
1785 1870 1906 1953 ἔξω
1946 1870 2182 1951 βέλους
2225 1873 2494 1940 omnino

292 1974 526 2054 fuerit5
586 1984 810 2040 tamen
850 1976 1047 2040 etiam
1084 1975 1207 2039 hoc
1242 1982 1533 2057 tempore
1569 1994 2028 2057 paroxysmum
2065 1976 2254 2060 parit,
2294 1977 2497 2061 idque·

293 2075 376 2141 ob
416 2099 639 2142 causas
677 2100 871 2162 supra
908 2084 1331 2143 memoratas:
1379 2098 1506 2159 quo
1550 2077 1722 2141 malo
1759 2076 1814 2139 si
1849 2077 2016 2141 forte
2053 2098 2320 2161 aegrum
2355 2102 2494 2147 non

294 2180 516 2243 statim
564 2180 955 2260 multaverit,
1000 2180 1375 2243 nullatenus
1417 2185 1643 2242 tamen
1687 2200 1838 2242 eum
1889 2201 1930 2242 a
1970 2181 2196 2245 morbo
2239 2182 2489 2264 liberat,

295 2284 771 2365 quantumlibet
800 2289 1173 2347 constanter
1201 2289 1265 2346 et
1295 2281 1527 2346 debitis
1559 2281 1912 2345 intervallis
1941 2284 2294 2348 cathartica
2330 2286 2494 2351 haec
2573 2322 2580 2331 ·

291 2384 477 2449 illave
506 2385 939 2468 assumpserit.
1033 2384 1345 2450 Quinimo
1373 2385 1724 2448 nonnullos
1754 2384 1904 2447 novi
1932 2384 2086 2449 huic
2115 2386 2341 2452 morbo
2378 2376 2498 2453 obss

295 2487 537 2567 noxios,
571 2488 681 2571 qui
717 2488 994 2552 catharsi
1030 2509 1167 2552 non
1206 2486 1415 2551 solum
1442 2507 1592 2552 vere
1630 2492 1698 2550 et
1735 2494 2069 2567 autumn0,
2103 2488 2217 2553 sed
2253 2496 2323 2555 et
2361 2490 2495 2555 sin-

297 2590 465 2671 gulis
493 2590 842 2670 mensibus,
871 2591 1005 2655 imo
1048 2597 1115 2654 et
1159 2590 1532 2673 septimanis
1572 2590 1918 2668 continuis,
1950 2591 2290 2672 celebrata,
2321 2596 2494 2660 sani-

295 2693 420 2756 tati
485 2693 782 2772 litabant,
840 2713 1053 2776 neque
1127 2699 1349 2756 tamen
1411 2691 1650 2756 horum
1724 2693 2064 2775 quisquam
2129 2694 2494 2780 Podagram

296 2797 562 2879 effugit3
638 2817 819 2879 quae·
844 2796 1076 2860 exhinc
1128 2794 1445 2860 crudelius
1494 2795 1852 2878 plerunque
1894 2804 1963 2859 et
2005 2797 2496 2866 immanioribus

296 2898 745 2982 symptomatis
795 2919 903 2962 eos
951 2896 1323 2981 impetebat,
1368 2917 1563 2979 quam
1616 2896 1673 2959 si
1722 2895 1804 2960 ab
1849 2897 2028 2961 omni
2069 2899 2500 2965 medicatione

294 2999 418 3064 sibi
474 3007 977 3084 temperassent:
1052 2999 1201 3063 licet
1259 2998 1435 3062 enim
1486 2999 1626 3082 jam
1678 2998 1852 3062 dicta
1907 3001 2210 3083 purgatio
2265 3021 2500 3070 causae

294 3105 687 3169 continentis
720 3110 973 3187 partem
1013 3102 1296 3185 aliquam
1331 3100 1533 3183 possit
1568 3098 1860 3179 educere,
1892 3121 2044 3164 cum
2079 3109 2303 3168 tamen
2342 3126 2496 3170 con-

292 3207 571 3271 coctioni
606 3205 1005 3271 roborandae
1056 3205 1119 3287 (a
1158 3224 1286 3287 quo
1332 3208 1594 3266 tantum
1640 3203 1841 3281 abest,
1873 3210 1949 3267 ut
1995 3225 2138 3269 eam
2178 3205 2492 3286 debilitet,

292 3311 538 3374 recenti
580 3310 844 3374 vulnere
888 3310 1215 3373 Naturam
1266 3306 1584 3370 subruens
1632 3325 1706 3370 ac
1751 3306 2101 3391 dejiciens,)
2151 3329 2236 3373 ne
2285 3309 2494 3376 hilum

295 3411 601 3490 conferat,
638 3411 756 3474 uni
791 3409 1248 3474 tantummodo
1284 3429 1513 3472 causae
1551 3408 1918 3491 opponitur,
1957 3415 2024 3474 et
2061 3410 2270 3474 morbi
2309 3433 2498 3478 cura-

292 3513 458 3578 tioni
484 3514 760 3596 impares
787 3533 1047 3596 prorsus
1077 3510 1273 3575 habet
1300 3511 1486 3574 vires.

394 3616 561 3699 [24]
613 3614 723 3679 Ad
763 3616 923 3680 haec
961 3613 1409 3680 annotandum
1447 3618 1564 3690 est,
1605 3612 1687 3677 ab
1732 3613 1958 3678 eodem
1995 3613 2107 3679 illo
2150 3615 2492 3698 spirituum
2521 3623 2666 3699 {Inde
2692 3622 2796 3687 api-

296 3717 573 3795 defectu,
620 3737 749 3799 quo
798 3720 1118 3780 coctiones
1168 3716 1241 3780 in
1291 3715 1371 3778 iis
1413 3715 1726 3778 vitiantur
1774 3717 1885 3799 qui
1937 3716 2232 3801 Podagra
2281 3721 2491 3785 solent
2515 3689 2798 3802 {ffffiffffi

294 3819 605 3897 laborare,
658 3819 1011 3883 eorundem
1068 3818 1410 3901 spirituum
1470 3818 1847 3881 animalium
1906 3819 2226 3885 σύστασιν
2272 3823 2490 3886 minus
2514 3817 2740 3928 ξξὲἱᾶξξῑζ

297 3925 550 3987 firmam
592 3931 1011 4007 vegetamque
1051 3922 1254 4002 reddi,
1293 3922 1469 3986 unde
1512 3944 1662 3986 mox
1713 3923 2028 4008 disjicitur
2071 3935 2137 3990 et
2179 3927 2488 3992 intertur-
2514 3951 2608 3993 tur.
2637 3897 2770 3944 ajun-

294 4026 489 4090 batur
547 4047 587 4090 a
638 4025 857 4108 quavis
906 4046 1099 4090 causa
1148 4045 1312 4107 quae
1362 4025 1464 4089 vel
1513 4026 1805 4090 animum
1851 4028 1953 4091 vel
2010 4048 2239 4111 corpus
2294 4031 2494 4113 paulo

292 4128 638 4192 violentius
688 4127 977 4193 concutit
1028 4127 1473 4211 exagitatque,
1541 4149 1617 4192 ac
1666 4129 1935 4212 proinde
1979 4131 2118 4213 jam
2165 4131 2364 4214 fugax
2415 4155 2493 4198 ac

292 4230 675 4314 dissipabilis
723 4235 823 4295 est
869 4229 1236 4308 admodum,
1275 4237 1467 4313 prout
1512 4231 1594 4294 iis
1634 4231 1744 4314 qui
1784 4230 2110 4296 affectioni
2155 4233 2258 4296 vel
2289 4234 2490 4318 hypo-

293 4333 715 4398 chondriacae
759 4333 861 4398 vel
910 4333 1265 4418 hystoricae
1305 4331 1565 4397 obnoxii
1611 4333 1854 4413 vivunt,
1895 4354 2196 4418 persaepe
2235 4338 2488 4406 accidit.

293 4435 359 4500 A
424 4457 552 4518 qua
618 4435 815 4501 etiam
881 4436 1225 4520 spirituum
1291 4435 1373 4500 ad
1449 4433 1720 4516 ἀταξίαν
1781 4437 2206 4520 propensione
2270 4440 2346 4504 fit
2411 4448 2488 4508 ut
