3138 5006
736 208 865 273 396
1352 208 1741 273 THOMAE
1791 210 2306 276 SYDENHAM

466 386 550 434 Du
575 384 679 435 Ar·
740 378 915 450 neat,
962 370 1121 436 dum
1164 368 1317 435 huic
1366 371 1675 435 methodo
1715 370 2111 450 insistamus,
2156 372 2210 435 si
2255 372 2543 451 affectus,
2589 371 2704 455 qui
2751 372 2960 435 eolica

434 452 714 564 Ρξτοζῃέἶ·
740 474 971 538 biliosa
998 481 1317 553 censetur,
1346 494 1419 537 re
1446 472 1588 557 ipsa
1619 472 2002 558 Hystericus
2035 481 2297 539 tantum
2331 475 2550 553 fuerit,
2579 484 2696 539 aut
2723 475 2956 557 Hypo-

740 576 1185 654 chondriacus‚
1232 576 1481 640 nemini
1532 597 1668 639 non
1718 577 1964 659 liquet3
2039 598 2190 641 cum
2241 578 2479 643 clamet
2529 578 2958 661 experientia,

738 681 931 765 quod,
962 687 1109 764 post
1139 680 1378 763 primas
1424 680 1869 743 evacuationes
1913 680 2326 759 universales,
2363 683 2553 765 (quae
2595 680 2954 743 humorum

734 783 1265 865 putrescentium,
1308 802 1467 865 quos
1508 782 1759 865 peperit
1803 780 2035 863 ἀταξία
2069 783 2208 866 jam
2251 804 2440 867 saepe
2484 782 2676 862 dicta,
2711 782 2958 865 quique

734 884 1049 969 anodynis
1089 885 1420 950 obstaculo
1458 905 1598 948 esse
1635 884 1905 967 possint,
1942 884 2247 950 saburrae
2287 885 2688 950 amoliendae
2727 884 2954 947 dican-

734 991 890 1072 tur,)
925 990 1091 1053 nihil
1119 990 1257 1073 jam
1293 994 1515 1067 restat,
1546 988 1674 1052 nisi
1702 995 1778 1052 ut
1806 989 2284 1054 tumultuantes
2315 990 2574 1076 spiritus
2613 988 2955 1071 consopia-

738 1115 904 1173 mus‚
930 1093 1133 1157 donec
1160 1091 1428 1155 tandem
1458 1099 1894 1176 symptomata
1923 1094 2324 1173 evanuerint,
2355 1099 2551 1178 atque
2581 1093 2660 1157 iis
2689 1114 2954 1157 cessan-

735 1197 911 1261 tibus
952 1201 1311 1280 opportune
1352 1194 1733 1280 chalybeata
1766 1196 2174 1279 imperemus,
2204 1198 2304 1262 vel
2350 1198 2408 1261 si
2437 1196 2610 1281 quod
2639 1196 2824 1259 aliud
2853 1202 2956 1259 est

732 1299 1088 1367 remedium
1150 1298 1319 1382 quod
1379 1299 1764 1381 sanguinem
1821 1298 2230 1363 accendendo
2274 1307 2469 1383 atque
2517 1297 2956 1381 invigorando

734 1402 1032 1466 morbum
1071 1400 1380 1464 radicitus
1424 1400 1720 1483 extirpet.
1809 1400 2042 1463 Meum
2085 1422 2222 1463 non
2265 1408 2364 1465 est
2401 1400 2712 1484 plurimas
2754 1406 2958 1483 atque

734 1506 800 1569 in
808 1494 1043 1589 gentes
1060 1504 1203 1568 illas
1234 1504 1634 1567 calamitates
1665 1524 2063 1580 enumerare,
2096 1525 2252 1586 quas
2281 1502 2578 1568 foeminis
2601 1503 2960 1585 contigisse

734 1608 871 1691 ipse
911 1606 1080 1686 novi,
1110 1605 1227 1670 ubi
1266 1605 1466 1669 colica
1502 1604 1663 1669 haec
1705 1604 2052 1689 Hysterica
2091 1624 2130 1668 a
2163 1606 2294 1671 bile
2329 1613 2544 1670 ortum
2575 1605 2818 1669 ducere
2847 1626 2962 1669 ex·

432 1710 1151 1803 ᾳῃαιεςρο-18111011101111.
1240 1700 1690 1772 Veruntamen
1725 1708 1972 1772 affirmo
2007 1709 2450 1773 evacuationes
2485 1730 2674 1791 saepe
2714 1708 2960 1791 repeti-

428 1796 531 1838 ²²²¹⁸
550 1806 655 1838 ⁸⁰¹⁸
736 1822 858 1893 tas,
884 1835 1047 1898 quae
1070 1812 1330 1897 quidem
1360 1811 1431 1874 in
1460 1811 1662 1875 colica
1687 1810 1918 1874 biliosa
1937 1811 2202 1877 omnino
2236 1809 2626 1891 indicantur,
2660 1812 2960 1875 dolorem

431 1855 702 1903 evacuatio·

430 1920 577 1995 nisus
601 1920 709 1967 Me-
737 1918 1181 2000 vomitumque
1217 1936 1354 1978 non
1392 1914 1601 1978 solum
1637 1934 1772 1977 non
1811 1934 2231 1997 compescere,
2277 1914 2390 1978 sed
2425 1914 2682 1978 irritare
2717 1914 2959 1998 magis,

432 1983 714 2095 ggfixssosson
738 2020 1083 2105 spirituum
1124 2017 1365 2081 scilicet
1404 2015 1979 2100 perturbationem,
2011 2036 2176 2099 quae
2204 2038 2355 2081 vera
2391 2018 2624 2081 horum
2661 2026 2960 2101 sympto-

432 2126 675 2233 {33th
736 2129 988 2187 matum
1018 2142 1213 2186 causa
1240 2127 1357 2195 est,
1383 2119 1838 2202 promovendo,
1927 2120 2346 2203 Tandemque
2376 2122 2622 2185 malum
2653 2121 2740 2183 ad
2769 2141 2962 2184 men-

428 2239 638 2287 irriamt.
738 2247 838 2289 ses
883 2224 1127 2308 aliquot
1190 2222 1664 2306 prolongatum,
1709 2222 2056 2286 metathesi
2107 2222 2450 2306 derepente
2499 2223 2570 2286 in
2613 2222 2962 2287 cerebrum

738 2329 927 2408 facta,
960 2328 1198 2392 desinit
1236 2326 1308 2389 in
1349 2346 1654 2409 spasmos,
1689 2348 1730 2389 a
1758 2325 1992 2408 quibus
2033 2348 2228 2410 aegra
2259 2326 2437 2391 brevi
2468 2349 2505 2391 0
2531 2326 2752 2391 medio
2782 2328 2965 2391 tolli-

432 2442 724 2491 Praeserfim
738 2438 888 2510 tur3
934 2429 1129 2515 idque
1146 2428 1245 2492 vel
1275 2428 1571 2508 maxime,
1593 2428 1728 2507 ubi,
1749 2435 1896 2513 post
1923 2428 2080 2492 alias
2098 2428 2546 2495 evacuationes
2576 2430 2834 2493 diutius
2858 2450 2964 2494 re·

432 2509 703 2636 3¹1¹&th
740 2533 993 2618 petitas,
1025 2531 1337 2597 suadente
1375 2532 1586 2596 colore
1613 2530 1802 2594 viridi
1831 2551 2054 2594 eorum
2085 2552 2248 2614 quae
2281 2553 2397 2616 per
2425 2553 2496 2596 os
2526 2553 2563 2595 e
2589 2532 2970 2596 ventriculo

740 2643 1193 2714 excernuntur,
1225 2635 1564 2698 emeticum
1595 2633 1791 2696 fuerit
1820 2633 2255 2716 propinatum.
2343 2635 2562 2700 Verbo
2593 2634 2814 2698 dicam
2841 2657 2862 2698 ε
2913 2634 2972 2698 si

436 2749 675 2826 Defliag—
740 2741 895 2825 quid
912 2761 1033 2825 ego
1054 2738 1451 2804 observando
1474 2737 1686 2815 didici,
1705 2737 2020 2819 imprimis
2041 2737 2395 2801 cavendum
2419 2745 2536 2817 est,
2556 2759 2640 2802 ne
2663 2747 2976 2822 sympto-

433 2829 716 2926 ffl‘i'ffl'gssa-
739 2853 916 2909 mata
943 2842 1240 2908 foeminis
1274 2839 1633 2924 Hystericis
1673 2839 2012 2903 familiaria
2041 2839 2121 2903 ab
2154 2839 2292 2903 aliis
2323 2861 2482 2923 quos
2513 2861 2700 2923 saepe
2733 2861 2977 2905 aemu-

437 2943 666 2991 vendam.
738 2949 961 3013 lantur
989 2945 1248 3023 morbiS,
1281 2942 1575 3026 diagnosi
1604 2949 1861 3005 errante
1889 2948 2204 3025 putentur
2231 2943 2404 3006 oriri.

838 3049 1048 3134 [128]
1108 3046 1236 3110 Hic
1276 3067 1409 3110 non
1442 3052 1540 3109 est
1575 3043 1996 3122 reticendum,
2031 3045 2221 3127 quod,
2253 3052 2509 3128 praeter
2538 3065 2788 3109 errores
2819 3045 2976 3130 jam

740 3152 1089 3216 recensitos
1134 3171 1174 3212 a
1212 3147 1444 3231 quibus
1482 3147 1802 3211 foeminae
1839 3146 2202 3210 Affectibus
2233 3147 2594 3232 Hystericis
2635 3148 2976 3214 obnoxiae

743 3255 824 3318 de
867 3254 1001 3316 vita
1050 3250 1513 3335 periclitantur,
1558 3249 1917 3333 permultae
1969 3249 2233 3330 insuper
2271 3271 2498 3314 errore
2548 3272 2682 3315 non
2732 3252 2978 3317 minus

742 3357 1001 3420 funesto
1045 3354 1232 3417 dictis
1278 3351 1638 3416 Affectibus
1683 3353 2046 3415 multantur
2089 3373 2166 3416 ea
2207 3359 2611 3436 tempestate,
2660 3375 2794 3436 qua
2853 3356 2980 3420 hie

744 3458 1025 3538 morbus,
1056 3458 1205 3521 licet
1247 3479 1365 3521 sua
1400 3464 1638 3520 natura
1675 3479 1811 3520 non
1852 3459 1934 3521 sit
1973 3457 2252 3536 lethalis,
2283 3465 2507 3522 tamen
2536 3457 2598 3520 vi
2627 3460 2982 3523 malorum

742 3557 1189 3641 ἐπυγινομὲνων
1228 3580 1301 3622 ac
1347 3558 1882 3642 subsequentium
1925 3559 2100 3623 haud
2139 3579 2378 3642 paucas
2408 3582 2445 3625 e
2479 3559 2696 3624 medio
2737 3561 2980 3626 tollat.

742 3661 1039 3744 Exempli
1096 3661 1338 3742 gratia:
1412 3659 1697 3724 foemina
1748 3660 2056 3724 teneriori
2109 3668 2303 3743 atque
2355 3662 2616 3725 infirmo
2665 3663 2982 3745 corporis

742 3764 973 3829 habitu
1002 3763 1320 3826 infantem
1366 3763 1554 3846 parit,
1589 3762 1693 3826 cui
1737 3763 1958 3826 omnia
1998 3763 2310 3826 foeliciter
2339 3771 2406 3826 et
2437 3764 2802 3827 secundum
2847 3787 2984 3829 na-

444 3869 692 3918 Plurimae
745 3874 961 3932 turam
1002 3867 1241 3931 cedunt
1264 3891 1284 3943 3
1330 3864 1640 3928 obstetrix
1682 3864 1834 3946 (sive
1877 3865 2058 3929 rudis
2102 3873 2168 3929 et
2210 3865 2530 3948 imperita,
2575 3865 2705 3929 sive
2743 3867 2984 3948 jacta-

442 3950 705 4063 ξὲξζὲζῖὃθ
746 3970 988 4048 bunda,
1026 3975 1091 4032 et
1139 3989 1333 4052 quam
1377 3968 1700 4051 praeclare
1741 3988 1857 4031 suo
1896 3968 2010 4032 illa
2045 3989 2312 4033 munere
2351 3969 2578 4032 functa
2615 3969 2698 4032 sit
2735 3969 2982 4051 palam

446 4063 728 4176 (ιίἓζξῒξξξζ
750 4074 1127 4156 ostentans,)
1163 4071 1388 4136 suadet
1418 4077 1492 4134 ut
1521 4091 1836 4155 puerpera
1873 4073 2094 4155 paucis
2131 4095 2170 4135 a
2206 4077 2399 4154 partu
2438 4071 2664 4136 diebus
2703 4081 2982 4154 surgat,

444 4193 571 4240 lecto
585 4207 730 4239 exur-
750 4183 817 4240 et
854 4197 920 4240 se
950 4198 989 4239 a
1025 4175 1192 4239 lecto
1232 4171 1607 4257 aliquandiu
1647 4172 1968 4237 abstineat
1989 4198 2009 4252 3
2056 4174 2215 4238 haec
2251 4195 2499 4238 morem
2539 4194 2788 4258 gerenS,
2825 4181 2978 4238 sta.-

447 4265 587 4318 gunt,
600 4256 729 4303 unde
752 4279 872 4341 tim
903 4300 943 4342 a
969 4277 1177 4361 primo
1199 4275 1478 4360 corporis
1499 4283 1686 4339 motu
1714 4275 2078 4339 Affectione
2104 4277 2450 4361 Hysterica
2477 4276 2844 4370 corripitpr,
2871 4285 2974 4354 et,

447 4321 720 4368 lochiorum

448 4399 679 4495 :appres-
752 4402 869 4463 pro
896 4381 1145 4444 ratione
1169 4401 1295 4463 qua
1322 4377 1585 4445 morbus
1614 4379 1990 4464 inaugescit,
2013 4379 2224 4444 lochia
2244 4381 2524 4465 primum
2554 4366 3066 4506 immithmnj*⁴

522 4483 535 4504 2
