3138 5006
674 214 679 219 ⁸
719 259 850 325 152
1334 256 1726 325 THOMAE
1773 258 2302 326 SYDENHAM

450 429 652 478 Fumo
714 416 913 487 etiam
942 422 1294 505 petechiae,
1327 422 1484 487 satis
1522 422 1872 488 manifesto-
1901 423 2142 489 indicio
2174 445 2243 488 se
2286 422 2664 507 prodebant.
2753 424 2896 490 Sitis

406 493 689 607 Αἳζζῗξζι
714 524 974 589 interim
1003 547 1135 589 non
1164 524 1438 608 urgebat
1462 550 1479 601 ;
1522 525 1750 609 lingua
1787 548 2089 590 sanorum
2129 526 2353 589 similis
2391 548 2528 589 non
2567 548 2710 591 raro
2739 548 2900 592 com-

450 622 655 672 ’67-’69-
712 628 947 711 paruit,
978 627 1105 690 nisi
1136 626 1307 710 quod
1337 628 1720 710 quandoque
1749 627 1980 706 albida,
2011 628 2178 692 sicca
2203 627 2544 707 rarissime,
2577 650 2902 711 nunquam

444 742 451 748 ·
712 750 863 793 vero
890 731 1099 812 nigra.
1186 730 1403 812 Aeger
1430 730 1501 791 in
1531 737 1915 818 spontaneos
1938 750 2174 813 eosque
2204 730 2618 793 effiisissimos
2645 732 2900 796 sudores

712 831 794 894 ab
823 830 1012 895 initio
1038 830 1248 893 morbi
1277 830 1660 909 solvebatur,
1690 831 1804 895 sed
1839 851 1988 894 cum
2016 832 2200 895 nullo
2227 831 2578 909 levamine3
2623 833 2902 914 quinimo

710 932 826 996 ubi
854 931 1258 995 calidioribus
1291 932 1776 996 medicamentis
1807 940 1872 995 et
1900 934 2216 1015 regimine
2243 933 2752 1017 provocabantur
2777 934 2898 1013 isti,

706 1035 1065 1118 periculum
1094 1041 1231 1097 erat
1258 1056 1343 1097 ne
1361 1055 1513 1097 mox
1538 1034 1905 1117 phrenitide
1935 1035 2382 1119 corriperetur.
2458 1035 2900 1099 Petechiarum

705 1137 975 1220 insuper
1011 1158 1321 1201 numerus
1374 1136 1750 1219 augebatur,
1799 1144 1994 1219 atque
2046 1137 2170 1200 alia
2216 1144 2648 1221 symptomata
2699 1138 2902 1203 adhuc

706 1236 1178 1301 efferabantur¹²
1206 1238 1443 1301 omnia.
1531 1238 1778 1302 Urinae
1813 1238 2146 1321 separati0‚
2181 1259 2344 1320 quae
2383 1238 2536 1302 satis
2571 1238 2902 1303 videbatur

704 1338 1041 1402 laudabilis
1068 1338 1172 1403 vel
1211 1339 1291 1402 ab
1335 1337 1541 1417 initio,
1585 1360 1766 1422 spem
1805 1338 2083 1403 faciebat
2127 1341 2388 1418 salutis3
2431 1362 2644 1425 neque
2683 1348 2904 1408 tamen

706 1461 898 1523 aeger
936 1442 1143 1524 magis
1181 1440 1410 1506 exinde
1454 1440 1525 1503 in
1566 1442 1798 1505 melius
1839 1441 2230 1523 proficiebat,
2273 1464 2466 1525 quam
2507 1450 2654 1526 post
2689 1440 2906 1529 διαφό-

702 1566 895 1627 ρησιν
927 1543 1008 1606 de
1046 1564 1175 1626 qua
1208 1542 1387 1625 prius
1418 1542 1720 1605 diximus.
1811 1542 1882 1606 Si
1918 1542 2134 1625 minus
2169 1551 2346 1607 recte
2383 1552 2772 1609 tractaretur
2803 1546 2906 1610 hic

705 1644 987 1723 morbus,
1041 1644 1397 1709 diutissime
1453 1644 1950 1727 protrahebatur
2005 1643 2424 1729 plerumque;
2486 1668 2702 1731 neque
2759 1647 2904 1711 crisi

706 1746 920 1829 aliqua
945 1747 1133 1825 facta,
1153 1768 1275 1810 nec
1304 1753 1529 1830 sponte
1564 1747 1764 1829 (more
1794 1746 2064 1811 aliarum
2091 1747 2413 1831 febrium,)
2442 1749 2768 1827 desinens,
2797 1749 2910 1815 sed

704 1848 1189 1932 vehementibus
1208 1848 1650 1933 symptomatis
1679 1850 1986 1913 miserum
2011 1851 2381 1914 excrucians
2411 1850 2494 1913 ad
2515 1851 2905 1935 septimanas

705 1970 823 2015 sex
844 1952 945 2014 vel
983 1958 1147 2029 octa,
1176 1950 1301 2014 nisi
1338 1970 1511 2014 mors
1553 1951 1998 2016 intercederet.
2091 1952 2480 2036 Ptyalismus
2517 1953 2908 2037 quandoque

1312 2067 1335 2090 ¹
1368 2069 1582 2133 (θα-τιὰ]
1608 2071 1675 2119 sic
1697 2071 1769 2119 ed.
1789 2071 1886 2128 ⁹76,
1905 2072 2084 2133 effereb.
2108 2072 2182 2119 ed.
2205 2073 2306 2120 ¹85.

1844 2287 1993 2335 prope
2026 2272 2217 2321 infinita
2248 2272 2504 2321 hominum
2539 2273 2616 2321 vis
2648 2274 2909 2323 fortiorum

1845 2337 2176 2385 cardiacorum
2211 2352 2358 2384 usum
2389 2353 2446 2385 ac
2473 2337 2755 2385 calidiorem
2793 2355 2910 2387 cus-

1843 2401 2026 2448 todiam
2050 2402 2152 2448 suis
2171 2401 2428 2449 funeribus
2462 2401 2582 2457 luat,
2618 2403 2912 2464 quotidiana

1843 2471 2049 2513 testatur
2069 2464 2353 2513 observatio.
2421 2466 2580 2529 Cujus
2603 2467 2806 2528 quidem
2829 2468 2906 2515 in-

706 2276 930 2320 camenta
944 2270 1031 2317 illa
1047 2271 1219 2318 attinet
1238 2286 1361 2333 quae
1380 2270 1617 2319 deformia
1639 2287 1760 2334 pus-

704 2334 919 2383 tularum
942 2334 1148 2397 vestigia
1164 2342 1481 2398 praevertam,
1510 2350 1601 2398 ego
1631 2343 1760 2384 certe

705 2400 765 2446 de
786 2400 863 2447 his
894 2414 991 2447 non
1025 2398 1291 2447 admodum
1311 2400 1385 2447 fui
1420 2400 1673 2457 sollicitus,
1696 2401 1758 2448 ad

704 2478 949 2512 summam
982 2463 1067 2522 rei,
1092 2478 1346 2526 aeg-rorum
1378 2478 1553 2527 nempe
1586 2462 1755 2523 vitam,

374 4001 395 4030 ⁸
410 3998 482 4046 Cf.
495 3999 657 4061 p.150.

374 4062 532 4110 etius.
556 4063 617 4112 iv.

375 4128 419 4173 6.
450 4129 524 4175 12.

704 2529 957 2576 tutandam
978 2528 1138 2590 magis
1160 2534 1387 2576 attentus.
1442 2529 1619 2591 Neque
1641 2544 1755 2577 vero

703 2590 927 2641 Variolae
947 2593 1167 2640 vernales
1188 2599 1237 2640 et
1258 2608 1382 2655 quae
1404 2593 1600 2640 aestatis
1615 2593 1757 2642 initio

702 2657 945 2715 accidunt,
969 2657 1094 2704 hanc
1124 2656 1353 2719 injuriam
1386 2657 1527 2704 valde
1556 2657 1749 2704 minan-

701 2725 807 2776 tur3
842 2736 951 2768 raro
982 2722 1113 2769 enim
1144 2720 1475 2783 profundiores
1506 2720 1754 2770 cicatrices

698 2785 1007 2847 relinquunt:
1046 2800 1170 2847 quae
1186 2791 1349 2832 autem
1367 2784 1476 2832 aliis
1493 2785 1609 2832 anni
1625 2791 1749 2834 tem-

696 2850 967 2912 pestatibus
1002 2855 1275 2905 occurrunt,
1310 2849 1495 2910 ingenti
1538 2849 1752 2910 periculo

697 2913 947 2962 detentum
990 2913 1259 2962 minoribus
1298 2913 1431 2960 hisce
1472 2913 1602 2960 curis
1645 2915 1752 2962 ani-

694 2992 836 3026 mum
857 2993 1025 3026 meum
1058 2977 1277 3025 liberant.
1344 2977 1447 3024 Eos
1476 2985 1641 3024 autem
1665 2978 1750 3039 qui

696 3043 794 3090 oris
818 3043 1025 3104 gratiam
1046 3048 1223 3089 tectam
1246 3046 1520 3103 sartamque
1544 3041 1750 3104 cupiunt

694 3105 787 3153 hoc
829 3121 987 3154 unum
1029 3106 1278 3161 admoneo,
1316 3111 1374 3152 ut
1417 3105 1477 3152 ab
1521 3106 1752 3154 omnibus

693 3169 828 3226 oleis,
864 3169 1105 3230 axungiis,
1138 3168 1422 3227 linimentis‚
1458 3169 1664 3231 aliisque
1697 3171 1748 3218 id

692 3247 847 3294 genus
893 3233 1167 3289 defensivis,
1210 3247 1403 3294 prorsus
1441 3233 1746 3290 abstineant3

692 3296 1084 3358 quandoquidem
1116 3295 1379 3358 multiplici
1418 3297 1746 3346 observatione

693 3359 840 3408 didici
880 3376 937 3408 ea
968 3361 1323 3408 deformitatem
1359 3361 1507 3422 (quae
1540 3361 1660 3408 alias
1693 3363 1744 3409 in

690 3439 887 3472 summo
902 3424 1211 3472 Variolarum
1236 3425 1474 3487 squallore
1497 3426 1581 3472 vix
1602 3431 1740 3473 nota-

688 3487 802 3535 bilis
824 3487 1039 3552 suisset,)
1062 3489 1205 3551 longe
1226 3488 1487 3536 saediorem
1516 3489 1740 3548 reddunt,

688 3565 806 3599 nam
824 3553 941 3600 dum
958 3553 1251 3600 humiditate
1267 3568 1357 3600 sua
1372 3552 1742 3601 ulcusculorum

689 3616 1058 3665 desiccationem
1074 3617 1332 3673 retardant,
1348 3617 1403 3664 fit
1425 3623 1481 3664 ut
1496 3617 1589 3664 hac
1607 3633 1744 3666 mora

687 3681 847 3728 sanies
870 3681 919 3728 in
954 3681 1129 3729 iisdem
1151 3689 1376 3729 contenta
1406 3681 1743 3743 profundiores

684 3745 849 3793 foveas
872 3753 1087 3794 excavet.

754 3809 951 3873 “Atque
968 3810 1060 3858 hoc
1075 3809 1217 3873 plane
1234 3810 1333 3857 ritu
1349 3807 1557 3857 filiolum
1573 3825 1742 3857 meum

690 3873 1013 3922 Guilielmum
1032 3875 1305 3938 Sydenham
1319 3873 1338 3929 (
1345 3874 1487 3934 cujus
1500 3888 1591 3934 ego
1606 3873 1738 3922 salu-

685 3943 783 3986 tem
806 3955 861 3987 ac
884 3940 1035 3986 vitam
1059 3939 1135 3986 vel
1158 3938 1276 4001 ipsis
1298 3938 1551 3986 Indiarum
1568 3938 1742 3999 opibus

684 4017 924 4066 praepono
932 4003 993 4064 ⁸,)
1009 4004 1048 4051 si
1071 4019 1131 4051 ex
1153 4002 1243 4049 hoc
1260 4002 1427 4050 morbo
1450 4008 1740 4063 aegrotaret,

684 4066 781 4114 nisi
796 4069 917 4116 forte
936 4068 1183 4129 quidpiam
1205 4066 1419 4113 insolens
1436 4073 1583 4128 atque
1605 4073 1738 4114 extra

686 4132 903 4180 ordinem
930 4131 1253 4188 interveniret,
1278 4131 1471 4177 tractari
1498 4130 1738 4191 juberem.

686 4195 735 4242 A
756 4211 839 4243 me
861 4203 1022 4244 autem
1043 4196 1096 4242 in
1116 4195 1252 4241 hisce
1277 4194 1521 4242 tradendis
1554 4209 1612 4242 ea
1643 4194 1736 4241 im-

684 4259 841 4321 pietas
874 4259 1157 4322 longissime
1190 4259 1338 4316 abest,
1372 4265 1429 4305 ut
1461 4258 1737 4320 cujuspiam

686 4324 967 4371 mortalium
1020 4322 1303 4372 credulitate
1358 4323 1419 4370 ad
1472 4323 1738 4384 perniciem

685 4385 905 4435 humano
946 4388 1111 4449 generi
1154 4387 1299 4434 etiam
1338 4393 1449 4448 post
1492 4401 1604 4434 mea
1635 4386 1737 4435 fata

685 4449 987 4499 inserendam
1025 4452 1209 4500 abutar.
1284 4450 1549 4498 Enimvero
1587 4466 1736 4514 quam

1843 2530 2003 2576 stituti
2032 2545 2160 2576 noxa
2191 2530 2241 2576 in
2269 2531 2478 2592 juvenes
2513 2539 2709 2592 vegetos
2743 2547 2802 2580 ac
2823 2547 2911 2579 ro-

1841 2593 2012 2640 bustos
2044 2593 2288 2656 imprimis
2322 2594 2492 2641 cadere
2525 2596 2796 2654 consuevit,
2821 2605 2912 2645 ut-

1838 2663 1951 2719 pote
1965 2657 2158 2719 quibus,
2171 2658 2222 2706 in
2236 2657 2362 2705 lecto
2375 2658 2582 2706 detentis
2593 2673 2649 2705 ac
2662 2659 2912 2722 multipli-

1839 2722 1884 2768 ci
1907 2728 2298 2783 tegumentorum
2327 2722 2536 2784 pondere
2559 2723 2761 2780 obrutis,
2785 2739 2912 2772 mox

1839 2786 2062 2847 copiosus
2085 2786 2231 2833 sudor
2249 2786 2424 2832 oboriri
2445 2786 2582 2843 solet,
2600 2787 2687 2849 qui
2711 2802 2742 2834 a
2757 2787 2912 2836 clini-

1838 2849 1909 2895 cis
1941 2849 2258 2906 mulierculis,
2289 2849 2584 2911 malignitati
2621 2849 2770 2911 (quae
2807 2853 2910 2900 for·

1837 2919 1966 2960 tasse
1987 2913 2040 2960 in
2061 2914 2154 2961 hoc
2175 2913 2352 2960 affectu
2373 2914 2513 2961 nulla
2527 2916 2642 2976 est‚)
2662 2915 2912 2964 exhalan-

1837 2976 1926 3024 dae
1971 2977 2184 3034 intentis,
2225 2985 2534 3040 praepostera
2567 2977 2912 3028 sollicitudine

1833 3040 2122 3104 aliquandiu
2171 3042 2452 3103 productus,
2509 3042 2706 3090 tandem
2769 3045 2914 3095 circa

1835 3105 1966 3152 diem
1989 3111 2214 3155 octavum
2240 3105 2678 3168 (quemadmodum
2709 3108 2912 3157 multo-

1833 3169 1927 3216 ties
1949 3169 2309 3230 animadverti,)
2337 3178 2509 3232 sponte
2533 3169 2734 3227 sistitur,
2757 3173 2910 3221 nulla

1833 3234 2240 3282 calidissimomm
2261 3235 2638 3295 pharmacorum
2655 3249 2810 3297 opera
2825 3253 2908 3284 re-

1833 3298 2108 3353 vocandum
2149 3313 2291 3360 aeger
2313 3304 2478 3345 autem
2509 3298 2680 3346 deinde
2711 3299 2766 3346 in
2795 3315 2910 3348 mo·

1831 3361 2144 3409 lestissimam
2177 3360 2581 3423 inquietudinem,
2607 3377 2911 3426 summeque

1832 3427 2087 3486 querulam
2106 3426 2419 3484 anxietatem,
2435 3441 2552 3474 mox
2571 3427 2624 3473 in
2641 3427 2903 3490 copiosam

1829 3489 2112 3537 mictionem
2155 3489 2392 3547 incidens,
2437 3490 2586 3553 paulo
2641 3497 2753 3554 post
2793 3493 2906 3542 fato

1830 3554 2120 3602 succumbit.
2189 3553 2316 3601 Sane
2339 3554 2543 3602 fidenter
2563 3554 2752 3602 affirmo
2773 3571 2912 3618 pau-

1829 3631 1913 3664 cos
1935 3618 2197 3666 admodum
2214 3619 2422 3678 Juvenes
2435 3618 2528 3666 hoc
2543 3619 2643 3666 ritu
2659 3625 2908 3669 tractatos

1829 3696 2050 3744 unquam
2073 3681 2274 3729 evadere
2299 3683 2466 3740 solere,
2492 3683 2587 3730 nisi
2624 3697 2749 3744 quos
2772 3685 2910 3734 forte

1830 3745 2176 3808 superveniens
2229 3746 2523 3808 ptyalismus
2561 3754 2650 3794 aut
2695 3749 2907 3810 copiosa

1829 3810 2022 3857 narium
2065 3809 2435 3874 haemorrhagia
2477 3810 2631 3858 veluti
2669 3825 2732 3858 ex
2771 3813 2906 3875 ipsis

1829 3873 1946 3921 Orci
1989 3874 2214 3922 faucibus
2255 3875 2442 3937 eripiat.
2531 3875 2718 3922 Contra
2761 3891 2904 3936 vero,

1827 3938 2027 3986 morbus
2059 3939 2155 3996 hic,
2180 3953 2328 4000 quem
2348 3947 2582 4001 tanquam
2617 3939 2761 3987 valde
2789 3943 2912 3990 exi·

1826 4003 2024 4059 tiosum,
2061 4009 2111 4050 et
2148 4002 2470 4065 plurimorum
2506 4002 2708 4051 interitu
2751 4004 2906 4054 fune-

1827 4072 1960 4113 stum
1995 4075 2278 4114 aversantur
2319 4067 2538 4130 plerique
2583 4067 2904 4128 mortalium,

1825 4129 1946 4177 levis
1989 4130 2252 4178 admodum
2296 4138 2347 4178 et
2389 4131 2631 4193 benignus
2686 4147 2906 4182 cursum

1827 4209 1988 4251 suum,
2023 4211 2114 4242 nec
2157 4201 2356 4258 aspectu
2393 4195 2512 4242 adeo
2544 4195 2762 4251 foedum,
2797 4211 2904 4246 nec

1826 4266 2004 4306 eventu
2027 4260 2233 4317 tristem,
2256 4259 2458 4322 peragit,
2478 4259 2518 4305 si
2543 4259 2771 4308 methodo
2795 4261 2904 4310 hoc

1826 4323 2029 4370 minime
2052 4339 2251 4386 operosa
2274 4330 2517 4370 tractetur.

1889 4390 1922 4414 ‘⁸
1935 4385 2125 4434 Verum
2139 4387 2360 4448 objiciet”
2377 4388 2468 4435 διο.
2480 4387 2550 4448 (v.
2561 4402 2670 4450 sup.
2685 4403 2732 4450 p.
2749 4387 2814 4436 15
2823 4392 2846 4437 1
2855 4390 2902 4450 .)

1823 4465 1980 4513 usque
2003 4452 2064 4499 ad
2080 4453 2281 4500 consulto
2299 4461 2382 4500 aut
2402 4455 2636 4500 accersito.
2899 4485 2908 4491 -
