3138 5006
666 282 796 345 338
1195 285 1206 301 '⁴
1298 277 1688 341 THOMAE
1737 276 2254 343 SYDENHAM

364 460 447 507 Dn
472 460 640 506 vm-
671 440 795 504 His
824 438 1158 523 (inquam,)
1186 438 1257 502 in
1286 438 1561 517 casibus,
1586 438 2004 522 praecipitem
2032 438 2228 502 nimis
2249 436 2660 521 pustularum
2683 456 2878 518 erup-

357 523 643 635 ⁰5:322?-
665 543 913 607 tionem
962 541 1140 605 haud
1184 541 1485 625 equidem
1537 541 1815 605 arbitror
1866 541 2021 604 natis
2065 538 2346 605 coerceri
2387 559 2594 623 posse,
2637 544 2787 601 tum
2838 558 2882 599 a

667 646 906 709 lectulo
946 644 1351 722 abstinendo,
1382 650 1528 708 tum
1566 644 1766 708 etiam
1805 666 1844 707 a
1877 642 2222 721 cardiacis3
2267 649 2336 706 at
2374 641 2638 724 sanguis
2675 640 2882 705 etiam

670 746 809 813 sine
866 744 1103 808 horum
1160 744 1466 823 subsidio,
1530 745 1880 828 spirituum
1935 745 2480 829 praefervidorum
2531 750 2598 808 et
2647 742 2882 807 morbo

672 867 1107 930 congenerum
1134 847 1325 930 largo.
1342 868 1519 931 penu
1548 855 1795 927 auctus,
1827 868 2066 932 magno
2105 868 2255 912 cum
2283 848 2534 931 impetu
2559 853 2637 910 ut
2667 846 2882 927 espla-

672 951 861 1013 datur
907 949 1108 1033 quasi,
1148 969 1407 1013 necesse
1450 948 1686 1027 habet;
1739 956 1934 1033 atque
1983 949 2249 1031 insuper
2289 954 2478 1011 tanta
2526 947 2882 1011 humorum

672 1052 1001 1135 congeries
1030 1051 1102 1115 in
1132 1050 1592 1115 exanthemata
1619 1051 1910 1129 facesset,
1941 1058 2037 1129 ut,
2067 1071 2222 1134 prae
2249 1050 2454 1113 nimia
2486 1048 2664 1132 puris
2693 1046 2886 1131 copia

670 1154 743 1219 in
772 1154 1156 1237 sanguinem
1184 1154 1650 1236 regurgitantis
1681 1153 1801 1217 sub
1820 1154 1952 1217 fine
1979 1152 2208 1231 morbi,
2239 1172 2448 1235 aeger,
2471 1149 2656 1235 quasi
2681 1148 2884 1213 obru-

671 1265 800 1335 tus,
830 1256 966 1321 fato
995 1255 1259 1320 omnino
1290 1254 1690 1319 succumbat.

368 1387 627 1439 Quomodo
772 1359 936 1443 [15.]
994 1358 1303 1425 Quamvis
1330 1357 1509 1423 haud
1542 1377 1690 1421 raro
1721 1356 2116 1421 fermentum
2149 1351 2490 1418 immodice
2520 1350 2884 1415 exaltatum

366 1452 556 1527 ⁸⁰⁰⁵d25
576 1456 632 1499 ¹¹²
674 1467 929 1525 tantam
958 1460 1251 1524 colluviei
1272 1460 1643 1523 Variolosae
1671 1458 1802 1521 vim
1833 1456 2148 1535 conficiat,
2179 1462 2256 1519 ut
2285 1474 2494 1538 aeger,
2524 1452 2884 1535 incipiente

360 1530 651 1655 ζιξῗῑέιῖῐη.
676 1562 889 1627 adhuc
932 1561 1175 1639 morbo,
1218 1579 1253 1625 e
1297 1560 1509 1625 medio
1552 1560 1856 1636 tollatu13
1917 1577 2068 1623 cum
2111 1557 2350 1621 scilieet
2393 1554 2666 1619 materia
2707 1574 2881 1617 mor-

366 1659 495 1755 ξιζξξο
518 1643 651 1691 ‘⁰¹¹⁸’
675 1664 835 1727 bum
873 1663 1303 1741 committen8‚
1332 1669 1478 1726 tum
1512 1683 1668 1745 prae
1705 1662 1908 1725 nimia
1947 1662 2048 1725 sui
2087 1658 2287 1743 copia,
2315 1667 2462 1724 tum
2498 1679 2653 1742 prae
2691 1664 2884 1721 motu

674 1762 1043 1827 inordinato
1080 1782 1154 1825 ac
1194 1762 1461 1827 confuso
1503 1762 1575 1826 in
1612 1762 1944 1846 sanguinis
1973 1785 2186 1829 massa
2222 1763 2520 1841 excitato,
2552 1781 2620 1824 se
2647 1760 2883 1843 nequit

676 1868 988 1931 extricare
1035 1872 1101 1931 et
1141 1866 1309 1930 foras
1358 1863 1650 1943 educere,
1691 1866 1878 1949 cujus
1920 1866 2062 1930 loco
2101 1866 2336 1930 mictus
2376 1862 2772 1947 sanguineus
2814 1868 2884 1925 et

674 1989 1034 2053 purpureae
1063 1968 1353 2033 maculae
1381 1966 1749 2049 tragoediae
1772 1967 2178 2051 catastrophe
2199 1958 2386 2031 fiunt.
2463 1963 2659 2029 Quod
2681 1964 2884 2027 etiam

678 2078 744 2134 et
787 2072 858 2134 in
900 2069 1231 2148 morbillis,
1272 2075 1339 2133 et
1382 2069 1453 2132 in
1494 2068 1674 2133 febre
1716 2070 2062 2132 scm-latina
2103 2068 2295 2146 dicta,
2337 2066 2736 2150 saepiuscule
2773 2086 2880 2129 oc-

678 2173 899 2250 currit,
941 2172 1055 2235 ubi
1100 2171 1342 2237 scilicet
1384 2169 1838 2253 intempestiva
1880 2190 2074 2253 opera
2119 2170 2195 2233 in
2235 2168 2464 2232 iisdem
2509 2167 2592 2231 ad
2635 2166 2884 2250 erupti-

679 2294 871 2337 onem
897 2272 1341 2336 vehementius
1372 2272 1789 2336 sollicitandis
1818 2271 2162 2335 infeliciter
2189 2271 2556 2335 collocatur.

370 2380 633 2457 sang-uinis
696 2424 704 2431 .
778 2375 943 2459 [16.]
997 2378 1232 2459 Neque
1284 2375 1618 2457 sanguinis
1674 2372 1912 2453 missi0,
1967 2374 2310 2456 (quantum
2366 2371 2528 2434 mihi
2575 2369 2880 2453 videtur)

369 2458 653 2557 ,ᾞζῗξὲξω
679 2476 829 2542 licet
866 2484 1118 2543 mature
1156 2477 1493 2557 celebrata,
1532 2478 1628 2541 ita
1667 2474 2005 2541 efficaciter
2042 2494 2532 2559 praeproperam
2569 2472 2890 2536 materiae

370 2589 589 2685 effoedssn
681 2579 1050 2645 Variolosae
1095 2555 1620 2644 assimilationem
1659 2578 1956 2644 cohibere
1998 2578 2187 2656 valet,
2235 2597 2308 2640 ac
2353 2575 2684 2659 sanguinis
2727 2597 2888 2640 con-

370 2653 653 2777 fflglempe-
680 2683 1061 2766 temperatio
1105 2682 1185 2746 ab
1232 2689 1381 2748 aere
1418 2681 1810 2760 intromisso,
1840 2681 2118 2744 maxime
2164 2679 2219 2743 si
2257 2679 2479 2743 statim
2521 2678 2603 2742 ab
2647 2678 2894 2742 emisso

372 2774 609 2892 32¹ss2&
683 2786 997 2868 sanguine
1036 2807 1227 2869 aeger
1260 2785 1501 2849 lectulo
1538 2784 2001 2861 committatur,
2034 2789 2100 2846 et
2129 2781 2434 2846 cardiacis
2473 2779 2892 2844 calidioribus

374 2894 619 2942 instantia„
680 2895 1036 2967 mactetui-3
1080 2889 1181 2951 his
1222 2887 1465 2954 etenim
1492 2887 1700 2952 modis
1735 2885 1998 2968 sanguis
2033 2884 2409 2968 propensior
2443 2883 2735 2947 redditur
2773 2904 2892 2946 ex-

682 2991 993 3074 cipiendis
1031 2990 1368 3054 adventitii
1396 2989 1623 3054 caloris
1661 2986 2207 3072 impressionibus,
2241 3007 2434 3070 quam
2473 2992 2624 3049 ante
2650 3005 2892 3049 venae-

684 3093 1032 3157 sectionem
1066 3092 1297 3156 fuerat.
1387 3093 1475 3156 Et
1514 3098 1735 3155 sancte
1771 3111 2001 3168 assero,
2031 3089 2543 3172 insignissimum
2574 3088 2708 3152 fere
2745 3109 2893 3152 om-

684 3195 869 3260 nium
928 3216 1087 3277 quos
1136 3194 1299 3258 mihi
1356 3215 1646 3278 unquam
1695 3192 1910 3257 videre
1969 3193 2241 3276 contigit
2300 3213 2337 3256 e
2396 3192 2896 3256 confluentium

685 3315 919 3378 genere
985 3296 1303 3374 morbum,
1363 3303 1430 3360 et
1490 3295 1601 3379 qui
1659 3317 1918 3378 aegram
1975 3295 2318 3359 undecimo
2375 3294 2481 3359 die
2538 3295 2894 3380 jugulavit,

676 3397 1059 3480 juvenculae
1102 3397 1537 3481 supervenisse
1581 3398 1696 3461 ubi
1737 3397 2018 3480 primum
2058 3419 2097 3460 a
2138 3397 2599 3461 rheumatismo
2643 3397 2900 3462 usitata

684 3498 795 3562 illa
832 3499 1137 3563 methodo
1175 3499 1465 3583 copiosae
1504 3506 1571 3564 et
1605 3500 1873 3563 iteratae
1906 3499 2436 3564 venae-sectionis
2474 3499 2684 3564 fuerat
2723 3499 2899 3564 libe-

682 3606 845 3664 rata.
936 3600 1155 3684 Atque
1190 3601 1344 3665 hinc
1381 3601 1543 3665 mihi
1571 3602 1850 3685 primum
1885 3601 2172 3666 innotuit
2208 3601 2712 3685 phlebotomiam
2750 3623 2899 3666 non

384 3718 641 3768 Quantum
685 3701 951 3785 perinde
994 3710 1189 3786 atque
1228 3725 1347 3786 ego
1389 3704 1567 3787 prius
1613 3703 1987 3783 arbitrabar,
2026 3704 2307 3769 Variolis
2347 3705 2523 3769 intra
2557 3705 2770 3789 justos
2805 3704 2898 3768 li-

376 3783 587 3896 3:153,
590 3789 661 3832 ω’
686 3803 878 3868 mites
922 3805 1292 3868 coercendis
1337 3805 1732 3870 conducere:
1785 3806 2045 3870 tametsi
2089 3827 2548 3890 saepenumero
2591 3806 2902 3871 observa-

376 3911 567 3988 tharsis,
688 3905 888 3970 verim
915 3907 1285 3970 reiteratam
1310 3907 1659 3986 catharsin,
1683 3909 1998 3991 sanguine
2025 3908 2317 3973 nondum
2345 3907 2701 3993 inquinato,
2734 3907 2900 3973 sub-

378 3991 617 4088 Zffffiusssse
689 4015 1028 4094 sequentes
1056 4009 1350 4073 Variolas
1385 4009 1738 4073 laudabiles
1767 4017 1833 4073 et
1863 4010 2218 4074 Distinctas
2246 4017 2326 4074 ut
2353 4011 2702 4095 plurimum
2739 4011 2898 4076 red-

378 4105 644 4168 inquinato.
690 4109 946 4175 didisse.

380 4223 627 4284 Objectio-
785 4213 948 4298 [17.]
1004 4213 1236 4297 Neque
1286 4235 1436 4279 vero
1480 4234 1587 4279 me
1635 4214 1820 4293 fallit,
1868 4217 2190 4299 permulta
2241 4237 2378 4281 esse
2436 4239 2600 4301 quae
2657 4225 2902 4284 contra

376 4294 653 4412 ffigissfflnm
686 4315 1076 4378 sententiam
1113 4314 1281 4380 hanc
1324 4324 1632 4395 nostram,
1673 4337 1800 4400 qua
1828 4339 2095 4401 aegrum
2132 4318 2418 4383 interdiu
2454 4319 2620 4383 lecto
2659 4320 2902 4384 eximi..

376 4417 849 4496 moderatummug,
888 4419 1137 4501 possint
1178 4419 1387 4503 objici,
1436 4442 1638 4504 eaque
1676 4420 1853 4486 haud
1888 4421 2104 4504 exigui
2141 4428 2286 4486 tmn
2325 4422 2496 4506 apud
2541 4422 2902 4488 hominum
