3138 5006
658 281 790 345 270
1021 276 1229 342 ΤΗΟ.
1279 276 1797 342 SYDENHAM
1842 273 2219 342 OBSERV.
2267 273 2503 340 Mzssu

375 451 612 504 Auen-u.
659 439 934 506 attulere
963 439 1281 524 speciosae
1314 439 1478 505 istae
1506 437 1799 504 methodi
1825 438 1899 502 in
1928 437 2465 523 speculativorum
2490 433 2672 500 libris
2700 437 2865 500 satis

656 543 936 608 fidenter
963 543 1361 626 descriptae)
1397 543 1616 607 animo
1644 563 1790 607 meo
1826 541 1989 606 haec
2015 539 2299 625 primum
2336 538 2615 622 agitanti
2640 539 2865 602 minus

659 646 1156 726 satisfaciebant,
1175 667 1326 710 cum
1345 667 1568 730 reapse
1598 666 1949 724 cernerem,
1966 645 2214 708 ludicra
2231 644 2361 708 ista
2378 642 2865 707 cerebrosorum

658 755 1026 813 commenta
1051 748 1148 812 ita
1171 770 1404 832 parum
1433 748 1516 812 ad
1542 747 2113 831 redintegrandam
2144 767 2483 830 aegrorum
2514 745 2863 808 sanitatem

657 852 967 931 conferre,
998 857 1076 916 ut
1111 852 1222 936 qui
1251 852 1334 916 ad
1370 851 1548 936 asyla
1576 851 1735 917 haec
1770 851 2217 934 confugerant,
2254 849 2580 932 (quicquid
2614 847 2862 931 pollici-

657 963 958 1021 tarentur
983 956 1342 1020 Thrasones
1361 965 1383 992 ²
1414 954 1805 1038 dogmatici,)
1839 954 2017 1019 haud
2055 953 2304 1018 meliori
2338 954 2410 1016 in
2440 952 2581 1016 loco
2614 958 2855 1029 essent,

659 1080 854 1142 quam
894 1058 1024 1142 qui,
1063 1059 1360 1142 neglecta
1387 1058 1572 1137 Arte,
1614 1079 1683 1122 se
1716 1064 1891 1123 totos
1924 1057 2221 1122 Naturae
2246 1056 2690 1140 permiserant.
2784 1054 2864 1116 Si

657 1162 815 1245 quid
857 1183 976 1245 ego
1024 1162 1130 1227 bic
1170 1183 1380 1245 egero,
1421 1182 1549 1246 quo
1593 1161 1695 1226 vel
1734 1161 2023 1244 periculi,
2051 1160 2156 1224 vel
2198 1161 2395 1225 etiam
2441 1157 2863 1235 difficultatis,

655 1287 818 1349 quae
859 1265 930 1328 in
973 1265 1074 1330 his
1117 1264 1358 1329 morbis
1406 1264 1825 1348 persanandis
1866 1265 2244 1347 plerumque
2292 1267 2662 1339 occurrunt,
2706 1280 2865 1342 pars

658 1368 872 1451 aliqua
897 1367 1162 1447 levetur,
1191 1368 1406 1452 (quod,
1431 1367 1604 1432 salva
1629 1366 2033 1447 verecundia,
2051 1387 2157 1430 me
2178 1365 2341 1430 mihi
2367 1363 2653 1449 polliceri
2671 1383 2865 1447 posse

657 1472 884 1536 sal-tem
907 1473 1136 1556 spero,)
1165 1492 1428 1554 scopum
1449 1470 1901 1554 quadantenus
1924 1475 2307 1552 assequutus
2338 1490 2502 1545 sum,
2526 1474 2593 1531 et
2622 1466 2863 1530 dulcis-

658 1574 896 1639 simum
922 1574 1197 1659 improbi
1223 1573 1482 1652 laboris,
1512 1573 1585 1637 in
1612 1573 1786 1638 bono
1814 1573 2089 1656 proximi
2124 1571 2490 1656 quaerendo
2523 1577 2697 1634 recte
2727 1569 2863 1633 col-

656 1677 869 1756 locati,
917 1677 1203 1742 fructum
1247 1677 1404 1742 fero.
1497 1676 1681 1741 Haec
1731 1677 2076 1760 praecipua
2123 1676 2257 1740 fere
2306 1682 2462 1739 sunt
2509 1695 2672 1758 quae
2715 1675 2887 1757 jam·

657 1779 863 1844 habeo
892 1785 1220 1863 comperta
1245 1779 1369 1864 (vel
1397 1780 1625 1845 saltem
1656 1779 1739 1843 ad
1766 1779 2146 1845 methodum
2177 1779 2459 1861 aliquam
2487 1777 2639 1841 novi
2664 1777 2862 1840 redu-

658 1883 846 1966 cere,)
881 1883 1050 1946 circa
1078 1883 1334 1961 Febres‚
1365 1889 1433 1947 et
1469 1889 1901 1967 symptomata
1930 1903 2093 1965 quae
2136 1880 2217 1946 ab
2258 1881 2500 1946 eisdem
2548 1879 2861 1964 pendent,

661 1985 744 2050 ad
788 1986 964 2050 hunc
1012 2007 1214 2070 usque
1258 1989 1346 2050 30
1382 1985 1759 2051 Decembris
1810 1984 2001 2065 diem,
2054 2005 2227 2049 anno
2282 1986 2473 2063 1675,
2522 2005 2649 2067 quo
2695 1982 2883 2046 haec·

661 2088 1011 2153 conscribo·

1033 2249 1055 2273 ⁸
1092 2245 1285 2302 Thraso,
1305 2259 1482 2293 nomen
1504 2245 1705 2308 gloriosi
1726 2244 1899 2293 militis
1920 2243 2053 2308 apud
2073 2243 2265 2292 Terent.
2290 2243 2341 2290 in
2364 2245 2484 2291 Eun.

1631 2434 1868 2493 FINIS.

1250 2588 1432 2672 Δόξα
1460 2588 1552 2677 τῷ
1579 2589 1647 2654 ἐν
1674 2587 1992 2675 ὑψίστοις-
2012 2588 2253 2654 ΘΕΩι.
