3138 5006
734 273 1486 340 OBSERVATIONES
1533 272 1973 338 MEDICAE.
2368 278 2451 340 13

253 445 432 503 certa
477 459 552 502 ac
603 436 910 500 distincta
954 434 1376 519 peculiarium
1436 440 1941 518 symptomatum
1991 435 2401 519 perceptione
2420 437 2451 500 P

251 541 487 624 Neque
517 540 692 604 enim
719 539 856 601 ulla
885 545 982 601 est
1011 536 1496 600 circumstantia
1523 542 1662 600 tam
1690 536 1845 600 levis
1876 543 1988 600 aut
2018 537 2267 620 exigua,
2288 560 2452 622 quae

251 664 404 708 suos
431 663 588 706 usus
617 641 700 704 ad
727 645 1081 722 utrumque
1115 660 1250 702 non
1279 638 1536 702 habeat.
1626 639 1805 702 Nam
1832 645 1910 702 ut
1942 639 2167 704 demus
2208 641 2453 724 aliquid

248 744 576 808 varietatis
608 765 648 806 a
683 747 1196 824 temperamento
1233 740 1713 804 individuorum
1750 747 1817 804 et
1844 743 2169 806 tractandi
2200 742 2453 808 ratione

246 847 585 932 proficisci,
616 845 1032 909 nihilominus
1078 843 1238 907 adeo
1275 842 1627 925 aequabilis
1666 863 1739 907 ac
1784 843 1906 907 sibi
1942 843 2182 928 ubique
2228 845 2453 910 similis

216 985 232 999 ·
247 956 348 1012 est
379 948 674 1012 Naturae
711 947 868 1011 ordo
911 945 984 1008 in
1025 944 1454 1028 producendis
1498 944 1761 1024 morbis,
1792 952 1869 1008 ut
1898 945 1969 1008 in
2012 946 2276 1010 diversis
2312 967 2449 1011 cor.

245 1050 512 1134 poribus
542 1050 768 1113 eadem
795 1049 1176 1132 plerumque
1197 1047 1602 1130 reperiantur
1618 1046 1905 1130 ejusdem
1928 1047 2136 1112 morbi
2166 1071 2302 1133 sym
2306 1056 2450 1132 pto·

245 1159 464 1230 mata3
531 1173 606 1215 ac
651 1151 764 1214 illa
821 1151 960 1234 ipsa
1019 1164 1184 1232 quae
1239 1149 1312 1212 in
1373 1149 1636 1212 Socrate
1688 1155 2063 1232 aegrotante
2112 1149 2449 1216 observata

242 1253 512 1331 fuerint,
549 1254 744 1316 etiam
795 1251 1182 1335 generaliter
1227 1251 1310 1314 ad
1352 1250 1683 1314 hominem
1730 1271 2176 1335 quemcunque
2224 1255 2451 1318 eodem

239 1355 476 1420 morbo
518 1354 924 1419 laborantem
967 1352 1302 1417 transferri
1344 1353 1631 1435 possint3
1678 1374 1813 1416 non
1858 1374 2039 1417 secus
2085 1377 2159 1418 ac
2194 1356 2449 1421 univer-

241 1561 372 1624 rite
409 1580 480 1622 se
521 1558 923 1624 diffundunt.
1015 1557 1147 1623 Qui
1196 1556 1395 1639 (verbi
1431 1557 1684 1640 gratia,)
1722 1557 1955 1621 violam
2001 1567 2293 1625 accurate
2338 1562 2450 1627 de·

243 1661 572 1745 scripserit
641 1660 852 1743 quoad
909 1659 1206 1737 colorem,
1277 1679 1589 1741 saporem,
1659 1658 1939 1737 odorem,
2010 1681 2084 1724 ac
2150 1663 2447 1745 figuram,

243 1773 626 1848 caeteraque
669 1763 738 1826 id
783 1783 1008 1844 genus,
1050 1760 1350 1825 omnibus
1393 1760 1636 1844 ubique
1678 1767 1998 1826 terrarum
2040 1763 2241 1843 violis,
2285 1787 2449 1849 quae

243 1866 372 1929 sub
405 1887 484 1930 ea
525 1865 734 1949 speeie
769 1864 1206 1950 continentur,
1249 1862 1585 1926 historiam
1623 1863 1804 1927 illam
1836 1864 1909 1926 in
1950 1865 2271 1950 plerisque
2310 1869 2449 1935 fere

241 1968 550 2031 omnibus
579 1967 918 2032 convenire
946 1967 1130 2030 facile
1161 1965 1648 2029 animadvertet.

344 2070 512 2153 [13.]
565 2069 654 2133 Et
685 2069 948 2152 quidem
978 2067 1272 2131 existimo
1310 2089 1430 2130 nos
1461 2066 1543 2131 ob
1576 2087 1719 2131 eam
1748 2069 2157 2152 potissimum
2186 2093 2445 2139 causam

241 2170 626 2236 accuratiori
655 2171 1032 2236 morborum
1062 2169 1355 2233 Historia
1384 2170 1466 2232 ad
1496 2169 1673 2233 hunc
1700 2191 1907 2252 usque
1944 2172 2115 2236 diem
2155 2174 2443 2255 destitui,

241 2274 398 2356 quia
427 2274 668 2337 scilicet
712 2273 1002 2357 plerique
1046 2293 1154 2335 eos
1183 2293 1298 2354 pro
1327 2271 1611 2335 confusis
1640 2273 2115 2357 inconditisque
2150 2276 2445 2342 Naturae

237 2376 414 2440 male
473 2396 540 2439 se
586 2375 832 2440 tuentis
879 2381 946 2437 et
997 2374 1078 2437 de
1129 2380 1306 2437 statu
1364 2394 1480 2436 suo
1540 2373 1825 2457 dejectae
1882 2376 2125 2441 effectis
2183 2385 2445 2444 tantum

237 2481 550 2560 habuere,
583 2501 658 2545 ae
693 2479 964 2565 proinde
992 2478 1262 2543 laterem
1298 2477 1510 2541 lavare
1528 2485 1551 2517 ⁰
1590 2478 1951 2545 crederetur
1977 2481 2034 2545 is
2065 2482 2175 2567 qui
2198 2482 2444 2568 justam

239 2584 602 2651 eorundem
630 2582 1107 2647 enarrationem
1135 2580 1490 2644 moliretur.

343 2686 510 2771 [14.]
569 2686 695 2751 Sed
723 2692 800 2749 ut
841 2684 922 2748 ad
959 2704 1098 2747 rem
1126 2688 1526 2747 revertamur
1555 2707 1568 2745 ε
1623 2704 1757 2747 non
1788 2685 2003 2749 minus
2044 2694 2216 2753 certo
2246 2690 2443 2756 etiam

239 2812 282 2853 a
327 2788 778 2853 minutissimis
824 2785 1037 2850 morbi
1086 2784 1585 2849 circumstantiis
1642 2786 2067 2853 indicationes
2126 2793 2443 2858 curativas

235 2891 446 2975 possit
473 2890 772 2954 Medicus
818 2888 1171 2966 desumere,
1203 2906 1397 2969 quam
1443 2886 1524 2950 ab
1567 2886 1797 2951 iisdem
1842 2893 2117 2974 sumpsit
2146 2893 2443 2976 diagnos-

235 2994 392 3059 tica.
483 2993 703 3075 Atque
739 2991 898 3055 adeo
928 3012 1062 3053 non
1093 2989 1291 3053 semel
1327 2988 1488 3051 mihi
1517 2989 1589 3051 in
1618 2998 1907 3054 mentem
1936 2992 2134 3057 subiit
2166 2997 2355 3077 quod,
2388 2998 2443 3061 si

235 3094 455 3160 morbi
497 3093 840 3179 cujuslibet
883 3092 1242 3157 Historiam
1287 3090 1633 3173 diligenter
1673 3100 2074 3175 perspectam
2116 3097 2442 3178 haberem,

236 3220 357 3281 par
385 3198 559 3261 malo
585 3196 945 3261 remedium
979 3214 1322 3276 nunquam
1349 3214 1486 3256 non
1516 3194 1745 3257 scirem
1777 3196 2023 3276 afferre,
2054 3200 2245 3263 variis
2275 3203 2443 3285 ejus-

237 3310 394 3374 dem
449 3307 912 3392 phaenomenis
969 3306 1144 3370 viam
1202 3325 1331 3386 qua
1373 3302 1534 3367 mihi
1577 3304 2009 3370 incedendum
2053 3308 2221 3374 foret
2265 3310 2444 3377 haud

237 3411 510 3476 dubiam
552 3405 1254 3492 praemonstrantibus3
1329 3426 1498 3489 quae
1557 3405 1819 3488 quidem
1874 3409 2339 3492 phaenomena,
2390 3416 2445 3477 si

235 3514 415 3578 inter
458 3534 526 3577 se
566 3512 788 3577 sedulo
827 3511 1258 3586 conferantur,
1289 3528 1491 3570 manu
1532 3510 1714 3590 quasi
1743 3510 2051 3576 ducerent
2091 3513 2173 3577 ad
2201 3515 2444 3582 indica-'-

237 3617 452 3681 tiones
481 3616 624 3679 illas
653 3615 932 3679 maxime
959 3612 1194 3689 obvias,
1214 3630 1378 3693 quae
1401 3630 1480 3673 ex
1499 3611 1733 3677 intimo
1756 3613 2049 3679 Naturae
2072 3638 2284 3697 sensu,
2308 3642 2443 3683 non

236 3742 390 3785 vero
417 3719 795 3804 phantasiae
823 3717 1148 3781 erroribus
1179 3715 1665 3793 depromuntur.

339 3822 508 3907 [15.]
564 3823 780 3904 Atque
815 3819 918 3883 his
949 3839 1106 3883 sane
1134 3816 1458 3899 gradibus,
1497 3818 1596 3899 (ut
1624 3818 1719 3881 ita
1748 3818 1954 3885 dicam
1958 3822 2002 3905 ,)
2037 3823 2139 3887 his
2169 3825 2445 3890 admini-

242 3925 406 3990 culis
451 3925 534 3989 ad
577 3924 829 3988 coelum
875 3920 1164 3986 aseendit
1173 3918 1224 3997 d,
1271 3918 1356 3981 ad
1399 3917 1771 3985 Medicinae
1812 3944 2046 4007 nempe
2088 3927 2445 4011 fastigium,

241 4026 654 4093 Medicorum
697 4027 806 4090 ille
864 4023 1202 4100 Romulus,
1246 4042 1586 4104 nunquam
1630 4024 1785 4089 satis
1829 4026 2129 4092 laudatus
2194 4030 2444 4114 Hippo-

243 4136 494 4195 crates·
473 4177 494 4209 ,
541 4130 654 4213 qui
685 4128 856 4193 hanc
884 4127 1036 4191 Arti
1063 4124 1360 4189 Medicas
1387 4123 1653 4209 insuper
1681 4130 2026 4195 struendae
2070 4132 2337 4197 solidam
2370 4154 2445 4198 ac

312 4327 554 4373 ‘laterem
575 4326 706 4371 ἱαυαι·
705 4320 796 4385 e]‘
800 4322 1048 4383 ‘Pul-gem
1069 4321 1183 4367 me?
1219 4316 1291 4365 la·
1385 4316 1582 4365 Erssmi
1624 4322 1778 4384 Δάας.
1814 4321 1845 4371 i.
1880 4324 1924 4369 4.
1962 4324 2038 4371 48.
2087 4322 2162 4370 Cf.
2188 4323 2435 4383 Gaisford,

247 4393 400 4435 trem
453 4386 1292 4448 laem'xapampedm.
1382 4382 1506 4429 Paro
1507 4384 2075 4435 σπιθναείιιπλίνθον
2076 4384 2335 4437 snm

247 4452 440 4501 Terent.
465 4454 646 4501 Phor-m.
671 4452 702 4501 i.
727 4454 772 4499 4.
798 4452 860 4509 9.,
875 4451 1014 4498 ubiv
1018 4448 1291 4510 .1n.·terpp
1447 4448 2309 4514 “adcoeluum40.]cf.13pist.Resp.1.
2327 4456 2442 4513 551.

2522 451 2719 500 Puer.

2480 515 2575 564 En.
2592 516 2756 564 Tan-r.
