3138 5006
834 296 870 356 s
995 287 1527 357 TRACTA'I'US
1571 287 1670 356 Π.
2307 289 2439 356 477

237 458 497 518 artuum
540 473 695 518 cum
743 453 1194 538 inquietudine
1242 451 1522 539 quadam
1571 453 1776 518 totius
1819 450 2108 538 corporis
2160 472 2440 537 conque·
2517 455 2682 506 Pou-

234 555 405 620 ritur
419 581 440 633 3
484 555 714 639 lingua
751 555 897 620 alba
932 563 1235 640 apparet3
1278 556 1505 640 pulsus
1550 577 1858 622 sanorum
1899 555 2118 642 pulsui
2147 576 2289 621 non
2327 555 2437 620 ad-
2466 531 2734 605 semri-uu

236 658 504 724 modum
543 659 887 739 absimilis,
939 658 1129 724 urina
1168 659 1433 724 turbida
1469 667 1569 725 est
1609 667 1676 726 et
1712 661 1970 725 intense
2007 660 2239 739 rubet,
2291 679 2438 724 san·

239 761 385 844 guis
414 761 475 825 ei
504 760 831 826 detractus
859 761 1343 845 pleuriticorum
1376 761 1764 846 sanguinem
1801 764 2199 841 aemulatur3
2243 763 2442 830 tussis

238 865 441 931 ferme
476 864 677 944 adest,
721 864 833 928 sed
869 864 1310 948 respirationis
1350 865 1712 946 difficultas,
1755 867 2036 932 thoracis
2071 867 2444 947 coarctatio,

240 974 308 1030 et
337 966 517 1032 dolor
544 966 770 1051 capitis
804 967 977 1031 inter
1008 966 1415 1033 tussiendum
1451 969 1634 1052 quasi
1667 969 1842 1034 idem
1877 970 2199 1049 dissiliret,
2231 970 2442 1036 dictae

240 1070 405 1133 tussi
449 1069 637 1150 (sicut
674 1069 747 1133 in
785 1069 1327 1153 Peripneumonia
1362 1071 1592 1135 Notha
1629 1071 1882 1156 solent,)
1927 1094 1999 1136 se
2037 1093 2176 1136 non
2211 1071 2444 1156 adjun-

240 1177 446 1254 gunt3
511 1171 927 1256 proindeque,
971 1193 1123 1236 cum
1164 1173 1338 1236 notis
1366 1171 1832 1256 insignioribus
1860 1173 2446 1258 peripneumonicis

239 1273 400 1338 haec
428 1274 653 1338 Febris
702 1273 881 1338 haud
932 1274 1296 1358 stipuletur,
1334 1273 1508 1358 (licet
1552 1295 1594 1338 a
1645 1273 1818 1338 dicto
1868 1274 2096 1339 morbo
2138 1296 2276 1340 non
2317 1273 2445 1339 nisi

242 1377 450 1461 gradu
478 1377 829 1462 dissideat,)
864 1377 1118 1441 Febrem
1144 1377 1509 1459 Hyemalem
1537 1377 1888 1461 indigitare
1915 1377 2124 1442 lubet.

340 1481 463 1564 [4.]
522 1480 653 1545 Hic
710 1480 993 1559 morbus,
1054 1479 1178 1544 etsi
1232 1479 1445 1564 primo
1502 1479 1642 1564 ejus
1700 1479 1952 1545 insultu
2014 1485 2450 1566 symptomata

242 1590 643 1658 solummodo
691 1613 731 1656 a
770 1591 1007 1675 frigore
1052 1597 1347 1675 suscepto
1392 1597 1535 1656 orta
1584 1612 1738 1674 prae
1782 1613 1850 1657 se
1893 1591 2077 1672 ferat,
2119 1592 2176 1656 si
2224 1597 2450 1656 tamen

242 1693 412 1758 male
468 1699 801 1775 tractetur,
861 1694 1125 1777 longam
1188 1692 1706 1759 ineluctabili'um
1771 1693 2094 1760 malorum
2151 1701 2449 1759 catenam

242 1809 389 1885 post
436 1822 503 1866 se
554 1801 775 1881 trahit,
824 1824 953 1886 qua
994 1787 1279 1868 tandem⁴
1310 1809 1590 1868 mortem
1627 1802 1838 1886 ipsam
1881 1809 2253 1868 accersunt:
2316 1809 2449 1868 ete-

242 1905 402 1984 nim,
433 1925 583 1969 cum
606 1925 799 1988 aeger
824 1905 1063 1970 lectulo
1090 1904 1525 1971 incarceratus
1550 1905 1771 1985 fuerit,
1801 1911 1868 1970 et
1898 1905 2204 1970 cardiacis
2233 1904 2450 1970 nescio

245 2008 481 2092 quibus
531 2008 614 2073 ad
660 2007 961 2074 sudorem
1010 2007 1399 2072 eliciendum
1449 2029 1524 2073 ac
1571 2008 1845 2094 proinde
1892 2009 1975 2074 ad
2018 2008 2280 2074 Febrim
2327 2008 2450 2073 sol-

239 2111 517 2175 vendam
574 2111 769 2194 (quod
820 2116 1043 2176 tamen
1092 2131 1239 2175 raro
1283 2111 1660 2195 perficitur,)
1708 2111 2081 2191 mulctatus,
2129 2110 2449 2190 delirium,

240 2215 591 2301 lethargus,
649 2215 875 2300 pulsus
930 2213 1282 2297 languidus
1343 2221 1411 2278 et
1466 2213 1896 2293 inordinatus,
1954 2213 2184 2296 lingua
2251 2213 2449 2293 arida,

239 2319 532 2384 maculae
586 2318 899 2383 rubentes
954 2324 1021 2382 et
1074 2316 1458 2402 quandoque
1518 2317 1602 2381 ad
1659 2315 1923 2382 livorem
1975 2303 2452 2400 aliquantulum

241 2423 639 2502 aecedentes,
692 2442 880 2508 saepe
930 2421 1183 2506 saepius
1239 2421 1409 2484 hanc
1455 2420 1717 2485 Febrim
1759 2420 2174 2485 comitantur.
2269 2419 2453 2484 Haec

244 2534 439 2613 atque
503 2528 875 2613 hujusmodi
950 2531 1401 2612 symptomata,
1462 2524 1586 2589 etsi
1649 2524 1982 2589 nonnullis
2049 2544 2167 2607 pro
2231 2524 2450 2605 maliq-

244 2632 471 2695 nitate*
528 2632 626 2715 (ut
666 2629 845 2716 loqui
895 2631 1163 2714 amant‚)
1218 2630 1530 2713 imponat,
1578 2650 1802 2693 revera
1857 2636 2081 2693 tamen
2129 2626 2226 2692 rei
2277 2627 2449 2691 male

246 2740 465 2817 gestae
532 2738 686 2798 sunt
753 2732 1167 2797 ascribenda:
1242 2752 1395 2797 cum
1461 2730 1638 2796 enim
1701 2730 1862 2795 haec
1927 2730 2152 2795 Febris
2225 2737 2452 2813 suapte

243 2843 483 2902 natura
514 2837 659 2922 plus
698 2836 855 2900 satis
891 2833 1401 2899 inflammatione
1435 2834 1694 2917 polleat,
1733 2832 1994 2915 sanguis
2034 2832 2244 2896 adhuc
2282 2833 2451 2898 ulte·

244 2942 381 3006 rius
426 2940 864 3005 cardiacorum
907 2943 973 3002 et
1016 2937 1165 3022 jugi
1212 2936 1437 3001 lectuli
1478 2956 1610 2999 usu
1651 2932 2057 3011 incenditur;
2100 2931 2278 2996 unde
2323 2933 2452 3017 spi-

244 3044 410 3110 ritus
466 3044 540 3110 in
596 3042 1044 3108 confusionem
1101 3061 1177 3105 ac
1232 3046 1449 3104 motus
1504 3038 1907 3102 inordinatos
1962 3035 2452 3127 inconditosque

247 3148 620 3231 adiguntur,
652 3152 865 3229 atque,
892 3144 1165 3209 materia
1198 3140 1531 3209 morbifica
1565 3140 1639 3204 in
1678 3139 2014 3204 cerebrum
2051 3138 2348 3223 impulsa,
2379 3138 2452 3203 in

245 3270 508 3333 pessum
535 3254 740 3311 ruunt
770 3246 1007 3312 omnia.
1416 3319 1419 3326 Ι

344 3351 467 3436 [5.]
522 3352 608 3415 111
650 3350 772 3415 hac
816 3350 1021 3416 Febre
1061 3348 1363 3433 pellenda
1400 3347 1579 3412 hunc
1621 3345 1784 3411 mihi
1833 3366 2099 3430 scopum
2139 3366 2448 3430 propono,
2477 3379 2526 3420 et
2549 3371 2734 3421 curatio

242 3460 323 3518 ut
368 3454 806 3518 exundantem
850 3451 1093 3517 scilicet
1132 3452 1313 3515 illam
1355 3450 1630 3536 pituitae
1674 3448 2031 3527 colluviem,
2074 3446 2157 3513 ob
2201 3448 2451 3533 hyemis
2475 3438 2746 3489 uadunt-ur.

248 3557 615 3641 analogiam
670 3562 1063 3640 congestam,
1106 3556 1622 3619 venae-sectione
1679 3552 2001 3631 revellam,
2049 3559 2116 3616 et
2173 3553 2452 3636 repetita

248 3660 528 3725 catharsi
585 3659 961 3724 subducam.
1054 3658 1237 3722 Haec
1283 3663 1361 3721 ut
1405 3659 1588 3736 fiant,
1629 3655 1748 3720 ubi
1795 3656 2080 3741 primum
2139 3676 2448 3734 accersor,

249 3764 634 3848 sanguinem
664 3784 699 3828 e
727 3760 989 3827 brachio
1020 3761 1245 3826 dextro
1274 3758 1359 3829 ad
1385 3760 1610 3825 uncias
1639 3780 1868 3825 novem
1890 3759 1994 3824 vel
2020 3758 2244 3823 decem
2272 3758 2452 3823 mitti

240 3868 462 3954 jube0.
552 3866 678 3932 Die
730 3872 1038 3953 sequente
1086 3865 1394 3930 blandam
1443 3864 1624 3929 illam
1672 3863 2003 3949 potionem
2046 3862 2454 3947 purgativam

248 3970 411 4034 mihi
440 3969 511 4034 in
540 3968 721 4054 praxi
748 3968 1131 4033 familiarem
1160 3967 1464 4032 exhibeo:
1509 3972 1700 4045 ut,—

252 4111 457 4195 [Form.
485 4136 667 4200 101.]⁸
739 4128 803 4211 R,
842 4128 1285 4185 Tamtu-indorum
1308 4128 1674 4191 semiunciam,

851 4217 1123 4271 Foliorum
1149 4216 1358 4270 Sennae
1381 4213 1660 4282 drachmas
1682 4212 1834 4275 duas,

853 4303 1182 4358 Rhabarbari
1204 4296 1718 4372 sesquidrachmam3

532 4394 718 4465 Coque
734 4392 1024 4448 sufficiente
1037 4392 1333 4462 quantitate
1350 4404 1519 4460 aquae
1532 4384 1604 4441 ad
1617 4385 1801 4441 uncias
1813 4390 1941 4447 tres3
1975 4380 2212 4435 colatura
2230 4378 2451 4433 dissolve

851 4479 1109 4543 Mannae,

384 4617 406 4645 ¹·
442 4610 517 4659 Cf.
547 4614 730 4660 Observ.
756 4612 887 4659 Med.
911 4610 942 4657 i.
966 4610 1014 4656 4.
1035 4610 1095 4657 38
1117 4626 1127 4654 ε
1165 4606 1213 4654 ii.
1235 4609 1280 4655 2.
1310 4606 1351 4655 1.
1681 4608 1700 4635 ⁸
1737 4600 1813 4649 Cf.
1837 4599 2030 4648 sonum.
2055 4600 2101 4656 8,
2127 4599 2208 4655 24,
2230 4596 2304 4645 &c
