<?xml version="1.0" encoding="UTF-8"?>
<!DOCTYPE html PUBLIC "-//W3C//DTD XHTML 1.0 Transitional//EN"
    "http://www.w3.org/TR/xhtml1/DTD/xhtml1-transitional.dtd">
<html xmlns="http://www.w3.org/1999/xhtml" xml:lang="en" lang="en">
 <head>
  <title>
</title>
<meta http-equiv="Content-Type" content="text/html;charset=utf-8" />
  <meta name='ocr-system' content='tesseract 3.04.00' />
  <meta name='ocr-capabilities' content='ocr_page ocr_carea ocr_par ocr_line ocrx_word'/>
</head>
<body>
  <div class='ocr_page' id='page_1' title='image "./operaomnia00khgoog_0633.png"; bbox 0 0 3138 5006; ppageno 0'>
   <div class='ocr_carea' id='block_1_1' title="bbox 680 288 2271 359">
    <p class='ocr_par' dir='ltr' id='par_1_1' title="bbox 680 288 2271 359">
     <span class='ocr_line' id='line_1_1' title="bbox 680 288 2271 359; baseline -0.001 -2"><span class='ocrx_word' id='word_1_1' title='bbox 680 294 824 357; x_wconf 89' lang='lat'>610-</span> <span class='ocrx_word' id='word_1_2' title='bbox 1313 291 1703 359; x_wconf 84' lang='grc' dir='ltr'><strong>ΤΗΟΜΑΕ</strong></span> <span class='ocrx_word' id='word_1_3' title='bbox 1752 288 2271 356; x_wconf 86' lang='lat' dir='ltr'>SYDENHAM</span> 
     </span>
    </p>
   </div>
   <div class='ocr_carea' id='block_1_2' title="bbox 335 451 2911 2417">
    <p class='ocr_par' dir='ltr' id='par_1_2' title="bbox 335 451 2911 2387">
     <span class='ocr_line' id='line_1_2' title="bbox 377 451 2911 541; baseline -0.003 -20"><span class='ocrx_word' id='word_1_4' title='bbox 377 473 540 521; x_wconf 70' lang='grc' dir='ltr'>Τηιε</span> <span class='ocrx_word' id='word_1_5' title='bbox 554 473 660 521; x_wconf 68' lang='lat' dir='ltr'><strong>Dn-</strong></span> <span class='ocrx_word' id='word_1_6' title='bbox 683 455 968 520; x_wconf 81' lang='lat' dir='ltr'><strong>sacchari</strong></span> <span class='ocrx_word' id='word_1_7' title='bbox 982 454 1334 539; x_wconf 75' lang='lat' dir='ltr'><strong>particulae</strong></span> <span class='ocrx_word' id='word_1_8' title='bbox 1357 454 1586 541; x_wconf 84' lang='lat' dir='ltr'><strong>majori</strong></span> <span class='ocrx_word' id='word_1_9' title='bbox 1602 454 1947 520; x_wconf 88' lang='lat' dir='ltr'><strong>instillatas</strong></span> <span class='ocrx_word' id='word_1_10' title='bbox 1967 455 2462 540; x_wconf 81' lang='lat' dir='ltr'><strong>permixtasque,</strong></span> <span class='ocrx_word' id='word_1_11' title='bbox 2480 451 2647 515; x_wconf 85' lang='lat' dir='ltr'>nihil</span> <span class='ocrx_word' id='word_1_12' title='bbox 2668 472 2911 537; x_wconf 85' lang='lat' dir='ltr'><strong>super-</strong></span> 
     </span>
     <span class='ocr_line' id='line_1_3' title="bbox 389 550 2909 651; baseline -0.001 -29"><span class='ocrx_word' id='word_1_13' title='bbox 389 550 651 651; x_wconf 41' lang='lat' dir='ltr'><strong>22²⁸&amp;ssss-</strong></span> <span class='ocrx_word' id='word_1_14' title='bbox 683 557 1000 635; x_wconf 83' lang='lat' dir='ltr'><strong>bibend03</strong></span> <span class='ocrx_word' id='word_1_15' title='bbox 1045 558 1144 621; x_wconf 86' lang='lat' dir='ltr'><strong>vel</strong></span> <span class='ocrx_word' id='word_1_16' title='bbox 1173 558 1441 643; x_wconf 81' lang='lat' dir='ltr'><strong>pilulam</strong></span> <span class='ocrx_word' id='word_1_17' title='bbox 1473 580 1508 622; x_wconf 91' lang='lat' dir='ltr'><strong>e</strong></span> <span class='ocrx_word' id='word_1_18' title='bbox 1536 558 1980 623; x_wconf 81' lang='lat' dir='ltr'><strong>terebinthina</strong></span> <span class='ocrx_word' id='word_1_19' title='bbox 2018 578 2099 623; x_wconf 85' lang='lat' dir='ltr'><strong>ex</strong></span> <span class='ocrx_word' id='word_1_20' title='bbox 2134 558 2351 621; x_wconf 87' lang='lat' dir='ltr'><strong>insula</strong></span> <span class='ocrx_word' id='word_1_21' title='bbox 2379 556 2541 622; x_wconf 87' lang='lat' dir='ltr'><strong>Chio</strong></span> <span class='ocrx_word' id='word_1_22' title='bbox 2569 578 2727 621; x_wconf 89' lang='lat' dir='ltr'><strong>cum</strong></span> <span class='ocrx_word' id='word_1_23' title='bbox 2760 578 2909 620; x_wconf 79' lang='lat' dir='ltr'><strong>sac-</strong></span> 
     </span>
     <span class='ocr_line' id='line_1_4' title="bbox 687 650 2909 744; baseline -0 -21"><span class='ocrx_word' id='word_1_24' title='bbox 687 660 882 725; x_wconf 86' lang='lat' dir='ltr'><strong>charo</strong></span> <span class='ocrx_word' id='word_1_25' title='bbox 909 650 1117 725; x_wconf 72' lang='lat' dir='ltr'><strong>&#39;cando</strong></span> <span class='ocrx_word' id='word_1_26' title='bbox 1146 660 1526 725; x_wconf 83' lang='lat' dir='ltr'><strong>confectam.</strong></span> <span class='ocrx_word' id='word_1_27' title='bbox 1592 660 2101 744; x_wconf 77' lang='lat' dir='ltr'><strong>opobalsamum</strong></span> <span class='ocrx_word' id='word_1_28' title='bbox 2129 682 2265 724; x_wconf 93' lang='lat' dir='ltr'><strong>non</strong></span> <span class='ocrx_word' id='word_1_29' title='bbox 2294 658 2767 723; x_wconf 86' lang='lat' dir='ltr'><strong>assumendum</strong></span> <span class='ocrx_word' id='word_1_30' title='bbox 2800 666 2909 723; x_wconf 85' lang='lat' dir='ltr'><strong>est</strong></span> 
     </span>
     <span class='ocr_line' id='line_1_5' title="bbox 684 761 2907 845; baseline 0 -21"><span class='ocrx_word' id='word_1_31' title='bbox 684 762 814 825; x_wconf 87' lang='lat' dir='ltr'><strong>nisi</strong></span> <span class='ocrx_word' id='word_1_32' title='bbox 851 762 1241 845; x_wconf 78' lang='lat' dir='ltr'><strong>praegressis</strong></span> <span class='ocrx_word' id='word_1_33' title='bbox 1285 762 1811 827; x_wconf 83' lang='lat' dir='ltr'><strong>evacuationibus</strong></span> <span class='ocrx_word' id='word_1_34' title='bbox 1848 762 2105 828; x_wconf 89' lang='lat' dir='ltr'><strong>debitis.</strong></span> <span class='ocrx_word' id='word_1_35' title='bbox 2196 762 2415 845; x_wconf 85' lang='lat' dir='ltr'><strong>Hujus</strong></span> <span class='ocrx_word' id='word_1_36' title='bbox 2442 761 2583 826; x_wconf 89' lang='lat' dir='ltr'><strong>loco</strong></span> <span class='ocrx_word' id='word_1_37' title='bbox 2610 762 2907 825; x_wconf 82' lang='lat' dir='ltr'><strong>electua-</strong></span> 
     </span>
     <span class='ocr_line' id='line_1_6' title="bbox 685 862 2907 949; baseline -0.001 -21"><span class='ocrx_word' id='word_1_38' title='bbox 685 864 856 928; x_wconf 86' lang='lat' dir='ltr'><strong>rium</strong></span> <span class='ocrx_word' id='word_1_39' title='bbox 901 886 938 928; x_wconf 94' lang='lat' dir='ltr'><strong>e</strong></span> <span class='ocrx_word' id='word_1_40' title='bbox 980 864 1274 930; x_wconf 87' lang='lat' dir='ltr'><strong>balsamo</strong></span> <span class='ocrx_word' id='word_1_41' title='bbox 1311 864 1648 942; x_wconf 89' lang='lat' dir='ltr'><strong>Locatelli,</strong></span> <span class='ocrx_word' id='word_1_42' title='bbox 1682 863 2121 949; x_wconf 77' lang='lat' dir='ltr'><strong>glycyrrhizae</strong></span> <span class='ocrx_word' id='word_1_43' title='bbox 2163 863 2445 946; x_wconf 87' lang='lat' dir='ltr'><strong>pulvere,</strong></span> <span class='ocrx_word' id='word_1_44' title='bbox 2476 864 2723 928; x_wconf 87' lang='lat' dir='ltr'><strong>semine</strong></span> <span class='ocrx_word' id='word_1_45' title='bbox 2756 862 2907 926; x_wconf 81' lang='lat' dir='ltr'><strong>ani·</strong></span> 
     </span>
     <span class='ocr_line' id='line_1_7' title="bbox 685 964 2907 1049; baseline -0.001 -19"><span class='ocrx_word' id='word_1_46' title='bbox 685 967 759 1045; x_wconf 92' lang='lat' dir='ltr'><strong>si,</strong></span> <span class='ocrx_word' id='word_1_47' title='bbox 792 974 858 1031; x_wconf 90' lang='lat' dir='ltr'><strong>et</strong></span> <span class='ocrx_word' id='word_1_48' title='bbox 887 965 1335 1031; x_wconf 75' lang='lat' dir='ltr'><strong>terebinthina</strong></span> <span class='ocrx_word' id='word_1_49' title='bbox 1362 967 1827 1031; x_wconf 89' lang='lat' dir='ltr'><strong>concinnatum</strong></span> <span class='ocrx_word' id='word_1_50' title='bbox 1863 966 2105 1049; x_wconf 87' lang='lat' dir='ltr'><strong>poterit</strong></span> <span class='ocrx_word' id='word_1_51' title='bbox 2134 964 2463 1029; x_wconf 88' lang='lat' dir='ltr'><strong>substitui.</strong></span> <span class='ocrx_word' id='word_1_52' title='bbox 2556 965 2717 1029; x_wconf 85' lang='lat' dir='ltr'><strong>Post</strong></span> <span class='ocrx_word' id='word_1_53' title='bbox 2746 984 2907 1028; x_wconf 77' lang='lat' dir='ltr'><strong>eva-</strong></span> 
     </span>
     <span class='ocr_line' id='line_1_8' title="bbox 687 1066 2907 1150; baseline -0.001 -18"><span class='ocrx_word' id='word_1_54' title='bbox 687 1068 1038 1147; x_wconf 89' lang='lat' dir='ltr'><strong>cuationes,</strong></span> <span class='ocrx_word' id='word_1_55' title='bbox 1063 1068 1286 1133; x_wconf 89' lang='lat' dir='ltr'><strong>sedulo</strong></span> <span class='ocrx_word' id='word_1_56' title='bbox 1309 1067 1679 1133; x_wconf 83' lang='lat' dir='ltr'><strong>conandum</strong></span> <span class='ocrx_word' id='word_1_57' title='bbox 1700 1074 1798 1132; x_wconf 88' lang='lat' dir='ltr'><strong>est</strong></span> <span class='ocrx_word' id='word_1_58' title='bbox 1818 1074 1903 1132; x_wconf 77' lang='lat' dir='ltr'><strong>ut</strong></span> <span class='ocrx_word' id='word_1_59' title='bbox 1927 1068 2122 1132; x_wconf 88' lang='lat' dir='ltr'><strong>tussis</strong></span> <span class='ocrx_word' id='word_1_60' title='bbox 2144 1067 2425 1145; x_wconf 87' lang='lat' dir='ltr'><strong>sedetur,</strong></span> <span class='ocrx_word' id='word_1_61' title='bbox 2443 1087 2529 1131; x_wconf 92' lang='lat' dir='ltr'><strong>ne</strong></span> <span class='ocrx_word' id='word_1_62' title='bbox 2550 1066 2907 1150; x_wconf 76' lang='lat' dir='ltr'><strong>pulmones</strong></span> 
     </span>
     <span class='ocr_line' id='line_1_9' title="bbox 681 1169 2906 1255; baseline -0 -21"><span class='ocrx_word' id='word_1_63' title='bbox 681 1170 826 1255; x_wconf 86' lang='lat' dir='ltr'><strong>jugi</strong></span> <span class='ocrx_word' id='word_1_64' title='bbox 865 1170 1221 1253; x_wconf 81' lang='lat' dir='ltr'><strong>agitatione</strong></span> <span class='ocrx_word' id='word_1_65' title='bbox 1257 1170 1640 1235; x_wconf 87' lang='lat' dir='ltr'><strong>infirmiores</strong></span> <span class='ocrx_word' id='word_1_66' title='bbox 1671 1170 1966 1235; x_wconf 75' lang='lat' dir='ltr'><strong>evadant.</strong></span> <span class='ocrx_word' id='word_1_67' title='bbox 2060 1170 2213 1235; x_wconf 90' lang='lat' dir='ltr'><strong>Huc</strong></span> <span class='ocrx_word' id='word_1_68' title='bbox 2254 1169 2409 1233; x_wconf 89' lang='lat' dir='ltr'><strong>facit</strong></span> <span class='ocrx_word' id='word_1_69' title='bbox 2437 1190 2589 1252; x_wconf 83' lang='lat' dir='ltr'><strong>prae</strong></span> <span class='ocrx_word' id='word_1_70' title='bbox 2617 1170 2906 1233; x_wconf 83' lang='lat' dir='ltr'><strong>caeteris</strong></span> 
     </span>
     <span class='ocr_line' id='line_1_10' title="bbox 690 1271 2773 1357; baseline 0 -22"><span class='ocrx_word' id='word_1_71' title='bbox 690 1294 968 1357; x_wconf 78' lang='lat' dir='ltr'><strong>syrupus</strong></span> <span class='ocrx_word' id='word_1_72' title='bbox 991 1273 1130 1356; x_wconf 89' lang='lat' dir='ltr'><strong>jam</strong></span> <span class='ocrx_word' id='word_1_73' title='bbox 1159 1272 1484 1351; x_wconf 87' lang='lat' dir='ltr'><strong>laudatus,</strong></span> <span class='ocrx_word' id='word_1_74' title='bbox 1517 1272 1630 1356; x_wconf 92' lang='lat' dir='ltr'><strong>qui</strong></span> <span class='ocrx_word' id='word_1_75' title='bbox 1656 1272 1781 1337; x_wconf 88' lang='lat' dir='ltr'><strong>hac</strong></span> <span class='ocrx_word' id='word_1_76' title='bbox 1809 1272 2089 1337; x_wconf 84' lang='lat' dir='ltr'><strong>formula</strong></span> <span class='ocrx_word' id='word_1_77' title='bbox 2115 1272 2317 1355; x_wconf 78' lang='lat' dir='ltr'><strong>possit</strong></span> <span class='ocrx_word' id='word_1_78' title='bbox 2344 1271 2643 1354; x_wconf 86' lang='lat' dir='ltr'><strong>usurpari</strong></span> <span class='ocrx_word' id='word_1_79' title='bbox 2660 1296 2773 1335; x_wconf 89' lang='lat'><strong>:—</strong></span> 
     </span>
     <span class='ocr_line' id='line_1_11' title="bbox 689 1404 2209 1476; baseline -0.001 -15"><span class='ocrx_word' id='word_1_80' title='bbox 689 1406 892 1476; x_wconf 84' lang='lat' dir='ltr'><strong>[Form.</strong></span> <span class='ocrx_word' id='word_1_81' title='bbox 919 1407 1070 1473; x_wconf 66' lang='lat'><strong>265]</strong></span> <span class='ocrx_word' id='word_1_82' title='bbox 1147 1404 1210 1473; x_wconf 71' lang='lat' dir='ltr'>R</span> <span class='ocrx_word' id='word_1_83' title='bbox 1250 1408 1473 1461; x_wconf 85' lang='lat' dir='ltr'><strong>Decocti</strong></span> <span class='ocrx_word' id='word_1_84' title='bbox 1499 1406 1787 1460; x_wconf 84' lang='lat' dir='ltr'><strong>Pectoralis</strong></span> <span class='ocrx_word' id='word_1_85' title='bbox 1806 1406 2001 1460; x_wconf 84' lang='lat' dir='ltr'><strong>libram</strong></span> <span class='ocrx_word' id='word_1_86' title='bbox 2026 1422 2209 1469; x_wconf 82' lang='lat' dir='ltr'><strong>unam,</strong></span> 
     </span>
     <span class='ocr_line' id='line_1_12' title="bbox 1253 1492 1837 1563; baseline -0.003 -16"><span class='ocrx_word' id='word_1_87' title='bbox 1253 1492 1448 1563; x_wconf 83' lang='lat' dir='ltr'><strong>Sympi</strong></span> <span class='ocrx_word' id='word_1_88' title='bbox 1473 1492 1539 1546; x_wconf 89' lang='lat' dir='ltr'><strong>de</strong></span> <span class='ocrx_word' id='word_1_89' title='bbox 1563 1492 1837 1557; x_wconf 89' lang='lat' dir='ltr'><strong>Meconio,</strong></span> 
     </span>
     <span class='ocr_line' id='line_1_13' title="bbox 1253 1578 2594 1648; baseline 0.001 -17"><span class='ocrx_word' id='word_1_90' title='bbox 1253 1578 1445 1648; x_wconf 78' lang='lat' dir='ltr'><strong>Sympi</strong></span> <span class='ocrx_word' id='word_1_91' title='bbox 1469 1578 1801 1648; x_wconf 84' lang='lat' dir='ltr'><strong>Capillorum</strong></span> <span class='ocrx_word' id='word_1_92' title='bbox 1825 1578 2067 1643; x_wconf 84' lang='lat' dir='ltr'><strong>Veneris,</strong></span> <span class='ocrx_word' id='word_1_93' title='bbox 2088 1594 2197 1632; x_wconf 84' lang='lat' dir='ltr'><strong>ana</strong></span> <span class='ocrx_word' id='word_1_94' title='bbox 2218 1579 2407 1633; x_wconf 82' lang='lat' dir='ltr'><strong>uncias</strong></span> <span class='ocrx_word' id='word_1_95' title='bbox 2428 1578 2594 1645; x_wconf 81' lang='lat' dir='ltr'><strong>duas3</strong></span> 
     </span>
     <span class='ocr_line' id='line_1_14' title="bbox 971 1664 2057 1737; baseline -0.002 -18"><span class='ocrx_word' id='word_1_96' title='bbox 971 1666 1167 1737; x_wconf 87' lang='lat' dir='ltr'><strong>Capiat</strong></span> <span class='ocrx_word' id='word_1_97' title='bbox 1188 1666 1484 1719; x_wconf 81' lang='lat' dir='ltr'><strong>cochlearia</strong></span> <span class='ocrx_word' id='word_1_98' title='bbox 1508 1666 1746 1734; x_wconf 88' lang='lat' dir='ltr'><strong>quinque</strong></span> <span class='ocrx_word' id='word_1_99' title='bbox 1770 1674 1847 1717; x_wconf 80' lang='lat' dir='ltr'><strong>ter</strong></span> <span class='ocrx_word' id='word_1_100' title='bbox 1872 1666 1931 1717; x_wconf 90' lang='lat' dir='ltr'><strong>in</strong></span> <span class='ocrx_word' id='word_1_101' title='bbox 1954 1664 2057 1719; x_wconf 90' lang='lat' dir='ltr'><strong>die.</strong></span> 
     </span>
     <span class='ocr_line' id='line_1_15' title="bbox 701 1786 2901 1873; baseline 0.001 -22"><span class='ocrx_word' id='word_1_102' title='bbox 701 1790 822 1873; x_wconf 83' lang='grc'><strong>[5.]</strong></span> <span class='ocrx_word' id='word_1_103' title='bbox 907 1787 1465 1853; x_wconf 81' lang='lat' dir='ltr'><strong>Medicamentum</strong></span> <span class='ocrx_word' id='word_1_104' title='bbox 1527 1787 1651 1851; x_wconf 89' lang='lat' dir='ltr'><strong>hoc</strong></span> <span class='ocrx_word' id='word_1_105' title='bbox 1715 1787 1809 1851; x_wconf 92' lang='lat' dir='ltr'><strong>ita</strong></span> <span class='ocrx_word' id='word_1_106' title='bbox 1875 1787 2249 1873; x_wconf 87' lang='lat' dir='ltr'><strong>frequenter</strong></span> <span class='ocrx_word' id='word_1_107' title='bbox 2312 1786 2621 1852; x_wconf 89' lang='lat' dir='ltr'><strong>haustum</strong></span> <span class='ocrx_word' id='word_1_108' title='bbox 2690 1796 2901 1853; x_wconf 79' lang='lat' dir='ltr'><strong>catar-</strong></span> 
     </span>
     <span class='ocr_line' id='line_1_16' title="bbox 689 1892 2903 1978; baseline 0 -20"><span class='ocrx_word' id='word_1_109' title='bbox 689 1894 880 1959; x_wconf 88' lang='lat' dir='ltr'><strong>rhum</strong></span> <span class='ocrx_word' id='word_1_110' title='bbox 939 1894 1010 1957; x_wconf 90' lang='lat' dir='ltr'><strong>in</strong></span> <span class='ocrx_word' id='word_1_111' title='bbox 1065 1895 1406 1977; x_wconf 78' lang='lat' dir='ltr'><strong>pulmones</strong></span> <span class='ocrx_word' id='word_1_112' title='bbox 1459 1892 1873 1976; x_wconf 89' lang='lat' dir='ltr'><strong>depluentem</strong></span> <span class='ocrx_word' id='word_1_113' title='bbox 1925 1893 2239 1978; x_wconf 87' lang='lat' dir='ltr'><strong>paulatim</strong></span> <span class='ocrx_word' id='word_1_114' title='bbox 2289 1893 2493 1973; x_wconf 89' lang='lat' dir='ltr'><strong>sistet,</strong></span> <span class='ocrx_word' id='word_1_115' title='bbox 2539 1914 2781 1978; x_wconf 86' lang='lat' dir='ltr'><strong>eosque</strong></span> <span class='ocrx_word' id='word_1_116' title='bbox 2830 1896 2903 1958; x_wconf 86' lang='lat' dir='ltr'><strong>in</strong></span> 
     </span>
     <span class='ocr_line' id='line_1_17' title="bbox 689 1993 2905 2080; baseline 0 -21"><span class='ocrx_word' id='word_1_117' title='bbox 689 1996 1029 2080; x_wconf 84' lang='lat' dir='ltr'><strong>pristinam</strong></span> <span class='ocrx_word' id='word_1_118' title='bbox 1081 1993 1324 2075; x_wconf 77' lang='grc' dir='ltr'>εὐεξίαν</span> <span class='ocrx_word' id='word_1_119' title='bbox 1371 1993 1657 2074; x_wconf 86' lang='lat' dir='ltr'><strong>reducet,</strong></span> <span class='ocrx_word' id='word_1_120' title='bbox 1703 1994 1830 2058; x_wconf 85' lang='lat' dir='ltr'><strong>nisi</strong></span> <span class='ocrx_word' id='word_1_121' title='bbox 1872 1993 2258 2078; x_wconf 87' lang='lat' dir='ltr'><strong>jampridem</strong></span> <span class='ocrx_word' id='word_1_122' title='bbox 2302 2016 2345 2058; x_wconf 89' lang='lat' dir='ltr'><strong>a</strong></span> <span class='ocrx_word' id='word_1_123' title='bbox 2388 1996 2671 2059; x_wconf 85' lang='lat' dir='ltr'><strong>naturali</strong></span> <span class='ocrx_word' id='word_1_124' title='bbox 2720 2003 2905 2060; x_wconf 86' lang='lat' dir='ltr'><strong>statu</strong></span> 
     </span>
     <span class='ocr_line' id='line_1_18' title="bbox 689 2096 2903 2182; baseline 0 -20"><span class='ocrx_word' id='word_1_125' title='bbox 689 2099 968 2163; x_wconf 90' lang='lat' dir='ltr'><strong>nimium</strong></span> <span class='ocrx_word' id='word_1_126' title='bbox 995 2097 1394 2161; x_wconf 84' lang='lat' dir='ltr'><strong>recesserint.</strong></span> <span class='ocrx_word' id='word_1_127' title='bbox 1457 2096 1907 2161; x_wconf 86' lang='lat' dir='ltr'><strong>Promovebit</strong></span> <span class='ocrx_word' id='word_1_128' title='bbox 1887 2118 2149 2182; x_wconf 77' lang='lat' dir='ltr'><strong>insuper</strong></span> <span class='ocrx_word' id='word_1_129' title='bbox 2177 2097 2562 2181; x_wconf 84' lang='lat' dir='ltr'><strong>purulentae</strong></span> <span class='ocrx_word' id='word_1_130' title='bbox 2588 2096 2903 2162; x_wconf 76' lang='lat' dir='ltr'><strong>materiae</strong></span> 
     </span>
     <span class='ocr_line' id='line_1_19' title="bbox 690 2201 1887 2283; baseline -0.002 -18"><span class='ocrx_word' id='word_1_131' title='bbox 690 2201 763 2265; x_wconf 90' lang='lat' dir='ltr'><strong>in</strong></span> <span class='ocrx_word' id='word_1_132' title='bbox 791 2201 1020 2265; x_wconf 87' lang='lat' dir='ltr'><strong>iisdem</strong></span> <span class='ocrx_word' id='word_1_133' title='bbox 1049 2206 1352 2283; x_wconf 86' lang='lat' dir='ltr'><strong>aggestae</strong></span> <span class='ocrx_word' id='word_1_134' title='bbox 1381 2201 1887 2264; x_wconf 85' lang='lat' dir='ltr'><strong>concoctionem.</strong></span> 
     </span>
     <span class='ocr_line' id='line_1_20' title="bbox 335 2300 2903 2417; baseline 0 -52"><span class='ocrx_word' id='word_1_135' title='bbox 335 2354 343 2357; x_wconf 90' lang='lat'><strong>.</strong></span> <span class='ocrx_word' id='word_1_136' title='bbox 387 2324 521 2401; x_wconf 47' lang='lat' dir='ltr'><strong>aqui</strong></span> <span class='ocrx_word' id='word_1_137' title='bbox 505 2324 664 2373; x_wconf 77' lang='lat' dir='ltr'><strong>tatio·</strong></span> <span class='ocrx_word' id='word_1_138' title='bbox 792 2304 863 2387; x_wconf 89' lang='lat'><strong>[6</strong></span> <span class='ocrx_word' id='word_1_139' title='bbox 869 2303 913 2387; x_wconf 92' lang='lat'><strong>.]</strong></span> <span class='ocrx_word' id='word_1_140' title='bbox 932 2314 965 2345; x_wconf 80' lang='lat'>¹</span> <span class='ocrx_word' id='word_1_141' title='bbox 1007 2301 1100 2366; x_wconf 90' lang='lat' dir='ltr'><strong>At</strong></span> <span class='ocrx_word' id='word_1_142' title='bbox 1131 2324 1280 2367; x_wconf 85' lang='lat' dir='ltr'><strong>vero</strong></span> <span class='ocrx_word' id='word_1_143' title='bbox 1307 2302 1694 2387; x_wconf 86' lang='lat' dir='ltr'><strong>palmarium</strong></span> <span class='ocrx_word' id='word_1_144' title='bbox 1722 2300 1991 2417; x_wconf 77' lang='lat' dir='ltr'><strong>hujusce</strong></span> <span class='ocrx_word' id='word_1_145' title='bbox 2020 2301 2231 2366; x_wconf 89' lang='lat' dir='ltr'><strong>morbi</strong></span> <span class='ocrx_word' id='word_1_146' title='bbox 2257 2300 2649 2386; x_wconf 88' lang='lat' dir='ltr'><strong>praesidium</strong></span> <span class='ocrx_word' id='word_1_147' title='bbox 2668 2308 2789 2381; x_wconf 85' lang='lat' dir='ltr'><strong>est,</strong></span> <span class='ocrx_word' id='word_1_148' title='bbox 2821 2310 2903 2366; x_wconf 85' lang='lat' dir='ltr'><strong>ut</strong></span> 
     </span>
    </p>
   </div>
   <div class='ocr_carea' id='block_1_3' title="bbox 387 2388 2904 2503">
    <p class='ocr_par' dir='ltr' id='par_1_3' title="bbox 387 2388 2904 2503">
     <span class='ocr_line' id='line_1_21' title="bbox 387 2388 2904 2503; baseline -0.003 -27"><span class='ocrx_word' id='word_1_149' title='bbox 387 2405 466 2501; x_wconf 50' lang='grc' dir='ltr'><strong>ἓξ</strong></span> <span class='ocrx_word' id='word_1_150' title='bbox 467 2404 589 2503; x_wconf 42' lang='grc' dir='ltr'><strong>ἕο</strong></span> <span class='ocrx_word' id='word_1_151' title='bbox 561 2388 665 2436; x_wconf 72' lang='lat'>⁰¹¹²·</span> <span class='ocrx_word' id='word_1_152' title='bbox 693 2426 884 2488; x_wconf 86' lang='lat' dir='ltr'><strong>aeger</strong></span> <span class='ocrx_word' id='word_1_153' title='bbox 914 2404 1198 2488; x_wconf 86' lang='lat' dir='ltr'><strong>quotidie</strong></span> <span class='ocrx_word' id='word_1_154' title='bbox 1229 2425 1394 2489; x_wconf 91' lang='lat' dir='ltr'><strong>equo</strong></span> <span class='ocrx_word' id='word_1_155' title='bbox 1421 2404 1731 2481; x_wconf 86' lang='lat' dir='ltr'><strong>vehatur,</strong></span> <span class='ocrx_word' id='word_1_156' title='bbox 1779 2411 1845 2467; x_wconf 91' lang='lat' dir='ltr'><strong>et</strong></span> <span class='ocrx_word' id='word_1_157' title='bbox 1868 2404 1979 2487; x_wconf 90' lang='lat' dir='ltr'><strong>qui</strong></span> <span class='ocrx_word' id='word_1_158' title='bbox 2007 2426 2075 2469; x_wconf 89' lang='lat' dir='ltr'><strong>se</strong></span> <span class='ocrx_word' id='word_1_159' title='bbox 2103 2404 2257 2468; x_wconf 90' lang='lat' dir='ltr'><strong>huic</strong></span> <span class='ocrx_word' id='word_1_160' title='bbox 2286 2404 2567 2488; x_wconf 85' lang='lat' dir='ltr'><strong>eorporis</strong></span> <span class='ocrx_word' id='word_1_161' title='bbox 2596 2404 2904 2469; x_wconf 85' lang='lat' dir='ltr'><strong>exercitio</strong></span> 
     </span>
    </p>
   </div>
   <div class='ocr_carea' id='block_1_4' title="bbox 375 674 654 683">
    <p class='ocr_par' dir='ltr' id='par_1_4' title="bbox 375 674 654 683">
     <span class='ocr_line' id='line_1_22' title="bbox 375 674 654 683; baseline 0 0"><span class='ocrx_word' id='word_1_162' title='bbox 375 674 654 683; x_wconf 95' lang='lat' dir='ltr'><strong> </strong></span> 
     </span>
    </p>
   </div>
   <div class='ocr_carea' id='block_1_5' title="bbox 388 2505 2921 4412">
    <p class='ocr_par' dir='ltr' id='par_1_5' title="bbox 693 2505 2907 3000">
     <span class='ocr_line' id='line_1_23' title="bbox 694 2505 2906 2622; baseline 0 -50"><span class='ocrx_word' id='word_1_163' title='bbox 694 2506 1054 2572; x_wconf 88' lang='lat' dir='ltr'><strong>sanandum</strong></span> <span class='ocrx_word' id='word_1_164' title='bbox 1083 2507 1302 2586; x_wconf 89' lang='lat' dir='ltr'><strong>tradit,</strong></span> <span class='ocrx_word' id='word_1_165' title='bbox 1334 2505 1530 2570; x_wconf 88' lang='lat' dir='ltr'><strong>nullis</strong></span> <span class='ocrx_word' id='word_1_166' title='bbox 1567 2507 1707 2590; x_wconf 87' lang='lat' dir='ltr'><strong>jam</strong></span> <span class='ocrx_word' id='word_1_167' title='bbox 1751 2505 2001 2571; x_wconf 88' lang='lat' dir='ltr'><strong>diaetae</strong></span> <span class='ocrx_word' id='word_1_168' title='bbox 2041 2506 2295 2622; x_wconf 78' lang='lat' dir='ltr'><strong>legibus</strong></span> <span class='ocrx_word' id='word_1_169' title='bbox 2324 2507 2689 2587; x_wconf 82' lang='lat' dir='ltr'><strong>adstrictus,</strong></span> <span class='ocrx_word' id='word_1_170' title='bbox 2716 2508 2906 2572; x_wconf 87' lang='lat' dir='ltr'><strong>nullo</strong></span> 
     </span>
     <span class='ocr_line' id='line_1_24' title="bbox 694 2607 2905 2692; baseline -0.001 -18"><span class='ocrx_word' id='word_1_171' title='bbox 694 2608 822 2674; x_wconf 93' lang='lat' dir='ltr'><strong>cibi</strong></span> <span class='ocrx_word' id='word_1_172' title='bbox 863 2617 1132 2692; x_wconf 87' lang='lat' dir='ltr'><strong>potusve</strong></span> <span class='ocrx_word' id='word_1_173' title='bbox 1177 2629 1414 2692; x_wconf 87' lang='lat' dir='ltr'><strong>genere</strong></span> <span class='ocrx_word' id='word_1_174' title='bbox 1455 2607 1804 2692; x_wconf 86' lang='lat' dir='ltr'><strong>privandus</strong></span> <span class='ocrx_word' id='word_1_175' title='bbox 1842 2616 1979 2688; x_wconf 87' lang='lat' dir='ltr'><strong>est;</strong></span> <span class='ocrx_word' id='word_1_176' title='bbox 2045 2630 2195 2673; x_wconf 87' lang='lat' dir='ltr'><strong>cum</strong></span> <span class='ocrx_word' id='word_1_177' title='bbox 2240 2609 2311 2672; x_wconf 90' lang='lat' dir='ltr'><strong>in</strong></span> <span class='ocrx_word' id='word_1_178' title='bbox 2354 2609 2477 2674; x_wconf 92' lang='lat' dir='ltr'><strong>hoc</strong></span> <span class='ocrx_word' id='word_1_179' title='bbox 2514 2631 2649 2674; x_wconf 88' lang='lat' dir='ltr'><strong>uno</strong></span> <span class='ocrx_word' id='word_1_180' title='bbox 2688 2610 2905 2674; x_wconf 88' lang='lat' dir='ltr'><strong>omnis</strong></span> 
     </span>
     <span class='ocr_line' id='line_1_25' title="bbox 693 2710 2907 2794; baseline 0 -18"><span class='ocrx_word' id='word_1_181' title='bbox 693 2710 788 2776; x_wconf 89' lang='lat' dir='ltr'><strong>rei</strong></span> <span class='ocrx_word' id='word_1_182' title='bbox 827 2710 1020 2776; x_wconf 88' lang='lat' dir='ltr'><strong>cardo</strong></span> <span class='ocrx_word' id='word_1_183' title='bbox 1055 2717 1372 2776; x_wconf 67' lang='lat' dir='ltr'><strong>vertatur.</strong></span> <span class='ocrx_word' id='word_1_184' title='bbox 1455 2710 1863 2776; x_wconf 80' lang='lat' dir='ltr'><strong>Quibusdam</strong></span> <span class='ocrx_word' id='word_1_185' title='bbox 1902 2731 2127 2774; x_wconf 90' lang='lat' dir='ltr'><strong>eorum</strong></span> <span class='ocrx_word' id='word_1_186' title='bbox 2165 2711 2277 2794; x_wconf 90' lang='lat' dir='ltr'><strong>qui</strong></span> <span class='ocrx_word' id='word_1_187' title='bbox 2314 2732 2396 2775; x_wconf 85' lang='lat' dir='ltr'><strong>ex</strong></span> <span class='ocrx_word' id='word_1_188' title='bbox 2432 2711 2555 2775; x_wconf 91' lang='lat' dir='ltr'><strong>hac</strong></span> <span class='ocrx_word' id='word_1_189' title='bbox 2592 2711 2907 2776; x_wconf 88' lang='lat' dir='ltr'><strong>methodo</strong></span> 
     </span>
     <span class='ocr_line' id='line_1_26' title="bbox 695 2813 2907 2893; baseline 0 -15"><span class='ocrx_word' id='word_1_190' title='bbox 695 2815 1094 2893; x_wconf 86' lang='lat' dir='ltr'><strong>convaluere,</strong></span> <span class='ocrx_word' id='word_1_191' title='bbox 1131 2819 1352 2877; x_wconf 90' lang='lat' dir='ltr'><strong>tumor</strong></span> <span class='ocrx_word' id='word_1_192' title='bbox 1387 2813 1460 2875; x_wconf 91' lang='lat' dir='ltr'><strong>in</strong></span> <span class='ocrx_word' id='word_1_193' title='bbox 1497 2813 1662 2878; x_wconf 86' lang='lat' dir='ltr'><strong>collo</strong></span> <span class='ocrx_word' id='word_1_194' title='bbox 1702 2817 1961 2877; x_wconf 84' lang='lat' dir='ltr'><strong>exortus</strong></span> <span class='ocrx_word' id='word_1_195' title='bbox 2006 2819 2123 2891; x_wconf 90' lang='lat' dir='ltr'><strong>est,</strong></span> <span class='ocrx_word' id='word_1_196' title='bbox 2162 2834 2300 2878; x_wconf 92' lang='lat' dir='ltr'><strong>non</strong></span> <span class='ocrx_word' id='word_1_197' title='bbox 2332 2813 2615 2878; x_wconf 90' lang='lat' dir='ltr'><strong>multum</strong></span> <span class='ocrx_word' id='word_1_198' title='bbox 2652 2835 2695 2877; x_wconf 89' lang='lat' dir='ltr'><strong>a</strong></span> <span class='ocrx_word' id='word_1_199' title='bbox 2730 2835 2907 2879; x_wconf 88' lang='lat' dir='ltr'><strong>scro-</strong></span> 
     </span>
     <span class='ocr_line' id='line_1_27' title="bbox 695 2915 1277 3000; baseline -0.003 -20"><span class='ocrx_word' id='word_1_200' title='bbox 695 2916 912 3000; x_wconf 91' lang='lat' dir='ltr'><strong>phulis</strong></span> <span class='ocrx_word' id='word_1_201' title='bbox 943 2915 1277 2980; x_wconf 89' lang='lat' dir='ltr'><strong>abludens.</strong></span> 
     </span>
    </p>

    <p class='ocr_par' dir='ltr' id='par_1_6' title="bbox 393 3017 2907 3116">
     <span class='ocr_line' id='line_1_28' title="bbox 393 3017 2907 3116; baseline 0.004 -42"><span class='ocrx_word' id='word_1_202' title='bbox 393 3037 485 3088; x_wconf 72' lang='lat'><strong>2&lt;1</strong></span> <span class='ocrx_word' id='word_1_203' title='bbox 505 3040 578 3116; x_wconf 87' lang='lat' dir='ltr'>T</span> <span class='ocrx_word' id='word_1_204' title='bbox 578 3040 654 3087; x_wconf 86' lang='lat' dir='ltr'><strong>bi</strong></span> <span class='ocrx_word' id='word_1_205' title='bbox 795 3017 916 3103; x_wconf 91' lang='grc'><strong>[7.]</strong></span> <span class='ocrx_word' id='word_1_206' title='bbox 971 3019 1092 3082; x_wconf 88' lang='lat' dir='ltr'><strong>Est</strong></span> <span class='ocrx_word' id='word_1_207' title='bbox 1127 3024 1192 3082; x_wconf 90' lang='lat' dir='ltr'><strong>et</strong></span> <span class='ocrx_word' id='word_1_208' title='bbox 1228 3017 1356 3081; x_wconf 87' lang='lat' dir='ltr'><strong>alia</strong></span> <span class='ocrx_word' id='word_1_209' title='bbox 1397 3017 1590 3082; x_wconf 86' lang='lat' dir='ltr'><strong>Tabis</strong></span> <span class='ocrx_word' id='word_1_210' title='bbox 1630 3018 1889 3102; x_wconf 89' lang='lat' dir='ltr'><strong>species,</strong></span> <span class='ocrx_word' id='word_1_211' title='bbox 1927 3040 1966 3083; x_wconf 92' lang='lat' dir='ltr'><strong>a</strong></span> <span class='ocrx_word' id='word_1_212' title='bbox 2008 3019 2175 3084; x_wconf 86' lang='lat' dir='ltr'><strong>tussi</strong></span> <span class='ocrx_word' id='word_1_213' title='bbox 2214 3026 2535 3104; x_wconf 88' lang='lat' dir='ltr'><strong>prognata</strong></span> <span class='ocrx_word' id='word_1_214' title='bbox 2570 3020 2769 3103; x_wconf 86' lang='lat' dir='ltr'><strong>longe</strong></span> <span class='ocrx_word' id='word_1_215' title='bbox 2808 3021 2907 3084; x_wconf 89' lang='lat' dir='ltr'><strong>di-</strong></span> 
     </span>
    </p>

    <p class='ocr_par' dir='ltr' id='par_1_7' title="bbox 388 3119 2909 3216">
     <span class='ocr_line' id='line_1_29' title="bbox 388 3119 2909 3216; baseline 0.001 -33.005"><span class='ocrx_word' id='word_1_216' title='bbox 388 3119 513 3216; x_wconf 51' lang='grc' dir='ltr'><strong>ξξζδξ.</strong></span> <span class='ocrx_word' id='word_1_217' title='bbox 503 3119 674 3216; x_wconf 43' lang='lat' dir='ltr'><strong>laiso</strong></span> <span class='ocrx_word' id='word_1_218' title='bbox 698 3141 878 3184; x_wconf 85' lang='lat' dir='ltr'><strong>verso</strong></span> <span class='ocrx_word' id='word_1_219' title='bbox 929 3120 1086 3184; x_wconf 91' lang='lat' dir='ltr'><strong>anni</strong></span> <span class='ocrx_word' id='word_1_220' title='bbox 1133 3126 1443 3204; x_wconf 88' lang='lat' dir='ltr'><strong>tempore,</strong></span> <span class='ocrx_word' id='word_1_221' title='bbox 1487 3119 1677 3184; x_wconf 87' lang='lat' dir='ltr'><strong>initio</strong></span> <span class='ocrx_word' id='word_1_222' title='bbox 1728 3120 1970 3185; x_wconf 90' lang='lat' dir='ltr'><strong>scilicet</strong></span> <span class='ocrx_word' id='word_1_223' title='bbox 2022 3122 2303 3186; x_wconf 85' lang='lat' dir='ltr'><strong>aestatis.</strong></span> <span class='ocrx_word' id='word_1_224' title='bbox 2396 3122 2579 3186; x_wconf 89' lang='lat' dir='ltr'><strong>Haec</strong></span> <span class='ocrx_word' id='word_1_225' title='bbox 2630 3124 2909 3206; x_wconf 84' lang='lat' dir='ltr'><strong>juvenes</strong></span> 
     </span>
    </p>

    <p class='ocr_par' dir='ltr' id='par_1_8' title="bbox 391 3222 2909 3308">
     <span class='ocr_line' id='line_1_30' title="bbox 391 3222 2909 3308; baseline 0.004 -29"><span class='ocrx_word' id='word_1_226' title='bbox 391 3232 587 3280; x_wconf 71' lang='lat' dir='ltr'><strong>aestatis</strong></span> <span class='ocrx_word' id='word_1_227' title='bbox 697 3243 1001 3307; x_wconf 88' lang='lat' dir='ltr'><strong>persaepe</strong></span> <span class='ocrx_word' id='word_1_228' title='bbox 1042 3222 1186 3287; x_wconf 85' lang='lat' dir='ltr'><strong>illos</strong></span> <span class='ocrx_word' id='word_1_229' title='bbox 1233 3223 1479 3287; x_wconf 85' lang='lat' dir='ltr'><strong>invadit</strong></span> <span class='ocrx_word' id='word_1_230' title='bbox 1528 3222 1666 3308; x_wconf 90' lang='lat' dir='ltr'><strong>qui</strong></span> <span class='ocrx_word' id='word_1_231' title='bbox 1688 3223 1980 3288; x_wconf 87' lang='lat' dir='ltr'><strong>debiliori</strong></span> <span class='ocrx_word' id='word_1_232' title='bbox 2022 3231 2180 3289; x_wconf 90' lang='lat' dir='ltr'><strong>sunt</strong></span> <span class='ocrx_word' id='word_1_233' title='bbox 2220 3226 2501 3308; x_wconf 87' lang='lat' dir='ltr'><strong>corporis</strong></span> <span class='ocrx_word' id='word_1_234' title='bbox 2544 3224 2799 3305; x_wconf 86' lang='lat' dir='ltr'><strong>habitu,</strong></span> <span class='ocrx_word' id='word_1_235' title='bbox 2838 3234 2909 3290; x_wconf 88' lang='lat' dir='ltr'><strong>et</strong></span> 
     </span>
    </p>

    <p class='ocr_par' dir='ltr' id='par_1_9' title="bbox 393 3303 2913 4020">
     <span class='ocr_line' id='line_1_31' title="bbox 393 3303 2907 3411; baseline 0.002 -24"><span class='ocrx_word' id='word_1_236' title='bbox 393 3312 579 3360; x_wconf 66' lang='lat'><strong>9²⁰⁸¹²⁸</strong></span> <span class='ocrx_word' id='word_1_237' title='bbox 550 3303 640 3346; x_wconf 50' lang='grc' dir='ltr'><strong>ἰ*</strong></span> <span class='ocrx_word' id='word_1_238' title='bbox 700 3347 991 3408; x_wconf 78' lang='lat' dir='ltr'><strong>quorum-</strong></span> <span class='ocrx_word' id='word_1_239' title='bbox 1027 3325 1290 3408; x_wconf 87' lang='lat' dir='ltr'><strong>sanguis</strong></span> <span class='ocrx_word' id='word_1_240' title='bbox 1347 3325 1680 3409; x_wconf 86' lang='lat' dir='ltr'><strong>particulis</strong></span> <span class='ocrx_word' id='word_1_241' title='bbox 1738 3325 1959 3390; x_wconf 82' lang='lat' dir='ltr'><strong>calidis</strong></span> <span class='ocrx_word' id='word_1_242' title='bbox 2016 3326 2397 3411; x_wconf 88' lang='lat' dir='ltr'><strong>acribusque</strong></span> <span class='ocrx_word' id='word_1_243' title='bbox 2446 3327 2721 3392; x_wconf 87' lang='lat' dir='ltr'><strong>refertus</strong></span> <span class='ocrx_word' id='word_1_244' title='bbox 2782 3336 2907 3393; x_wconf 84' lang='lat' dir='ltr'><strong>est.</strong></span> 
     </span>
     <span class='ocr_line' id='line_1_32' title="bbox 703 3425 2909 3512; baseline 0.003 -24"><span class='ocrx_word' id='word_1_245' title='bbox 703 3425 1104 3508; x_wconf 88' lang='lat' dir='ltr'><strong>Sanguinem</strong></span> <span class='ocrx_word' id='word_1_246' title='bbox 1145 3426 1258 3490; x_wconf 89' lang='lat' dir='ltr'><strong>isti</strong></span> <span class='ocrx_word' id='word_1_247' title='bbox 1307 3447 1344 3490; x_wconf 92' lang='lat' dir='ltr'><strong>e</strong></span> <span class='ocrx_word' id='word_1_248' title='bbox 1393 3426 1810 3510; x_wconf 79' lang='lat' dir='ltr'><strong>pulmonibus</strong></span> <span class='ocrx_word' id='word_1_249' title='bbox 1852 3448 1969 3512; x_wconf 91' lang='lat' dir='ltr'><strong>per</strong></span> <span class='ocrx_word' id='word_1_250' title='bbox 2016 3430 2249 3493; x_wconf 88' lang='lat' dir='ltr'><strong>tussim</strong></span> <span class='ocrx_word' id='word_1_251' title='bbox 2299 3430 2654 3510; x_wconf 84' lang='lat' dir='ltr'><strong>exantlant,</strong></span> <span class='ocrx_word' id='word_1_252' title='bbox 2698 3431 2909 3496; x_wconf 88' lang='lat' dir='ltr'><strong>nimio</strong></span> 
     </span>
     <span class='ocr_line' id='line_1_33' title="bbox 699 3527 2907 3615; baseline 0.003 -25"><span class='ocrx_word' id='word_1_253' title='bbox 699 3527 862 3590; x_wconf 91' lang='lat' dir='ltr'><strong>meri</strong></span> <span class='ocrx_word' id='word_1_254' title='bbox 912 3534 1072 3609; x_wconf 87' lang='lat' dir='ltr'><strong>potu</strong></span> <span class='ocrx_word' id='word_1_255' title='bbox 1127 3527 1306 3611; x_wconf 88' lang='lat' dir='ltr'><strong>prius</strong></span> <span class='ocrx_word' id='word_1_256' title='bbox 1361 3528 1749 3594; x_wconf 81' lang='lat' dir='ltr'><strong>excalefacti.</strong></span> <span class='ocrx_word' id='word_1_257' title='bbox 1840 3531 2041 3613; x_wconf 83' lang='lat' dir='ltr'><strong>Aegri</strong></span> <span class='ocrx_word' id='word_1_258' title='bbox 2094 3531 2379 3596; x_wconf 86' lang='lat' dir='ltr'><strong>dolorem</strong></span> <span class='ocrx_word' id='word_1_259' title='bbox 2436 3531 2569 3596; x_wconf 84' lang='lat' dir='ltr'><strong>sive</strong></span> <span class='ocrx_word' id='word_1_260' title='bbox 2618 3533 2907 3615; x_wconf 86' lang='lat' dir='ltr'><strong>aegritu-</strong></span> 
     </span>
     <span class='ocr_line' id='line_1_34' title="bbox 701 3629 2909 3720; baseline 0.003 -28"><span class='ocrx_word' id='word_1_261' title='bbox 701 3629 921 3692; x_wconf 89' lang='lat' dir='ltr'><strong>dinem</strong></span> <span class='ocrx_word' id='word_1_262' title='bbox 969 3629 1293 3712; x_wconf 87' lang='lat' dir='ltr'><strong>quandam</strong></span> <span class='ocrx_word' id='word_1_263' title='bbox 1337 3630 1410 3693; x_wconf 86' lang='lat' dir='ltr'><strong>in</strong></span> <span class='ocrx_word' id='word_1_264' title='bbox 1453 3630 1869 3714; x_wconf 86' lang='lat' dir='ltr'><strong>pulmonibus</strong></span> <span class='ocrx_word' id='word_1_265' title='bbox 1912 3633 2407 3714; x_wconf 84' lang='lat' dir='ltr'><strong>persentiscunt.</strong></span> <span class='ocrx_word' id='word_1_266' title='bbox 2498 3633 2685 3699; x_wconf 79' lang='lat' dir='ltr'><strong>Quae</strong></span> <span class='ocrx_word' id='word_1_267' title='bbox 2730 3656 2909 3720; x_wconf 83' lang='lat' dir='ltr'><strong>sym-</strong></span> 
     </span>
     <span class='ocr_line' id='line_1_35' title="bbox 700 3731 2911 3819; baseline 0.004 -25"><span class='ocrx_word' id='word_1_268' title='bbox 700 3737 992 3815; x_wconf 90' lang='lat' dir='ltr'><strong>ptomata</strong></span> <span class='ocrx_word' id='word_1_269' title='bbox 1018 3731 1145 3795; x_wconf 89' lang='lat' dir='ltr'><strong>nisi</strong></span> <span class='ocrx_word' id='word_1_270' title='bbox 1173 3738 1428 3797; x_wconf 89' lang='lat' dir='ltr'><strong>mature</strong></span> <span class='ocrx_word' id='word_1_271' title='bbox 1455 3732 1756 3797; x_wconf 89' lang='lat' dir='ltr'><strong>remediis</strong></span> <span class='ocrx_word' id='word_1_272' title='bbox 1786 3735 2207 3818; x_wconf 85' lang='lat' dir='ltr'><strong>appropriatis</strong></span> <span class='ocrx_word' id='word_1_273' title='bbox 2236 3735 2671 3814; x_wconf 81' lang='lat' dir='ltr'><strong>eliminentur,</strong></span> <span class='ocrx_word' id='word_1_274' title='bbox 2692 3737 2911 3819; x_wconf 89' lang='lat' dir='ltr'><strong>primo</strong></span> 
     </span>
     <span class='ocr_line' id='line_1_36' title="bbox 703 3833 2913 3919; baseline 0.002 -21"><span class='ocrx_word' id='word_1_275' title='bbox 703 3833 1051 3913; x_wconf 88' lang='lat' dir='ltr'><strong>scabrities,</strong></span> <span class='ocrx_word' id='word_1_276' title='bbox 1082 3855 1234 3898; x_wconf 84' lang='lat' dir='ltr'><strong>mox</strong></span> <span class='ocrx_word' id='word_1_277' title='bbox 1261 3841 1328 3898; x_wconf 91' lang='lat' dir='ltr'><strong>et</strong></span> <span class='ocrx_word' id='word_1_278' title='bbox 1355 3835 1541 3900; x_wconf 88' lang='lat' dir='ltr'><strong>ulcus</strong></span> <span class='ocrx_word' id='word_1_279' title='bbox 1580 3834 1845 3915; x_wconf 86' lang='lat' dir='ltr'><strong>accedit,</strong></span> <span class='ocrx_word' id='word_1_280' title='bbox 1876 3835 2051 3900; x_wconf 90' lang='lat' dir='ltr'><strong>unde</strong></span> <span class='ocrx_word' id='word_1_281' title='bbox 2089 3858 2211 3919; x_wconf 85' lang='lat' dir='ltr'><strong>pus</strong></span> <span class='ocrx_word' id='word_1_282' title='bbox 2246 3837 2613 3902; x_wconf 85' lang='lat' dir='ltr'><strong>confectum</strong></span> <span class='ocrx_word' id='word_1_283' title='bbox 2640 3837 2913 3902; x_wconf 88' lang='lat' dir='ltr'><strong>demum</strong></span> 
     </span>
     <span class='ocr_line' id='line_1_37' title="bbox 703 3937 1020 4020; baseline -0.006 -19"><span class='ocrx_word' id='word_1_284' title='bbox 703 3937 1020 4020; x_wconf 86' lang='lat' dir='ltr'><strong>expuitur.</strong></span> 
     </span>
    </p>

    <p class='ocr_par' dir='ltr' id='par_1_10' title="bbox 400 4038 2921 4412">
     <span class='ocr_line' id='line_1_38' title="bbox 400 4038 2917 4124; baseline 0.001 -22"><span class='ocrx_word' id='word_1_285' title='bbox 400 4062 659 4111; x_wconf 68' lang='lat' dir='ltr'><strong>cunum.</strong></span> <span class='ocrx_word' id='word_1_286' title='bbox 801 4039 922 4124; x_wconf 86' lang='lat'><strong>[8.]</strong></span> <span class='ocrx_word' id='word_1_287' title='bbox 978 4038 1173 4103; x_wconf 89' lang='lat' dir='ltr'><strong>Dicta</strong></span> <span class='ocrx_word' id='word_1_288' title='bbox 1197 4040 1336 4123; x_wconf 88' lang='lat' dir='ltr'><strong>jam</strong></span> <span class='ocrx_word' id='word_1_289' title='bbox 1366 4039 1558 4103; x_wconf 85' lang='lat' dir='ltr'><strong>Tabis</strong></span> <span class='ocrx_word' id='word_1_290' title='bbox 1588 4039 1829 4123; x_wconf 87' lang='lat' dir='ltr'><strong>species</strong></span> <span class='ocrx_word' id='word_1_291' title='bbox 1858 4038 2371 4105; x_wconf 60' lang='lat' dir='ltr'><strong>ienae-sectione</strong></span> <span class='ocrx_word' id='word_1_292' title='bbox 2399 4047 2467 4105; x_wconf 89' lang='lat' dir='ltr'><strong>et</strong></span> <span class='ocrx_word' id='word_1_293' title='bbox 2494 4039 2780 4106; x_wconf 71' lang='lat' dir='ltr'><strong>catha-si</strong></span> <span class='ocrx_word' id='word_1_294' title='bbox 2806 4040 2917 4105; x_wconf 81' lang='lat' dir='ltr'><strong>bis</strong></span> 
     </span>
     <span class='ocr_line' id='line_1_39' title="bbox 706 4140 2919 4226; baseline 0 -20"><span class='ocrx_word' id='word_1_295' title='bbox 706 4141 1076 4206; x_wconf 86' lang='lat' dir='ltr'><strong>alternatim</strong></span> <span class='ocrx_word' id='word_1_296' title='bbox 1115 4140 1426 4225; x_wconf 89' lang='lat' dir='ltr'><strong>repetitis,</strong></span> <span class='ocrx_word' id='word_1_297' title='bbox 1469 4140 1699 4206; x_wconf 86' lang='lat' dir='ltr'><strong>saltem</strong></span> <span class='ocrx_word' id='word_1_298' title='bbox 1742 4141 1813 4204; x_wconf 90' lang='lat' dir='ltr'><strong>in</strong></span> <span class='ocrx_word' id='word_1_299' title='bbox 1856 4141 2188 4226; x_wconf 90' lang='lat' dir='ltr'><strong>principio,</strong></span> <span class='ocrx_word' id='word_1_300' title='bbox 2228 4141 2415 4206; x_wconf 88' lang='lat' dir='ltr'><strong>facile</strong></span> <span class='ocrx_word' id='word_1_301' title='bbox 2456 4141 2793 4222; x_wconf 81' lang='lat' dir='ltr'><strong>vincetur3</strong></span> <span class='ocrx_word' id='word_1_302' title='bbox 2856 4143 2919 4207; x_wconf 87' lang='lat' dir='ltr'><strong>si</strong></span> 
     </span>
     <span class='ocr_line' id='line_1_40' title="bbox 707 4243 2921 4329; baseline 0.001 -21"><span class='ocrx_word' id='word_1_303' title='bbox 707 4243 920 4308; x_wconf 89' lang='lat' dir='ltr'><strong>diaeta</strong></span> <span class='ocrx_word' id='word_1_304' title='bbox 957 4244 1222 4326; x_wconf 86' lang='lat' dir='ltr'><strong>insuper</strong></span> <span class='ocrx_word' id='word_1_305' title='bbox 1257 4243 1681 4327; x_wconf 82' lang='lat' dir='ltr'><strong>refrigerante</strong></span> <span class='ocrx_word' id='word_1_306' title='bbox 1716 4250 1783 4308; x_wconf 88' lang='lat' dir='ltr'><strong>et</strong></span> <span class='ocrx_word' id='word_1_307' title='bbox 1822 4244 2218 4310; x_wconf 86' lang='lat' dir='ltr'><strong>incrassante</strong></span> <span class='ocrx_word' id='word_1_308' title='bbox 2254 4251 2482 4310; x_wconf 85' lang='lat' dir='ltr'><strong>utatur</strong></span> <span class='ocrx_word' id='word_1_309' title='bbox 2514 4262 2728 4329; x_wconf 77' lang='lat' dir='ltr'><strong>aeger,</strong></span> <span class='ocrx_word' id='word_1_310' title='bbox 2768 4255 2837 4310; x_wconf 86' lang='lat' dir='ltr'><strong>et</strong></span> <span class='ocrx_word' id='word_1_311' title='bbox 2876 4267 2921 4310; x_wconf 84' lang='lat' dir='ltr'><strong>a</strong></span> 
     </span>
     <span class='ocr_line' id='line_1_41' title="bbox 705 4346 1777 4412; baseline 0.001 -2"><span class='ocrx_word' id='word_1_312' title='bbox 705 4346 1002 4411; x_wconf 87' lang='lat' dir='ltr'><strong>carnibus</strong></span> <span class='ocrx_word' id='word_1_313' title='bbox 1032 4346 1103 4410; x_wconf 94' lang='lat' dir='ltr'><strong>in</strong></span> <span class='ocrx_word' id='word_1_314' title='bbox 1133 4347 1406 4411; x_wconf 88' lang='lat' dir='ltr'><strong>solidum</strong></span> <span class='ocrx_word' id='word_1_315' title='bbox 1437 4347 1777 4412; x_wconf 87' lang='lat' dir='ltr'><strong>abstineat.</strong></span> 
     </span>
    </p>
   </div>
   <div class='ocr_carea' id='block_1_6' title="bbox 1285 4475 2287 4538">
    <p class='ocr_par' dir='ltr' id='par_1_11' title="bbox 1285 4475 2287 4538">
     <span class='ocr_line' id='line_1_42' title="bbox 1285 4475 2287 4538; baseline 0.002 -16"><span class='ocrx_word' id='word_1_316' title='bbox 1285 4481 1317 4508; x_wconf 65' lang='grc' dir='ltr'><strong>Χ</strong></span> <span class='ocrx_word' id='word_1_317' title='bbox 1353 4475 1426 4523; x_wconf 86' lang='lat' dir='ltr'><strong>Cf.</strong></span> <span class='ocrx_word' id='word_1_318' title='bbox 1453 4491 1558 4538; x_wconf 84' lang='lat' dir='ltr'><strong>sup.</strong></span> <span class='ocrx_word' id='word_1_319' title='bbox 1588 4491 1626 4524; x_wconf 86' lang='lat' dir='ltr'><strong>c.</strong></span> <span class='ocrx_word' id='word_1_320' title='bbox 1654 4477 1730 4523; x_wconf 85' lang='lat'><strong>58.</strong></span> <span class='ocrx_word' id='word_1_321' title='bbox 1757 4478 1780 4536; x_wconf 67' lang='grc' dir='ltr'><strong>ς</strong></span> <span class='ocrx_word' id='word_1_322' title='bbox 1806 4477 1835 4524; x_wconf 88' lang='grc'><strong>9</strong></span> <span class='ocrx_word' id='word_1_323' title='bbox 1860 4495 1869 4530; x_wconf 86' lang='grc'><strong>;</strong></span> <span class='ocrx_word' id='word_1_324' title='bbox 1916 4477 2067 4525; x_wconf 73' lang='lat' dir='ltr'><strong>Tract.</strong></span> <span class='ocrx_word' id='word_1_325' title='bbox 2096 4475 2135 4524; x_wconf 87' lang='grc' dir='ltr'><strong>Ι.</strong></span> <span class='ocrx_word' id='word_1_326' title='bbox 2159 4477 2183 4534; x_wconf 67' lang='grc' dir='ltr'><strong>ς</strong></span> <span class='ocrx_word' id='word_1_327' title='bbox 2209 4478 2287 4524; x_wconf 82' lang='grc'><strong>38.</strong></span> 
     </span>
    </p>
   </div>
  </div>
 </body>
</html>
