3138 5006
401 272 519 329 654

401 422 629 483 candum,
675 426 798 481 354,
855 425 1028 475 allium
1081 426 1292 473 incisum
1337 440 1434 487 quo
1481 426 1560 473 die

397 488 578 551 plantis
599 488 779 551 pedum
801 504 863 553 ap
897 490 1162 548 licandum,
1182 492 1294 547 354,
1319 492 1413 538 355
1431 510 1442 547 3
1481 491 1556 539 di-

399 560 521 610 aeta,
542 556 664 611 355,
701 570 843 603 casus
915 551 962 589 ¹³¹
989 556 1150 603 Cheut
1171 562 1322 603 totam
1345 556 1556 603 curatio-

399 632 514 665 nem
567 618 909 682 complectens,
963 622 1075 677 355,
1119 620 1240 676 356,
1297 620 1560 669 emeticum

401 682 504 730 dari
537 689 696 746 potest
717 685 792 733 die
827 685 984 732 morbi
1010 687 1125 732 11¹⁰
1147 684 1198 731 in
1233 684 1560 732 suffocationis

401 755 554 804 metu,
583 750 705 803 146,
745 749 798 796 in
833 764 930 811 quo
963 764 1080 796 casu
1113 749 1213 796 aiiri
1248 750 1560 811 exponendus

401 820 474 859 est
506 812 788 872 variolosus,
827 813 950 869 337,
1005 812 1229 861 variolosi
1275 814 1560 861 admiranda

399 876 618 933 historia,
647 878 738 924 145
759 897 771 933 3
807 878 1120 941 pustularum
1143 893 1462 942 praepropera
1484 891 1560 926 ex-

401 940 558 989 clusio
589 942 783 1005 quantis
819 942 1027 1005 stipetur
1057 943 1394 1000 incommodis,
1435 945 1558 999 340,

401 1006 601 1053 infantis
623 1007 838 1069 regimen
867 1006 919 1054 in
949 1006 1149 1055 variolis
1179 1008 1438 1070 erupuit-is,
1464 1016 1512 1055 et
1533 1024 1564 1056 a

401 1070 715 1118 convulsione
746 1070 1107 1135 incipientibus,
1135 1074 1247 1129 345,
1273 1074 1396 1128 346,
1433 1074 1560 1120 diar-

399 1134 546 1183 rhoea
567 1135 836 1183 infantibus
857 1136 1099 1193 salutaris,
1124 1138 1245 1191 143,
1279 1152 1560 1185 venae-sec-

401 1200 470 1246 tio
485 1207 536 1247 et
551 1200 787 1247 catharsis
801 1216 898 1265 quo
915 1201 1116 1249 demum
1137 1206 1354 1265 tempore
1375 1201 1427 1249 in
1450 1216 1565 1249 con·

401 1264 758 1313 valescentibus
803 1264 1054 1313 variolosis
1111 1266 1211 1313 sint
1265 1264 1563 1323 celebranda,

407 1330 527 1385 1483
564 1330 808 1378 mensium
839 1330 1032 1378 fluxum
1061 1330 1114 1379 in
1147 1330 1342 1379 variolis
1365 1330 1562 1394 refrige-

403 1395 560 1441 rantia
581 1393 813 1452 indicare,
840 1396 947 1443 192.

469 1458 780 1507 Variolarum
817 1459 960 1507 discr.
997 1465 1047 1507 et
1089 1459 1230 1507 confi.
1267 1465 1567 1522 symptoma-

406 1528 515 1571 tum
557 1524 760 1581 curatio,
800 1538 862 1571 ex
900 1524 1129 1572 methodo
1165 1525 1356 1572 diversa
1388 1526 1448 1572 ab
1481 1524 1571 1571 illa

406 1587 638 1635 Auctoris
657 1595 930 1647 enatorum,
956 1590 1063 1646 143,
1089 1590 1207 1645 144,
1244 1596 1571 1653 symptomata

404 1652 1568 1779 {32:313535.:idianssssxhhifietti³3³3·

408 1781 600 1839 menda,
643 1784 764 1839 1483
820 1790 931 1845 post
971 1783 1281 1846 pustularum
1323 1798 1569 1831 recessum

407 1847 608 1903 curatio,
637 1846 747 1903 147,
774 1848 893 1903 148,
927 1847 1222 1896 variolamm
1249 1849 1440 1911 eruptio
1461 1864 1568 1897 car-

406 1910 560 1958 diacis
591 1911 818 1974 impediri
851 1918 1024 1974 potest,
1053 1913 1172 1968 136,
1212 1912 1400 1974 eruptio
1433 1912 1568 1960 festi-

409 1984 524 2022 nata
547 1990 634 2023 cur
651 1983 838 2033 noceat,
867 1978 974 2034 136,
998 1979 1094 2025 340
1115 1995 1126 2033 ,
1163 1977 1352 2039 eruptio
1389 1978 1573 2025 tardior

409 2039 606 2101 signum
641 2040 974 2098 discretarum,
1004 2044 1124 2097 138,
1159 2056 1316 2104 neque
1351 2056 1568 2103 unquam

409 2103 616 2161 necavit,
643 2106 900 2163 132,136,
951 2106 1006 2153 in
1040 2106 1237 2154 variolis
1272 2106 1573 2154 scrobiculus

410 2169 568 2216 cordis
589 2168 736 2227 dolet,
763 2172 882 2225 1203
916 2170 970 2217 in
1004 2170 1360 2219 confluentibus
1393 2171 1574 2233 pendet

409 2234 674 2281 curationis
696 2233 856 2283 exitus
877 2249 906 2282 a
927 2236 1074 2283 modo
1096 2250 1193 2298 quo
1227 2250 1370 2297 aeger
1401 2236 1574 2298 primis

410 2298 582 2347 diebus
618 2298 766 2347 fuerit
801 2306 1050 2357 tractatus,
1072 2301 1196 2357 347,
1231 2315 1344 2347 cum
1378 2300 1572 2362 pericu-

410 2362 516 2409 lum
552 2379 581 2410 a
616 2362 924 2426 pustularum
969 2364 1243 2427 frequentia
1274 2364 1418 2413 modo
1451 2380 1572 2427 pen-

413 2427 538 2483 deat,
561 2426 652 2475 hae
673 2428 806 2475 omni
831 2442 921 2490 ope
943 2428 1255 2486 coercendae,
1276 2431 1387 2487 333,
1411 2430 1576 2477 334-

414 2490 536 2547 347,
573 2491 807 2540 discretae
829 2492 1018 2540 medica
1043 2507 1132 2555 ope
1148 2509 1245 2540 non
1271 2493 1508 2556 indigent,
1527 2500 1577 2543 et

414 2563 584 2620 sponte
615 2572 704 2604 sua
727 2573 782 2604 ac
807 2557 1026 2605 Naturae
1059 2557 1107 2604 vi
1142 2573 1192 2606 se
1228 2559 1436 2617 solvunt,
1462 2562 1574 2618 348,

414 2623 527 2678 358,
567 2623 690 2676 513,
747 2637 973 2684 perversa
1007 2627 1170 2670 tamen
1216 2637 1334 2671 cura
1368 2623 1575 2672 lethales

415 2685 520 2733 fieri
541 2692 762 2748 possunt,
784 2688 897 2743 513,
921 2688 1018 2734 514
1038 2706 1049 2743 3
1085 2703 1114 2733 a
1135 2687 1260 2735 lecto
1283 2689 1578 2737 abstinentia

416 2757 656 2812 quantum
677 2751 844 2814 prosit,
873 2751 980 2809 137,
1006 2753 1119 2808 335,
1142 2753 1414 2803 337-341.

477 2815 732 2864 Variolosa
745 2815 893 2864 febris
908 2831 967 2864 ex
986 2817 1328 2865 constitutione
1344 2817 1575 2880 pendens,

417 2879 459 2928 si
475 2881 686 2928 variolae
703 2881 944 2944 prioribus
959 2881 1165 2930 saeculis
1177 2896 1420 2944 nusquam
1439 2897 1575 2930 com-

414 2947 680 3007 paruerint,
723 2946 1008 3008 neutiquam
1053 2953 1196 2994 antea
1235 2945 1410 3003 extitit,
1445 2949 1573 3002 2253

417 3011 546 3057 unde
581 3010 789 3073 pendere
822 3011 1056 3070 videatur,
1094 3013 1212 3066 155,
1269 3010 1485 3073 ejusdem
1519 3027 1577 3058 ac

417 3073 628 3122 variolae
645 3074 894 3138 regulares
915 3083 1116 3124 naturae
1131 3074 1226 3124 fuit
1246 3083 1294 3123 et
1310 3075 1577 3138 prosapiae,

417 3147 918 3252 aasz-..
939 3142 1074 3254 2:⁵34
1117 3140 1255 3252 ,ἒξ
1279 3141 1579 3268 ”3232‘122223

1075 3238 1088 3262 9
1243 3239 1256 3260 9

451 3269 660 3316 uomodo
692 3269 861 3332 fugam
895 3269 990 3318 sibi
1021 3275 1284 3332 quaereret,
1323 3271 1430 3325 152,
1467 3271 1578 3328 153,

417 3283 515 3380 358
532 3351 544 3389 3
579 3334 746 3380 minus
766 3340 896 3382 recte
916 3339 1137 3393 tractata,
1153 3335 1448 3397 quibusnam
1463 3349 1579 3382 cum

418 3396 826 3459 symptomatibus
850 3398 911 3445 ad
933 3399 1229 3461 septimanas
1253 3399 1282 3448 6
1309 3399 1387 3446 vel
1413 3402 1458 3456 8,
1482 3399 1580 3447 nisi

419 3475 552 3508 mors
579 3460 908 3519 intercederet,
932 3463 1302 3526 protraheretur,
1330 3465 1449 3520 152,
1485 3464 1582 3512 alia

421 3523 649 3572 methodo
683 3539 831 3586 quam
853 3526 1080 3584 variolae,
1103 3527 1220 3574 licet
1241 3528 1439 3576 morbus
1463 3529 1581 3576 satis

422 3587 611 3651 similis,
635 3589 864 3646 curanda,
891 3591 1010 3646 153,
1067 3591 1361 3653 quibusnam
1400 3591 1577 3640 funda-

419 3653 599 3701 mentis
651 3652 967 3703 indicationes
1021 3657 1263 3704 curativae
1309 3657 1581 3720 superstrui

421 3718 621 3782 possint,
650 3720 756 3776 154,
787 3721 907 3776 155,
941 3719 1012 3767 rei
1041 3735 1236 3768 summa
1268 3723 1360 3769 erit
1391 3721 1581 3770 inflam-

421 3783 688 3832 mationem
721 3783 886 3831 sedare
919 3785 1267 3834 evacuantibus
1289 3794 1339 3834 et
1361 3793 1578 3834 contem-

420 3864 566 3912 peran
571 3849 718 3906 tibus,
735 3850 829 3896 155
845 3868 856 3904 3
879 3850 1118 3912 regimine
1129 3850 1442 3913 refrigerante
1455 3858 1583 3899 trac-

420 3915 583 3971 tanda,
612 3915 721 3969 156,
747 3914 867 3971 159,
903 3930 1030 3962 anno
1061 3916 1144 3964 ’68
1177 3915 1228 3963 in
1261 3915 1581 3976 disi-rhoeam,

421 3978 771 4026 introversione
792 3979 853 4026 ad
875 3979 1122 4038 intestina,
1146 3986 1334 4028 mutata
1347 3988 1433 4038 est,
1459 3983 1581 4038 1583

421 4043 476 4090 in
497 4043 693 4091 variolis
728 4045 1034 4106 quandonam
1058 4045 1199 4102 adsit,
1220 4046 1450 4102 remittat,
1473 4046 1582 4093 red-

421 4113 515 4164 eat,
546 4109 651 4165 123,
679 4109 804 4164 126,
857 4109 910 4156 in
943 4109 1141 4157 variolis
1169 4109 1309 4159 confi.
1342 4111 1488 4158 etiam
1521 4111 1585 4158 ad

423 4171 608 4219 multos
649 4171 752 4220 dies
792 4173 854 4220 ab
897 4175 1146 4238 eruptione
1189 4175 1476 4233 discruciat3
1531 4174 1585 4223 in

425 4234 645 4284 discretis
677 4242 860 4295 contra,
889 4239 996 4297 121,
1025 4240 1148 4296 1233
1179 4240 1232 4287 in
1260 4241 1474 4288 febribus
1496 4255 1581 4286 va-

423 4301 570 4349 riolas
605 4301 813 4351 anomal.
855 4304 1216 4362 comitantibus,
1253 4321 1342 4352 cur
1384 4305 1586 4352 sudores

423 4365 651 4422 anomali,
678 4366 762 4429 qui
787 4366 934 4415 simul
963 4369 1252 4432 copiosiores
1275 4367 1486 4428 adfuere,
1509 4369 1583 4417 ni-

427 4428 499 4477 hil
521 4430 840 4479 emolumenti
845 4433 1202 4543 ⁴praestiterint,
1227 4435 1338 4485 237.

488 4493 797 4555 vegetabilis
816 4511 844 4544 a
910 4498 1172 4560 podagram
1204 4498 1440 4562 digestiva
1463 4513 1588 4561 quae

1299 270 1564 329 INDEX
1606 268 1920 329 RERUM.

1649 425 1763 483 sint,
1786 426 1901 483 424,
1922 425 2047 479 425,
2074 422 2271 485 species
2290 419 2481 483 aliquot
2510 432 2689 493 eornm
2714 428 2835 479 per-

1644 491 1818 538 mistae
1838 489 1950 553 plus
1974 488 2163 536 faciunt
2182 502 2331 549 qnam
2360 485 2567 533 unicum
2590 480 2835 543 simplex,

1646 556 1771 612 425,
1804 552 2098 617 vegetabilis
2108 550 2479 599 fermentatione
2501 551 2553 597 in
2576 548 2767 595 vinum
2786 552 2837 591 et

1646 626 1843 668 acetum
1862 624 2137 674 vertuntur,
2159 620 2239 665 40.
2660 676 2673 685 ·

1712 684 1877 732 Venae
1894 682 2103 730 membri
2116 680 2297 739 vexati,
2310 680 2361 727 in
2384 678 2603 742 podagra
2622 680 2834 739 vigente

1646 750 1830 805 dolore,
1852 754 2059 805 tument,
2082 748 2194 795 411.
2711 804 2729 814 -

1711 812 2053 861 Venae-sectio
2098 811 2275 873 quibus
2328 809 2492 865 noxia,
2542 811 2597 855 et
2639 802 2831 877 quibus

1647 878 1799 935 utilis,
1844 880 1924 934 41,
1971 878 2051 933 42,
2098 875 2189 931 47,
2246 874 2300 921 in
2352 872 2581 921 omnibus
2636 868 2829 942 morbis

1648 943 1856 1006 epidem.
1898 942 2041 989 debet
2080 940 2343 989 emeticum
2386 936 2691 1000 praecedere,
2738 932 2829 1008 ubi

1650 1016 1913 1069 utrumque
1948 1006 2208 1061 indicatur,
2246 1006 2340 1058 44,
2396 1002 2519 1049 item
2554 1000 2829 1053 catharam,

1651 1075 1767 1129 295,
1788 1072 1911 1127 506,
1966 1070 2052 1118 ubi
2084 1066 2409 1133 phlebotomia
2440 1064 2689 1114 liberalior
2724 1077 2827 1109 non

1650 1136 1961 1200 permittitur,
1982 1142 2139 1197 potest
2160 1132 2379 1196 suppleri
2398 1147 2499 1178 usu
2518 1134 2829 1201 enematum,

1654 1204 1713 1256 47
1734 1221 1745 1257 ,
1788 1200 2042 1264 suppletur
2075 1200 2221 1247 etiam
2242 1196 2532 1261 purgatione
2556 1196 2827 1267 frequenti,

1650 1275 1800 1329 atque
1838 1266 2173 1328 anodynormn
2212 1278 2325 1320 usu,
2372 1264 2503 1314 302,
2548 1257 2825 1307 infantibus

1652 1330 1907 1387 succurrit,
1936 1329 2115 1392 pariter
2137 1343 2193 1375 ac
2225 1326 2423 1384 adultis,
2453 1324 2573 1381 187,
2612 1320 2823 1397 οοηῩυΙ-

1654 1395 1871 1443 sionibus
1914 1408 2177 1457 puerorum
2222 1390 2546 1440 dentientium
2594 1386 2827 1462 specifice

1653 1460 1899 1516 conducit,
1928 1458 2047 1515 187,
2107 1457 2235 1520 quod
2265 1470 2387 1503 vena
2418 1456 2470 1501 in
2498 1454 2626 1501 lecto
2654 1458 2721 1499 sit
2748 1466 2823 1498 se-

1654 1524 1824 1582 canda,
1863 1538 1959 1586 quo
1993 1520 2185 1571 facilius
2222 1518 2607 1585 phlebotomiam
2647 1516 2825 1591 ferant,

1659 1591 1786 1645 254,
1818 1588 2144 1636 venae-sectio
2166 1587 2217 1634 in
2254 1586 2449 1648 angina,
2475 1584 2587 1639 266,
2610 1582 2734 1633 559,
2770 1596 2824 1629 ιιι

1656 1653 1931 1717 apoplexis,
1965 1652 2088 1709 570,
2144 1651 2197 1699 ἱιι
2238 1650 2413 1697 chorea
2456 1648 2506 1695 S.
2542 1646 2661 1701 viti,
2702 1646 2825 1720 495,

1656 1720 1770 1775 496,
1809 1717 1919 1775 497,
1946 1718 2073 1771 568,
2113 1716 2164 1763 in
2199 1714 2353 1763 colica
2386 1712 2575 1769 biliosa,
2605 1712 2725 1763 195,
2772 1725 2825 1757 ιιι

1658 1783 1813 1831 colica
1841 1782 2101 1845 hysterica,
2122 1782 2235 1837 201,
2256 1782 2380 1835 202,
2416 1775 2613 1825 corticis
2645 1774 2827 1849 Pemy.

1657 1864 1804 1896 usum
1844 1862 1907 1894 ne
1946 1845 2202 1909 praecedat
2240 1844 2292 1891 in
2330 1842 2601 1905 quartanis,
2632 1841 2725 1895 82,
2772 1854 2827 1887 ιιι

1658 1912 1911 1960 diarrhoea
1931 1926 2027 1959 non
2060 1910 2137 1958 exi
2174 1910 2291 1968 'tur,
2316 1908 2437 1963 173,
2479 1906 2569 1953 sed
2606 1904 2658 1951 in
2691 1902 2822 1950 diar-

1658 1978 1807 2025 rhoea
1846 1984 1958 2039 post
1996 1926 2263 2031 morbffios,
2304 1974 2399 2020 562
2418 1990 2431 2025 3
2448 2036 2460 2046 ·
2482 1971 2539 2017 in
2570 1968 2827 2017 diarrhoea

1657 2042 1911 2097 variolosa‚
1952 2042 2071 2095 159,
2126 2039 2177 2086 ἰιι
2219 2038 2511 2101 dysenteria,
2554 2034 2668 2092 171,
2714 2034 2824 2087 175,

1664 2105 1791 2162 177,
1848 2106 1902 2153 in
1936 2104 2229 2169 quibusdam
2278 2101 2493 2149 febribus
2524 2098 2735 2162 prodest,
2772 2098 2825 2144 in

1660 2170 1771 2219 aliis
1804 2177 1961 2227 nocet,
1998 2172 2077 2228 41,
2112 2170 2205 2223 42,
2258 2167 2315 2214 in
2354 2166 2487 2215 febre
2528 2172 2673 2211 acuta
2706 2177 2827 2211 cum

1658 2236 1815 2283 mictu
1849 2241 2050 2282 cruento
2081 2240 2131 2281 et
2164 2230 2415 2296 petechiis,
2447 2230 2559 2287 359,
2594 2228 2723 2283 360,
2768 2227 2823 2275 in

1658 2300 1874 2347 febribus
1898 2298 2079 2347 contin.
2096 2296 2359 2361 aliquando
2378 2310 2476 2343 non
2500 2292 2715 2357 prodest,
2730 2293 2821 2345 43,

1660 2364 1899 2427 quomodo
1935 2363 2185 2427 dirigenda
2221 2362 2273 2408 in
2306 2360 2401 2417 bis,
2436 2360 2516 2415 41,
2538 2360 2635 2413 42,
2688 2357 2731 2404 si
2760 2370 2825 2403 ex

1659 2430 1912 2477 intermitt.
1936 2436 2159 2476 autumn.
2182 2432 2343 2481 natae,
2362 2428 2523 2479 nocet,
2543 2424 2636 2477 48,
2672 2421 2725 2469 ἱιι
2750 2420 2824 2469 fe-

1659 2494 1745 2542 bre
1767 2492 2085 2557 dysenterica,
2104 2492 2218 2548 1813
2240 2491 2293 2539 in
2308 2490 2439 2538 febre
2456 2486 2661 2552 epidem.
2681 2501 2829 2545 nova,

1662 2559 1776 2618 477,
1798 2558 1912 2618 478,
1933 2560 2061 2614 490,
2096 2557 2149 2604 in
2181 2555 2451 2604 infantibus
2484 2552 2661 2616 qualis,
2696 2551 2825 2606 504,

1661 2624 1713 2672 in
1746 2623 1879 2672 febre
1908 2622 2149 2685 erysipel„
2174 2623 2299 2678 2683
2354 2621 2405 2667 in
2446 2617 2703 2666 intermitt.
2733 2632 2824 2664 au-

1661 2696 1821 2736 tumn.
1842 2696 2001 2744 nocet,
2023 2689 2103 2745 80,
2126 2688 2249 2742 289,
2283 2683 2505 2732 vernales
2524 2682 2693 2730 itidem
2715 2696 2829 2744 pro·

1663 2752 1849 2816 longat,
1870 2753 1949 2810 73,
1989 2753 2077 2808 75,
2122 2751 2175 2798 in
2230 2751 2362 2797 febre
2401 2746 2687 2796 morbillosa
2726 2760 2827 2821 npn

1663 2817 1923 2875 ferebatur,
1948 2818 2072 2872 2183
2126 2815 2179 2862 in
2212 2815 2345 2862 febre
2376 2812 2623 2876 pestilent.
2648 2811 2827 2872 largu-

1666 2882 1791 2930 sima
1826 2881 2045 2944 juvabat,
2078 2879 2269 2944 parcior
2306 2878 2523 2934 nocebat,
2567 2877 2676 2934 106,
2717 2877 2829 2930 110,

1670 2949 1779 3004 111,
1810 2949 1929 3002 1123
1976 2945 2263 2994 methodum
2296 2950 2465 2992 tamen
2494 2957 2635 2990 suam
2668 2947 2831 3014 mutat

1666 3011 1868 3069 Auctor,
1894 3013 2002 3068 112,
2029 3012 2147 3066 1133
2194 3009 2248 3056 in
2270 3009 2403 3056 febre
2425 3015 2663 3069 quartana
2684 3006 2827 3066 jum-

1666 3076 1832 3124 oribus
1865 3083 1914 3125 et
1953 3075 2223 3124 senioribus
2258 3079 2416 3129 nocet,
2456 3074 2547 3128 803
2600 3071 2655 3118 in
2692 3069 2829 3118 febre

1666 3140 1927 3188 scarlatina
1948 3155 2037 3187 cur
2056 3139 2319 3202 rejiciatur,
2339 3138 2463 3192 243,
2498 3137 2551 3183 in
2574 3136 2705 3183 febre
2725 3145 2827 3182 ter-

1666 3208 1815 3263 tiana,
1838 3205 1927 3260 37,
1969 3204 2023 3252 in
2055 3203 2187 3252 febre
2224 3217 2285 3250 ex
2322 3201 2444 3249 tussi
2479 3199 2607 3248 male
2642 3206 2829 3255 curata,

1669 3269 1794 3325 297,
1825 3269 1877 3317 in
1899 3269 2031 3316 febre
2049 3267 2235 3324 variol„
2264 3268 2526 3325 155,158;
2558 3265 2609 3312 in
2646 3278 2827 3326 gonor-

1665 3334 1815 3383 rhoea
1832 3331 2129 3392 virul.,3163
2155 3333 2206 3380 in
2228 3329 2600 3391 haemorrhagia
2614 3329 2828 3384 narium,

1670 3401 1793 3456 2683
1836 3399 1889 3446 in
1929 3397 2177 3461 hysterica
2208 3394 2383 3454 affeet,
2416 3395 2529 3452 378,
2564 3392 2677 3448 379,
2712 3393 2831 3468 383,

1667 3466 1794 3519 385,
1830 3463 2139 3526 quandonam
2159 3469 2271 3510 ante
2294 3459 2537 3509 catharsin
2559 3466 2609 3506 et
2626 3457 2829 3505 laudam

1666 3543 1831 3585 usum,
1848 3529 1973 3584 393,
2008 3527 2135 3575 hanc
2158 3526 2461 3574 affectionem
2482 3537 2622 3586 saepe
2634 3522 2831 3579 inritat,

1669 3593 1781 3651 371,
1806 3593 1899 3644 377
1918 3611 1931 3648 ,
1966 3593 2020 3640 in
2041 3591 2315 3655 hystericae
2340 3589 2495 3638 affect.
2516 3602 2829 3651 paroxysmo,

1668 3659 1795 3714 3933
1828 3658 1881 3705 in
1902 3656 1983 3705 lue
2003 3671 2209 3705 venerea
2228 3661 2341 3703 ante
2364 3653 2699 3702 salivationem
2726 3666 2829 3699 non

1666 3722 1983 3780 instituenda,
2006 3723 2103 3770 319
2123 3740 2134 3777 3
2166 3720 2361 3768 maniae
2379 3717 2643 3782 aliquando
2663 3731 2833 3774 causa,

1670 3788 1749 3847 91,
1775 3789 1867 3842 923
1900 3787 1953 3834 in
1974 3786 2221 3834 mensium
2238 3784 2502 3832 immodico
2522 3783 2676 3838 fluxu,
2698 3781 2795 3828 401
2816 3799 2831 3836 3

1669 3852 1721 3900 in
1754 3853 1909 3900 mictu
1944 3858 2145 3899 cruento
2165 3866 2194 3897 a
2215 3849 2423 3906 calculo,
2444 3849 2566 3900 5223
2602 3861 2665 3893 ex
2696 3845 2835 3892 febre

1670 3925 1827 3974 acuta,
1852 3917 1967 3973 359,
1997 3917 2126 3970 360,
2174 3929 2236 3962 ex
2270 3912 2469 3961 variolis
2508 3909 2665 3967 confi..
2701 3911 2833 3966 519,

1668 3981 1723 4029 in
1744 3981 2000 4037 morbillis,
2021 3979 2073 4028 in
2100 3977 2385 4034 infantibus,
2414 3977 2535 4032 1863
2567 3983 2677 4037 post
2695 3989 2833 4022 mor-

1670 4045 1830 4104 billos,
1856 4047 1897 4094 si
1918 4045 2184 4101 diarrhoea,
2208 4043 2332 4098 562,
2368 4042 2419 4088 ἱιι
2439 4039 2621 4088 morbis
2642 4037 2835 4096 chron„

1674 4113 1797 4168 430,
1832 4111 1885 4158 in
1915 4108 2188 4173 nephritide
2220 4123 2283 4156 ex
2314 4105 2521 4164 calculo,
2562 4105 2671 4160 395,
2702 4103 2835 4158 527,

1672 4175 1713 4224 si
1742 4176 1941 4223 morbus
1972 4189 2033 4221 ex
2064 4172 2309 4236 hysterica
2342 4170 2517 4228 affect„
2548 4167 2841 4243 omittenda,

1674 4242 1787 4298 201,
1809 4241 1933 4296 395,
1968 4237 2021 4286 in
2056 4237 2273 4286 nervosis
2309 4235 2486 4293 affect..
2505 4236 2634 4288 495,
2672 4247 2835 4295 mpe-

1672 4305 1915 4367 ripneum.
1948 4303 2112 4360 notha,
2136 4304 2263 4356 253,
2296 4295 2347 4348 in
2380 4307 2517 4364 peste
2548 4307 2835 4374 totumpu-

1674 4368 1875 4416 rationis
1894 4368 2143 4431 negotium
2158 4367 2210 4415 in
2230 4367 2425 4429 copiosa
2440 4369 2841 4413 venae-sectione

1676 4433 1878 4482 collocat
1902 4433 2037 4496 Syd.,
2062 4433 2173 4490 106,
2198 4431 2320 4488 107,
2354 4431 2405 4478 in
2428 4427 2729 4494 phrenitide,
2748 4429 2815 4474 56
2832 4446 2849 4480 =

1673 4499 1727 4546 in
1752 4497 2025 4562 pleuritide,
2049 4499 2161 4555 229,
2185 4497 2296 4554 230,
2320 4495 2433 4554 247,
2456 4497 2587 4550 254,
2626 4494 2686 4543 in
2726 4491 2849 4556 pod-

2700 4699 2717 4748 i

2706 4767 2721 4812 <
