3138 5006
653 286 743 346 44
1263 288 1653 353 THOMAE
1704 290 2217 354 SYDENHAM

393 460 590 507 Panum
653 450 894 524 tamen,
927 448 1401 531 quamprimum
1443 451 1854 515 vomitorium
1888 451 2271 530 exhibueris,
2301 451 2681 535 plerumque
2718 470 2859 515 ees-

348 524 628 636 Afflssfflg
656 554 978 627 samam5
1046 550 1394 617 dummodo
1453 553 1726 619 emetico
1781 554 2049 617 ferendo
2104 574 2289 637 pares
2359 553 2605 618 fuerint
2676 553 2862 636 aegri

350 652 630 731 m’13'33163—
656 650 839 713 vires.
932 652 1199 735 Saepius
1267 661 1486 719 autem
1552 655 1898 733 observavi,
1958 656 2297 725 diarrhoea
2352 656 2549 721 semel
2606 655 2860 734 oborta,

347 756 606 853 ξζᾞὲζ-
655 752 1126 821 medicamenta
1171 756 1643 841 adstringentia
1678 759 1780 822 vel
1821 758 1988 823 nibil
2022 759 2288 824 omnino
2320 759 2420 823 vel
2465 780 2695 843 parum
2743 757 2862 821 ad·-

349 869 578 931 gentibus
655 856 922 919 modum
973 858 1056 921 ad
1105 860 1375 923 eandem
1433 861 1789 925 sistendam
1838 862 2147 940 conferre,
2188 862 2319 927 sive
2362 863 2539 927 intro
2576 868 2863 945 sumpta,

349 940 514 1045 {itaenrm
536 947 629 981 ‘³¹⁸‘
655 956 788 1021 sive
817 958 1095 1023 exterius
1126 963 1462 1045 applicata.

756 1061 921 1145 [12.]
974 1064 1340 1129 Emetieum
1399 1066 1588 1149 quale
1643 1066 1881 1150 passim
1940 1089 1981 1132 a
2036 1089 2142 1131 me
2198 1066 2577 1152 propinatur
2630 1065 2861 1149 hujus·

657 1163 832 1227 modi
860 1165 994 1229 fere
1023 1173 1121 1230 est
1141 1192 1246 1231 :-—·

661 1289 859 1359 [Form.
892 1293 964 1362 l.]
1035 1291 1100 1375 B,
1157 1292 1450 1349 Infusionis
1473 1294 1631 1349 Croci
1655 1294 1996 1350 Metallos-um
2020 1294 2299 1350 drachmas
2318 1312 2431 1360 sex,

1151 1380 1446 1451 Oxymellis
1471 1382 1730 1446 Sciuitiei,

1151 1468 1346 1539 Syrupi
1373 1468 1651 1523 Seabiosae
1676 1470 1989 1540 compositi,
2008 1486 2114 1523 ana
2136 1471 2491 1533 semunciam3

941 1554 1148 1618 Misce;
1189 1554 1284 1609 fiat
1305 1557 1627 1619 emeticum;
1706 1570 1711 1575 ·

659 1667 831 1751 quod
870 1667 1118 1731 hauriri
1147 1665 1346 1752 jubeo
1383 1674 1672 1751 tempore
1707 1668 2166 1751 pomeridianO,
2199 1668 2447 1732 duabus
2490 1667 2665 1733 horis
2708 1674 2859 1751 post

655 1771 794 1834 leve
821 1770 1186 1853 prandium.
1275 1770 1522 1834 Verum
1553 1791 1680 1853 quo
1708 1769 1915 1835 tutius
1956 1791 2029 1835 ao
2068 1770 2315 1835 felicius
2342 1770 2607 1835 vomitio
2636 1768 2859 1833 subse-

355 1888 585 1964 Engeticq
659 1880 891 1937 cutura
931 1873 1250 1951 succedat,
1289 1872 1454 1935 illud
1491 1872 1687 1936 etiam
1723 1872 1795 1935 in
1836 1872 2155 1937 mandatis
2199 1872 2495 1951 habetur,
2524 1879 2603 1935 ut
2630 1872 2859 1954 zytho-

353 1962 615 2079 ζῖζῖῗζιξῗ
661 1975 843 2055 galae
872 1973 1073 2038 librae
1103 1996 1214 2038 sex
1241 1974 1342 2037 vel
1381 1982 1526 2039 octo
1574 1974 1707 2038 sint
1753 1975 1825 2038 in
1870 1982 2193 2059 promptu,
2231 1975 2463 2059 quippe
2492 1974 2663 2057 quod
2691 1973 2861 2057 peri·

355 2080 635 2156 eulqsamiei
662 2077 878 2142 eulosa
909 2078 1039 2140 sint
1076 2077 1204 2140 ista
1240 2076 1713 2142 medicamenta
1739 2078 1865 2142 nisi
1894 2078 2145 2162 copiose
2176 2078 2543 2156 diluantur,
2585 2076 2863 2159 ideoque

355 2144 637 2257 ffiffissffl-
664 2179 913 2263 quoties
969 2179 1285 2243 vomuerit
1330 2200 1539 2261 aeger,
1593 2188 1707 2243 aut
1750 2180 1966 2245 alvum
2010 2181 2464 2259 exoneraverit‚
2506 2200 2545 2243 e
2586 2179 2862 2261 vestigio

665 2281 1013 2345 sumendus
1061 2282 1183 2346 erit
1241 2281 1550 2347 haustus:
1622 2306 1747 2367 quo
1804 2285 1998 2363 fact0‚
2038 2291 2106 2349 et
2148 2282 2371 2348 inania
2420 2284 2535 2347 illa
2572 2282 2873 2367 tormina⁴

661 2392 1140 2468 praecaventur,
1173 2392 1238 2449 et
1267 2385 1567 2449 vomendi
1596 2394 1863 2451 conatus
1893 2388 2219 2471 auspicato
2246 2386 2624 2470 procedunt.

762 2486 924 2570 [13.]
985 2487 1187 2571 Saepe
1245 2488 1516 2552 miratus
1569 2512 1732 2570 sum,
1779 2490 1937 2554 dum
1992 2490 2161 2556 sorte
2216 2490 2556 2554 materiam
2612 2487 2863 2553 vomitu

660 2589 966 2673 rejectam
1025 2589 1369 2674 aliquando
1437 2591 1686 2655 curiose
1752 2593 2252 2676 contemplabar,
2319 2613 2589 2675 eamque
2645 2611 2861 2674 neque

663 2693 832 2756 mole
860 2693 1042 2756 valde
1071 2693 1500 2776 spectabilem,
1533 2715 1655 2758 nee
1682 2695 1891 2778 pravis
1926 2695 2343 2778 qualitatibus
2371 2695 2714 2777 insignem,
2746 2693 2861 2776 qui

662 2795 907 2860 factum
949 2795 1144 2860 fuerit
1201 2803 1278 2860 ut
1330 2796 1505 2878 aegri
1543 2803 1803 2861 tantum
1853 2798 2187 2863 levaminis
2226 2798 2456 2862 exinde
2496 2798 2859 2874 senserint;

662 2919 894 2982 nempe
922 2899 1168 2964 vomitu
1205 2909 1482 2983 peracto,
1524 2902 1855 2989 saeva0illa
1888 2909 2320 2986 symptomata
2358 2902 2638 2983 (nausea,
2680 2898 2863 2963 verbi

663 3022 874 3079 causa,
904 3002 1210 3080 anxietas,
1230 3004 1636 3086 jactationes,
1658 3004 1929 3087 suspiria
1946 3005 2259 3082 luctuosa,
2282 3004 2545 3087 linguae
2566 3002 2861 3086 nigredo,

665 3106 811 3186 ete.)
859 3125 1020 3186 quae
1071 3111 1138 3168 et
1183 3106 1354 3188 ipsos
1401 3107 1861 3185 excruciarant,
1915 3113 1983 3171 et
2032 3107 2362 3171 adstantes
2406 3105 2859 3189 perterrefece-

663 3214 833 3284 rant,
879 3207 1162 3289 mitigari
1207 3209 1416 3273 solent
1461 3230 1536 3274 ao
1580 3210 1757 3289 solvi,
1802 3210 2101 3293 quodque
2142 3209 2353 3274 morbi
2393 3209 2714 3291 reliquum
2758 3214 2861 3270 est

663 3307 944 3388 εὐθύμως
975 3309 1252 3373 tolerari.

365 3424 466 3473 Ubi
487 3425 614 3472 indi·
729 3423 737 3428 “
763 3411 927 3494 [14.]
983 3410 1158 3474 Illud
1185 3411 1292 3476 hic
1319 3413 1442 3478 loci
1470 3434 1607 3477 non
1644 3413 2077 3479 omittendum
2106 3416 2249 3494 erit,
2280 3415 2336 3480 si
2364 3414 2541 3499 aegri
2574 3413 2864 3478 conditio

361 3496 604 3614 gffiqsse,
665 3499 1012 3596 utrumque
1065 3514 1374 3578 auxilium
1430 3517 1865 3601 postulaverit,
1912 3519 2515 3601 (venae-sectionem
2563 3516 2863 3599 intelligo

360 3632 640 3692 {enne-⁸5³0-
668 3622 734 3678 et
772 3615 1223 3700 vomitorium,)
1265 3625 1483 3685 tutum
1527 3619 1793 3684 omnino
1850 3641 1989 3684 esse
2034 3627 2109 3684 ut
2146 3620 2571 3684 venae-sectio
2606 3619 2861 3683 emetiei

360 3687 499 3792 ἓξὲξ
502 3689 646 3793 3:³¹1}ssss
669 3717 1131 3783 exhibitionem
1172 3722 1548 3803 praecedat,
1596 3723 1751 3786 alias
1784 3723 1980 3801 enim,
2013 3723 2169 3786 dum
2199 3744 2351 3787 vasa
2387 3722 2701 3806 sanguine
2732 3720 2861 3785 dis-

359 3823 555 3923 ἕζξὲσθ·
669 3827 854 3884 tenta
883 3829 1056 3900 sunt,
1086 3824 1442 3906 perieulum
1484 3825 1783 3888 imminet
1822 3847 1907 3888 ne
1948 3847 2025 3889 ex
2066 3825 2363 3889 violentis
2401 3825 2528 3888 illis
2561 3824 2865 3889 vomendi

669 3922 1004 3988 conatibus
1020 3925 1122 3988 vel
1147 3933 1533 4009 rumpantur
1560 3949 1711 3992 vasa
1738 3929 2139 4010 pulmonum,
2158 3929 2260 3992 vel
2288 3927 2622 3993 cerebrum
2648 3927 2865 3992 laeda-

664 4033 792 4105 tur,
825 4029 1027 4091 affuso
1066 4049 1217 4091 eum
1243 4029 1491 4112 impetu
1529 4033 1844 4115 sanguine
1874 4039 2066 4116 atque
2097 4033 2317 4111 effuso,
2349 4027 2633 4115 adeoque
2673 4051 2867 4115 aeger

665 4131 997 4214 apoplexia
1053 4139 1380 4215 correptus
1437 4141 1677 4217 pereat.
1798 4136 1999 4220 Cujus
2066 4135 2161 4199 rei
2218 4135 2505 4220 quamvis
2562 4131 2863 4198 historias

667 4234 910 4317 aliquot
969 4255 1465 4300 commemorare
1521 4237 1780 4321 possim,
1840 4237 1967 4303 illis
2025 4243 2246 4304 tamen
2297 4238 2403 4302 hic
2454 4236 2863 4321 supersedere

665 4335 872 4398 visum
931 4343 1049 4414 est,
1099 4338 1422 4402 monuisse
1479 4347 1825 4405 contentus
1878 4341 2157 4406 maxima
2203 4341 2325 4406 hae
2371 4341 2442 4404 in
2488 4360 2559 4405 re
2610 4340 2863 4404 cautela

667 4437 984 4502 utendum
1014 4460 1169 4504 esse.
