<?xml version="1.0" encoding="UTF-8"?>
<!DOCTYPE html PUBLIC "-//W3C//DTD XHTML 1.0 Transitional//EN"
    "http://www.w3.org/TR/xhtml1/DTD/xhtml1-transitional.dtd">
<html xmlns="http://www.w3.org/1999/xhtml" xml:lang="en" lang="en">
 <head>
  <title>
</title>
<meta http-equiv="Content-Type" content="text/html;charset=utf-8" />
  <meta name='ocr-system' content='tesseract 3.04.00' />
  <meta name='ocr-capabilities' content='ocr_page ocr_carea ocr_par ocr_line ocrx_word'/>
</head>
<body>
  <div class='ocr_page' id='page_1' title='image "./operaomnia00khgoog_0340.png"; bbox 0 0 3138 5006; ppageno 0'>
   <div class='ocr_carea' id='block_1_1' title="bbox 638 270 2388 340">
    <p class='ocr_par' dir='ltr' id='par_1_1' title="bbox 638 270 2388 340">
     <span class='ocr_line' id='line_1_1' title="bbox 638 270 2388 340; baseline -0.002 0"><span class='ocrx_word' id='word_1_1' title='bbox 638 272 1081 340; x_wconf 84' lang='lat' dir='ltr'>EPISTOLA</span> <span class='ocrx_word' id='word_1_2' title='bbox 1125 273 1223 337; x_wconf 93' lang='lat'>11.</span> <span class='ocrx_word' id='word_1_3' title='bbox 1272 270 1929 336; x_wconf 88' lang='lat' dir='ltr'><strong>RESPONSORIA.</strong></span> <span class='ocrx_word' id='word_1_4' title='bbox 2260 272 2388 338; x_wconf 85' lang='lat'>317</span> 
     </span>
    </p>
   </div>
   <div class='ocr_carea' id='block_1_2' title="bbox 169 427 2693 618">
    <p class='ocr_par' dir='ltr' id='par_1_2' title="bbox 169 427 2693 618">
     <span class='ocr_line' id='line_1_2' title="bbox 169 427 2673 524; baseline -0.011 -19"><span class='ocrx_word' id='word_1_5' title='bbox 169 442 583 524; x_wconf 88' lang='lat' dir='ltr'>potarentur.</span> <span class='ocrx_word' id='word_1_6' title='bbox 676 431 870 499; x_wconf 80' lang='lat' dir='ltr'>Quod</span> <span class='ocrx_word' id='word_1_7' title='bbox 899 432 1160 516; x_wconf 90' lang='lat' dir='ltr'>quidem</span> <span class='ocrx_word' id='word_1_8' title='bbox 1191 450 1311 513; x_wconf 88' lang='lat' dir='ltr'>ego</span> <span class='ocrx_word' id='word_1_9' title='bbox 1337 428 1619 493; x_wconf 90' lang='lat' dir='ltr'>fidenter</span> <span class='ocrx_word' id='word_1_10' title='bbox 1648 449 1879 506; x_wconf 80' lang='lat' dir='ltr'>assem,</span> <span class='ocrx_word' id='word_1_11' title='bbox 1912 427 2388 511; x_wconf 79' lang='lat' dir='ltr'>quantumlibet</span> <span class='ocrx_word' id='word_1_12' title='bbox 2449 445 2532 493; x_wconf 60' lang='lat' dir='ltr'>Dr:</span> <span class='ocrx_word' id='word_1_13' title='bbox 2556 446 2673 494; x_wconf 61' lang='lat' dir='ltr'>Lus</span> 
     </span>
     <span class='ocr_line' id='line_1_3' title="bbox 172 509 2693 618; baseline -0.008 -12"><span class='ocrx_word' id='word_1_14' title='bbox 172 563 259 606; x_wconf 84' lang='lat' dir='ltr'>ex</span> <span class='ocrx_word' id='word_1_15' title='bbox 302 561 484 604; x_wconf 93' lang='lat' dir='ltr'>more</span> <span class='ocrx_word' id='word_1_16' title='bbox 525 537 720 602; x_wconf 87' lang='lat' dir='ltr'>hodie</span> <span class='ocrx_word' id='word_1_17' title='bbox 761 541 1022 618; x_wconf 91' lang='lat' dir='ltr'>recepto</span> <span class='ocrx_word' id='word_1_18' title='bbox 1065 554 1270 618; x_wconf 87' lang='lat' dir='ltr'>aquae</span> <span class='ocrx_word' id='word_1_19' title='bbox 1312 532 1657 596; x_wconf 89' lang='lat' dir='ltr'>minerales</span> <span class='ocrx_word' id='word_1_20' title='bbox 1695 531 1766 594; x_wconf 89' lang='lat' dir='ltr'>in</span> <span class='ocrx_word' id='word_1_21' title='bbox 1802 531 1977 594; x_wconf 88' lang='lat' dir='ltr'>dicto</span> <span class='ocrx_word' id='word_1_22' title='bbox 2020 551 2175 594; x_wconf 89' lang='lat' dir='ltr'>casu</span> <span class='ocrx_word' id='word_1_23' title='bbox 2210 528 2389 593; x_wconf 88' lang='lat' dir='ltr'>haud</span> <span class='ocrx_word' id='word_1_24' title='bbox 2412 509 2693 557; x_wconf 63' lang='lat' dir='ltr'>Vennum.</span> 
     </span>
    </p>
   </div>
   <div class='ocr_carea' id='block_1_3' title="bbox 169 638 896 725">
    <p class='ocr_par' dir='ltr' id='par_1_3' title="bbox 169 638 896 725">
     <span class='ocr_line' id='line_1_4' title="bbox 169 638 896 725; baseline -0.011 -17"><span class='ocrx_word' id='word_1_25' title='bbox 169 663 326 707; x_wconf 89' lang='lat' dir='ltr'>raro</span> <span class='ocrx_word' id='word_1_26' title='bbox 353 638 896 725; x_wconf 79' lang='lat' dir='ltr'>praescribantur.</span> 
     </span>
    </p>
   </div>
   <div class='ocr_carea' id='block_1_4' title="bbox 168 733 2691 2348">
    <p class='ocr_par' dir='ltr' id='par_1_4' title="bbox 168 733 2691 2144">
     <span class='ocr_line' id='line_1_5' title="bbox 279 733 2691 828; baseline -0.006 -21"><span class='ocrx_word' id='word_1_27' title='bbox 279 742 445 828; x_wconf 85' lang='lat'>[21.]</span> <span class='ocrx_word' id='word_1_28' title='bbox 501 742 734 823; x_wconf 83' lang='lat' dir='ltr'>Neque</span> <span class='ocrx_word' id='word_1_29' title='bbox 772 760 918 802; x_wconf 88' lang='lat' dir='ltr'>sum</span> <span class='ocrx_word' id='word_1_30' title='bbox 947 737 1204 802; x_wconf 86' lang='lat' dir='ltr'>nescius</span> <span class='ocrx_word' id='word_1_31' title='bbox 1249 742 1568 819; x_wconf 87' lang='lat' dir='ltr'>quantum</span> <span class='ocrx_word' id='word_1_32' title='bbox 1598 754 1667 797; x_wconf 87' lang='lat' dir='ltr'>se</span> <span class='ocrx_word' id='word_1_33' title='bbox 1694 733 2032 798; x_wconf 82' lang='lat' dir='ltr'>venditent</span> <span class='ocrx_word' id='word_1_34' title='bbox 2073 733 2385 816; x_wconf 74' lang='lat' dir='ltr'>practico·</span> <span class='ocrx_word' id='word_1_35' title='bbox 2412 743 2593 819; x_wconf 52' lang='lat' dir='ltr'>etaliis</span> <span class='ocrx_word' id='word_1_36' title='bbox 2614 760 2691 820; x_wconf 55' lang='lat' dir='ltr'>qs-</span> 
     </span>
     <span class='ocr_line' id='line_1_6' title="bbox 172 815 2662 928; baseline -0.005 -19"><span class='ocrx_word' id='word_1_37' title='bbox 172 866 329 910; x_wconf 90' lang='lat' dir='ltr'>rum</span> <span class='ocrx_word' id='word_1_38' title='bbox 371 843 672 908; x_wconf 82' lang='lat' dir='ltr'>nonnulli</span> <span class='ocrx_word' id='word_1_39' title='bbox 713 841 786 905; x_wconf 91' lang='lat' dir='ltr'>in</span> <span class='ocrx_word' id='word_1_40' title='bbox 813 841 1012 924; x_wconf 86' lang='lat' dir='ltr'>hujus</span> <span class='ocrx_word' id='word_1_41' title='bbox 1057 836 1504 922; x_wconf 79' lang='lat' dir='ltr'>symptomatis</span> <span class='ocrx_word' id='word_1_42' title='bbox 1547 836 1898 914; x_wconf 82' lang='lat' dir='ltr'>curatione,</span> <span class='ocrx_word' id='word_1_43' title='bbox 1932 857 2057 918; x_wconf 90' lang='lat' dir='ltr'>qua</span> <span class='ocrx_word' id='word_1_44' title='bbox 2099 835 2387 899; x_wconf 86' lang='lat' dir='ltr'>breviore</span> <span class='ocrx_word' id='word_1_45' title='bbox 2410 815 2662 928; x_wconf 40' lang='lat' dir='ltr'>{angenu-</span> 
     </span>
     <span class='ocr_line' id='line_1_7' title="bbox 169 936 2384 1030; baseline -0.005 -19"><span class='ocrx_word' id='word_1_46' title='bbox 169 946 484 1030; x_wconf 90' lang='lat' dir='ltr'>temporis</span> <span class='ocrx_word' id='word_1_47' title='bbox 515 945 740 1027; x_wconf 81' lang='lat' dir='ltr'>spatiO,</span> <span class='ocrx_word' id='word_1_48' title='bbox 772 964 901 1026; x_wconf 91' lang='lat' dir='ltr'>qua</span> <span class='ocrx_word' id='word_1_49' title='bbox 927 941 1228 1006; x_wconf 80' lang='lat' dir='ltr'>remediis</span> <span class='ocrx_word' id='word_1_50' title='bbox 1266 938 1491 1022; x_wconf 90' lang='lat' dir='ltr'>magni</span> <span class='ocrx_word' id='word_1_51' title='bbox 1532 938 1815 1002; x_wconf 89' lang='lat' dir='ltr'>nominis</span> <span class='ocrx_word' id='word_1_52' title='bbox 1855 943 1921 1002; x_wconf 92' lang='lat' dir='ltr'>et</span> <span class='ocrx_word' id='word_1_53' title='bbox 1950 938 2147 1016; x_wconf 83' lang='lat' dir='ltr'>tituli,</span> <span class='ocrx_word' id='word_1_54' title='bbox 2178 936 2384 1001; x_wconf 88' lang='lat' dir='ltr'>absol-</span> 
     </span>
     <span class='ocr_line' id='line_1_8' title="bbox 171 1038 2386 1125; baseline -0.004 -15"><span class='ocrx_word' id='word_1_55' title='bbox 171 1048 421 1125; x_wconf 78' lang='lat' dir='ltr'>venda3</span> <span class='ocrx_word' id='word_1_56' title='bbox 464 1045 730 1109; x_wconf 84' lang='lat' dir='ltr'>interim</span> <span class='ocrx_word' id='word_1_57' title='bbox 759 1042 1202 1106; x_wconf 88' lang='lat' dir='ltr'>observatione</span> <span class='ocrx_word' id='word_1_58' title='bbox 1231 1039 1376 1123; x_wconf 87' lang='lat' dir='ltr'>plus</span> <span class='ocrx_word' id='word_1_59' title='bbox 1416 1040 1573 1103; x_wconf 86' lang='lat' dir='ltr'>satis</span> <span class='ocrx_word' id='word_1_60' title='bbox 1602 1039 1925 1122; x_wconf 77' lang='lat' dir='ltr'>frequenti</span> <span class='ocrx_word' id='word_1_61' title='bbox 1954 1045 2131 1103; x_wconf 90' lang='lat' dir='ltr'>certo</span> <span class='ocrx_word' id='word_1_62' title='bbox 2161 1038 2386 1121; x_wconf 89' lang='lat' dir='ltr'>depre-</span> 
     </span>
     <span class='ocr_line' id='line_1_9' title="bbox 168 1140 2386 1227; baseline -0.003 -15"><span class='ocrx_word' id='word_1_63' title='bbox 168 1148 376 1212; x_wconf 91' lang='lat' dir='ltr'>hendi</span> <span class='ocrx_word' id='word_1_64' title='bbox 427 1145 767 1210; x_wconf 81' lang='lat' dir='ltr'>materiam</span> <span class='ocrx_word' id='word_1_65' title='bbox 820 1163 984 1227; x_wconf 91' lang='lat' dir='ltr'>quae</span> <span class='ocrx_word' id='word_1_66' title='bbox 1035 1140 1432 1206; x_wconf 89' lang='lat' dir='ltr'>eliminanda</span> <span class='ocrx_word' id='word_1_67' title='bbox 1473 1141 1619 1219; x_wconf 86' lang='lat' dir='ltr'>fuit,</span> <span class='ocrx_word' id='word_1_68' title='bbox 1667 1142 2169 1224; x_wconf 89' lang='lat' dir='ltr'>astringentium</span> <span class='ocrx_word' id='word_1_69' title='bbox 2210 1141 2271 1204; x_wconf 86' lang='lat' dir='ltr'>vi</span> <span class='ocrx_word' id='word_1_70' title='bbox 2313 1141 2386 1205; x_wconf 89' lang='lat' dir='ltr'>in</span> 
     </span>
     <span class='ocr_line' id='line_1_10' title="bbox 169 1242 2385 1333; baseline -0.003 -19"><span class='ocrx_word' id='word_1_71' title='bbox 169 1270 440 1333; x_wconf 91' lang='lat' dir='ltr'>corpore</span> <span class='ocrx_word' id='word_1_72' title='bbox 484 1247 820 1312; x_wconf 89' lang='lat' dir='ltr'>detentam</span> <span class='ocrx_word' id='word_1_73' title='bbox 861 1244 1218 1308; x_wconf 85' lang='lat' dir='ltr'>maximum</span> <span class='ocrx_word' id='word_1_74' title='bbox 1269 1242 1477 1325; x_wconf 87' lang='lat' dir='ltr'>aegris</span> <span class='ocrx_word' id='word_1_75' title='bbox 1522 1242 1773 1308; x_wconf 80' lang='lat' dir='ltr'>dedisse</span> <span class='ocrx_word' id='word_1_76' title='bbox 1822 1244 2087 1321; x_wconf 90' lang='lat' dir='ltr'>malum,</span> <span class='ocrx_word' id='word_1_77' title='bbox 2134 1264 2214 1307; x_wconf 86' lang='lat' dir='ltr'>ex</span> <span class='ocrx_word' id='word_1_78' title='bbox 2258 1263 2385 1326; x_wconf 91' lang='lat' dir='ltr'>quo</span> 
     </span>
     <span class='ocr_line' id='line_1_11' title="bbox 168 1342 2383 1434; baseline -0.003 -19"><span class='ocrx_word' id='word_1_79' title='bbox 168 1370 480 1434; x_wconf 79' lang='lat' dir='ltr'>persaepe</span> <span class='ocrx_word' id='word_1_80' title='bbox 527 1347 863 1430; x_wconf 85' lang='lat' dir='ltr'>sanguinis</span> <span class='ocrx_word' id='word_1_81' title='bbox 897 1365 1178 1408; x_wconf 87' lang='lat' dir='ltr'>massam</span> <span class='ocrx_word' id='word_1_82' title='bbox 1226 1342 1306 1407; x_wconf 90' lang='lat' dir='ltr'>de</span> <span class='ocrx_word' id='word_1_83' title='bbox 1349 1365 1516 1408; x_wconf 85' lang='lat' dir='ltr'>novo</span> <span class='ocrx_word' id='word_1_84' title='bbox 1560 1345 1825 1409; x_wconf 91' lang='lat' dir='ltr'>subiens</span> <span class='ocrx_word' id='word_1_85' title='bbox 1869 1346 2078 1428; x_wconf 84' lang='lat' dir='ltr'>ipsam</span> <span class='ocrx_word' id='word_1_86' title='bbox 2120 1344 2383 1408; x_wconf 91' lang='lat' dir='ltr'>demum</span> 
     </span>
     <span class='ocr_line' id='line_1_12' title="bbox 171 1444 2677 1535; baseline -0.005 -19"><span class='ocrx_word' id='word_1_87' title='bbox 171 1453 385 1516; x_wconf 87' lang='lat' dir='ltr'>Luem</span> <span class='ocrx_word' id='word_1_88' title='bbox 413 1451 604 1535; x_wconf 89' lang='lat' dir='ltr'>parit.</span> <span class='ocrx_word' id='word_1_89' title='bbox 693 1449 838 1512; x_wconf 90' lang='lat' dir='ltr'>Nec</span> <span class='ocrx_word' id='word_1_90' title='bbox 873 1447 1116 1529; x_wconf 88' lang='lat' dir='ltr'>majore</span> <span class='ocrx_word' id='word_1_91' title='bbox 1155 1465 1306 1508; x_wconf 90' lang='lat' dir='ltr'>cum</span> <span class='ocrx_word' id='word_1_92' title='bbox 1339 1444 1577 1524; x_wconf 87' lang='lat' dir='ltr'>fructu,</span> <span class='ocrx_word' id='word_1_93' title='bbox 1609 1445 1760 1509; x_wconf 90' lang='lat' dir='ltr'>licet</span> <span class='ocrx_word' id='word_1_94' title='bbox 1794 1444 2079 1528; x_wconf 83' lang='lat' dir='ltr'>periculo</span> <span class='ocrx_word' id='word_1_95' title='bbox 2112 1444 2379 1523; x_wconf 86' lang='lat' dir='ltr'>minore,</span> <span class='ocrx_word' id='word_1_96' title='bbox 2406 1462 2523 1511; x_wconf 81' lang='lat' dir='ltr'>item</span> <span class='ocrx_word' id='word_1_97' title='bbox 2540 1479 2567 1510; x_wconf 82' lang='lat' dir='ltr'>e</span> <span class='ocrx_word' id='word_1_98' title='bbox 2583 1463 2677 1527; x_wconf 75' lang='lat' dir='ltr'>lig.</span> 
     </span>
     <span class='ocr_line' id='line_1_13' title="bbox 170 1528 2644 1640; baseline -0.002 -24"><span class='ocrx_word' id='word_1_99' title='bbox 170 1552 516 1616; x_wconf 84' lang='lat' dir='ltr'>decoctum</span> <span class='ocrx_word' id='word_1_100' title='bbox 557 1550 887 1632; x_wconf 90' lang='lat' dir='ltr'>lignorum</span> <span class='ocrx_word' id='word_1_101' title='bbox 931 1545 1358 1610; x_wconf 80' lang='lat' dir='ltr'>exiccantium</span> <span class='ocrx_word' id='word_1_102' title='bbox 1409 1554 1794 1629; x_wconf 90' lang='lat' dir='ltr'>usurpatum</span> <span class='ocrx_word' id='word_1_103' title='bbox 1844 1547 2164 1630; x_wconf 89' lang='lat' dir='ltr'>comperi;</span> <span class='ocrx_word' id='word_1_104' title='bbox 2233 1569 2378 1630; x_wconf 90' lang='lat' dir='ltr'>quo,</span> <span class='ocrx_word' id='word_1_105' title='bbox 2404 1528 2644 1640; x_wconf 49' lang='lat' dir='ltr'>&#39;gssffistuj</span> 
     </span>
     <span class='ocr_line' id='line_1_14' title="bbox 171 1647 2457 1734; baseline -0.004 -17"><span class='ocrx_word' id='word_1_106' title='bbox 171 1654 421 1717; x_wconf 82' lang='lat' dir='ltr'>scilicet</span> <span class='ocrx_word' id='word_1_107' title='bbox 451 1650 572 1715; x_wconf 87' lang='lat' dir='ltr'>sub</span> <span class='ocrx_word' id='word_1_108' title='bbox 600 1655 942 1734; x_wconf 83' lang='lat' dir='ltr'>praetextu</span> <span class='ocrx_word' id='word_1_109' title='bbox 971 1647 1428 1732; x_wconf 86' lang='lat' dir='ltr'>specificorum,</span> <span class='ocrx_word' id='word_1_110' title='bbox 1458 1653 1605 1710; x_wconf 92' lang='lat' dir='ltr'>tum</span> <span class='ocrx_word' id='word_1_111' title='bbox 1633 1648 2003 1711; x_wconf 84' lang='lat' dir='ltr'>universum</span> <span class='ocrx_word' id='word_1_112' title='bbox 2039 1647 2216 1728; x_wconf 80' lang='lat' dir='ltr'>aegri</span> <span class='ocrx_word' id='word_1_113' title='bbox 2244 1667 2381 1711; x_wconf 89' lang='lat' dir='ltr'>cor·</span> <span class='ocrx_word' id='word_1_114' title='bbox 2450 1701 2457 1708; x_wconf 89' lang='lat'>.</span> 
     </span>
     <span class='ocr_line' id='line_1_15' title="bbox 169 1750 2381 1840; baseline -0.002 -20"><span class='ocrx_word' id='word_1_115' title='bbox 169 1779 319 1840; x_wconf 88' lang='lat' dir='ltr'>pus,</span> <span class='ocrx_word' id='word_1_116' title='bbox 350 1762 495 1819; x_wconf 91' lang='lat' dir='ltr'>tum</span> <span class='ocrx_word' id='word_1_117' title='bbox 522 1775 674 1838; x_wconf 89' lang='lat' dir='ltr'>prae</span> <span class='ocrx_word' id='word_1_118' title='bbox 704 1752 972 1817; x_wconf 87' lang='lat' dir='ltr'>caeteris</span> <span class='ocrx_word' id='word_1_119' title='bbox 1000 1751 1232 1815; x_wconf 88' lang='lat' dir='ltr'>affecta</span> <span class='ocrx_word' id='word_1_120' title='bbox 1269 1771 1436 1832; x_wconf 90' lang='lat' dir='ltr'>pars,</span> <span class='ocrx_word' id='word_1_121' title='bbox 1461 1750 1849 1834; x_wconf 85' lang='lat' dir='ltr'>jampridem</span> <span class='ocrx_word' id='word_1_122' title='bbox 1891 1750 2087 1814; x_wconf 91' lang='lat' dir='ltr'>nimis</span> <span class='ocrx_word' id='word_1_123' title='bbox 2114 1751 2381 1815; x_wconf 85' lang='lat' dir='ltr'>incales-</span> 
     </span>
     <span class='ocr_line' id='line_1_16' title="bbox 172 1853 2381 1937; baseline -0.002 -14"><span class='ocrx_word' id='word_1_124' title='bbox 172 1859 412 1937; x_wconf 80' lang='lat' dir='ltr'>centia,</span> <span class='ocrx_word' id='word_1_125' title='bbox 445 1857 716 1921; x_wconf 86' lang='lat' dir='ltr'>ulterius</span> <span class='ocrx_word' id='word_1_126' title='bbox 760 1855 972 1921; x_wconf 91' lang='lat' dir='ltr'>adhuc</span> <span class='ocrx_word' id='word_1_127' title='bbox 1015 1853 1627 1931; x_wconf 82' lang='lat' dir='ltr'>inflammabantur3</span> <span class='ocrx_word' id='word_1_128' title='bbox 1672 1874 2145 1937; x_wconf 90' lang='lat' dir='ltr'>nonnunquam</span> <span class='ocrx_word' id='word_1_129' title='bbox 2183 1855 2381 1923; x_wconf 88' lang='lat' dir='ltr'>etiam</span> 
     </span>
     <span class='ocr_line' id='line_1_17' title="bbox 175 1955 2379 2042; baseline -0.002 -16"><span class='ocrx_word' id='word_1_130' title='bbox 175 1959 616 2036; x_wconf 87' lang='lat' dir='ltr'>Gonorrhoea‚</span> <span class='ocrx_word' id='word_1_131' title='bbox 649 1978 813 2042; x_wconf 92' lang='lat' dir='ltr'>quae</span> <span class='ocrx_word' id='word_1_132' title='bbox 845 1957 1039 2041; x_wconf 90' lang='lat' dir='ltr'>paulo</span> <span class='ocrx_word' id='word_1_133' title='bbox 1069 1962 1222 2019; x_wconf 90' lang='lat' dir='ltr'>ante</span> <span class='ocrx_word' id='word_1_134' title='bbox 1253 1963 1623 2034; x_wconf 85' lang='lat' dir='ltr'>evanuerat,</span> <span class='ocrx_word' id='word_1_135' title='bbox 1660 1955 1856 2039; x_wconf 89' lang='lat' dir='ltr'>(quod</span> <span class='ocrx_word' id='word_1_136' title='bbox 1882 1977 1989 2020; x_wconf 89' lang='lat' dir='ltr'>me</span> <span class='ocrx_word' id='word_1_137' title='bbox 2018 1956 2379 2022; x_wconf 85' lang='lat' dir='ltr'>observasse</span> 
     </span>
     <span class='ocr_line' id='line_1_18' title="bbox 171 2058 1496 2144; baseline -0.002 -20"><span class='ocrx_word' id='word_1_138' title='bbox 171 2062 488 2144; x_wconf 90' lang='lat' dir='ltr'>memini,)</span> <span class='ocrx_word' id='word_1_139' title='bbox 524 2061 736 2125; x_wconf 89' lang='lat' dir='ltr'>denuo</span> <span class='ocrx_word' id='word_1_140' title='bbox 763 2061 836 2123; x_wconf 91' lang='lat' dir='ltr'>in</span> <span class='ocrx_word' id='word_1_141' title='bbox 865 2065 1212 2142; x_wconf 86' lang='lat' dir='ltr'>conspectu</span> <span class='ocrx_word' id='word_1_142' title='bbox 1236 2058 1496 2142; x_wconf 90' lang='lat' dir='ltr'>prodiit.</span> 
     </span>
    </p>

    <p class='ocr_par' dir='ltr' id='par_1_5' title="bbox 173 2160 2672 2348">
     <span class='ocr_line' id='line_1_19' title="bbox 274 2160 2672 2246; baseline 0 -20"><span class='ocrx_word' id='word_1_143' title='bbox 274 2163 440 2246; x_wconf 59' lang='lat'><em>[22]</em></span> <span class='ocrx_word' id='word_1_144' title='bbox 495 2160 1159 2226; x_wconf 82' lang='lat' dir='ltr'>Animadvertendum</span> <span class='ocrx_word' id='word_1_145' title='bbox 1195 2167 1304 2234; x_wconf 48' lang='lat' dir='ltr'>,est</span> <span class='ocrx_word' id='word_1_146' title='bbox 1355 2168 1596 2239; x_wconf 88' lang='lat' dir='ltr'>autem,</span> <span class='ocrx_word' id='word_1_147' title='bbox 1628 2160 1819 2244; x_wconf 93' lang='lat' dir='ltr'>quod,</span> <span class='ocrx_word' id='word_1_148' title='bbox 1869 2161 1924 2225; x_wconf 88' lang='lat' dir='ltr'>si</span> <span class='ocrx_word' id='word_1_149' title='bbox 1970 2163 2145 2244; x_wconf 79' lang='lat' dir='ltr'>aegri</span> <span class='ocrx_word' id='word_1_150' title='bbox 2192 2164 2377 2245; x_wconf 90' lang='lat' dir='ltr'>glans</span> <span class='ocrx_word' id='word_1_151' title='bbox 2405 2179 2672 2228; x_wconf 77' lang='lat' dir='ltr'>Methodu·</span> 
     </span>
     <span class='ocr_line' id='line_1_20' title="bbox 173 2245 2601 2348; baseline -0.001 -20"><span class='ocrx_word' id='word_1_152' title='bbox 173 2265 514 2348; x_wconf 90' lang='lat' dir='ltr'>praeputio</span> <span class='ocrx_word' id='word_1_153' title='bbox 561 2263 978 2345; x_wconf 90' lang='lat' dir='ltr'>undiquaque</span> <span class='ocrx_word' id='word_1_154' title='bbox 1029 2267 1428 2344; x_wconf 89' lang='lat' dir='ltr'>contegatur,</span> <span class='ocrx_word' id='word_1_155' title='bbox 1479 2267 1673 2344; x_wconf 88' lang='lat' dir='ltr'>atque</span> <span class='ocrx_word' id='word_1_156' title='bbox 1726 2261 2013 2343; x_wconf 87' lang='lat' dir='ltr'>ejusdem</span> <span class='ocrx_word' id='word_1_157' title='bbox 2062 2283 2176 2326; x_wconf 91' lang='lat' dir='ltr'>ora</span> <span class='ocrx_word' id='word_1_158' title='bbox 2223 2285 2377 2346; x_wconf 82' lang='lat' dir='ltr'>prae</span> <span class='ocrx_word' id='word_1_159' title='bbox 2400 2245 2601 2292; x_wconf 69' lang='lat' dir='ltr'>curandi</span> 
     </span>
    </p>
   </div>
   <div class='ocr_carea' id='block_1_5' title="bbox 2399 2307 2627 2369">
    <p class='ocr_par' dir='ltr' id='par_1_6' title="bbox 2399 2307 2627 2369">
     <span class='ocr_line' id='line_1_21' title="bbox 2399 2307 2627 2369; baseline 0 -15"><span class='ocrx_word' id='word_1_160' title='bbox 2399 2307 2627 2369; x_wconf 84' lang='lat' dir='ltr'>glandem</span> 
     </span>
    </p>
   </div>
   <div class='ocr_carea' id='block_1_6' title="bbox 173 2362 2652 2448">
    <p class='ocr_par' dir='ltr' id='par_1_7' title="bbox 173 2362 2652 2448">
     <span class='ocr_line' id='line_1_22' title="bbox 173 2362 2652 2448; baseline -0.001 -19"><span class='ocrx_word' id='word_1_161' title='bbox 173 2364 685 2431; x_wconf 87' lang='lat' dir='ltr'>inflammatione</span> <span class='ocrx_word' id='word_1_162' title='bbox 735 2384 940 2448; x_wconf 88' lang='lat' dir='ltr'>usque</span> <span class='ocrx_word' id='word_1_163' title='bbox 985 2364 1145 2427; x_wconf 90' lang='lat' dir='ltr'>adeo</span> <span class='ocrx_word' id='word_1_164' title='bbox 1178 2363 1448 2441; x_wconf 91' lang='lat' dir='ltr'>tumida,</span> <span class='ocrx_word' id='word_1_165' title='bbox 1481 2362 1661 2441; x_wconf 87' lang='lat' dir='ltr'>dura,</span> <span class='ocrx_word' id='word_1_166' title='bbox 1700 2385 1775 2427; x_wconf 90' lang='lat' dir='ltr'>ac</span> <span class='ocrx_word' id='word_1_167' title='bbox 1817 2364 2070 2442; x_wconf 86' lang='lat' dir='ltr'>callosa,</span> <span class='ocrx_word' id='word_1_168' title='bbox 2102 2363 2375 2429; x_wconf 89' lang='lat' dir='ltr'>reddan-</span> <span class='ocrx_word' id='word_1_169' title='bbox 2400 2373 2652 2434; x_wconf 78' lang='lat' dir='ltr'>praeputio</span> 
     </span>
    </p>
   </div>
   <div class='ocr_carea' id='block_1_7' title="bbox 170 2443 2687 2551">
    <p class='ocr_par' dir='ltr' id='par_1_8' title="bbox 170 2443 2687 2551">
     <span class='ocr_line' id='line_1_23' title="bbox 170 2443 2687 2551; baseline 0.001 -19"><span class='ocrx_word' id='word_1_170' title='bbox 170 2474 304 2548; x_wconf 89' lang='lat' dir='ltr'>tur,</span> <span class='ocrx_word' id='word_1_171' title='bbox 353 2474 429 2532; x_wconf 93' lang='lat' dir='ltr'>ut</span> <span class='ocrx_word' id='word_1_172' title='bbox 485 2467 668 2532; x_wconf 82' lang='lat' dir='ltr'>nullo</span> <span class='ocrx_word' id='word_1_173' title='bbox 717 2466 908 2532; x_wconf 91' lang='lat' dir='ltr'>modo</span> <span class='ocrx_word' id='word_1_174' title='bbox 969 2472 1163 2550; x_wconf 86' lang='lat' dir='ltr'>queat</span> <span class='ocrx_word' id='word_1_175' title='bbox 1211 2464 1472 2544; x_wconf 80' lang='lat' dir='ltr'>reduci3</span> <span class='ocrx_word' id='word_1_176' title='bbox 1535 2465 1805 2530; x_wconf 89' lang='lat' dir='ltr'>laterem</span> <span class='ocrx_word' id='word_1_177' title='bbox 1861 2466 2031 2531; x_wconf 87' lang='lat' dir='ltr'>lavat</span> <span class='ocrx_word' id='word_1_178' title='bbox 2092 2467 2375 2551; x_wconf 84' lang='lat' dir='ltr'>quisquis</span> <span class='ocrx_word' id='word_1_179' title='bbox 2400 2443 2687 2549; x_wconf 48' lang='lat' dir='ltr'>‘g‘t&#39;ssssfflffi&#39;</span> 
     </span>
    </p>
   </div>
   <div class='ocr_carea' id='block_1_8' title="bbox 169 2566 2611 3163">
    <p class='ocr_par' dir='ltr' id='par_1_9' title="bbox 169 2566 2611 3163">
     <span class='ocr_line' id='line_1_24' title="bbox 174 2566 2611 2653; baseline -0.001 -18"><span class='ocrx_word' id='word_1_180' title='bbox 174 2570 664 2635; x_wconf 86' lang='lat' dir='ltr'>Gonorrhoeam</span> <span class='ocrx_word' id='word_1_181' title='bbox 696 2568 996 2633; x_wconf 87' lang='lat' dir='ltr'>remediis</span> <span class='ocrx_word' id='word_1_182' title='bbox 1037 2566 1486 2650; x_wconf 82' lang='lat' dir='ltr'>purgantibus,</span> <span class='ocrx_word' id='word_1_183' title='bbox 1517 2568 1879 2632; x_wconf 85' lang='lat' dir='ltr'>fortissimis</span> <span class='ocrx_word' id='word_1_184' title='bbox 1913 2568 2064 2633; x_wconf 94' lang='lat' dir='ltr'>licet</span> <span class='ocrx_word' id='word_1_185' title='bbox 2108 2576 2175 2633; x_wconf 92' lang='lat' dir='ltr'>et</span> <span class='ocrx_word' id='word_1_186' title='bbox 2220 2591 2376 2653; x_wconf 90' lang='lat' dir='ltr'>quo·</span> <span class='ocrx_word' id='word_1_187' title='bbox 2400 2572 2611 2621; x_wconf 67' lang='lat' dir='ltr'>¹¹¹²t⁸¹¹¹=</span> 
     </span>
     <span class='ocr_line' id='line_1_25' title="bbox 169 2668 2380 2753; baseline 0 -16"><span class='ocrx_word' id='word_1_188' title='bbox 169 2673 334 2737; x_wconf 91' lang='lat' dir='ltr'>tidie</span> <span class='ocrx_word' id='word_1_189' title='bbox 365 2672 449 2737; x_wconf 89' lang='lat' dir='ltr'>ad</span> <span class='ocrx_word' id='word_1_190' title='bbox 477 2692 787 2736; x_wconf 88' lang='lat' dir='ltr'>nauseam</span> <span class='ocrx_word' id='word_1_191' title='bbox 815 2670 1122 2753; x_wconf 87' lang='lat' dir='ltr'>repetitis,</span> <span class='ocrx_word' id='word_1_192' title='bbox 1155 2668 1550 2752; x_wconf 86' lang='lat' dir='ltr'>aggreditur,</span> <span class='ocrx_word' id='word_1_193' title='bbox 1585 2669 1710 2731; x_wconf 71' lang='lat' dir='ltr'>nini</span> <span class='ocrx_word' id='word_1_194' title='bbox 1739 2668 1965 2733; x_wconf 90' lang='lat' dir='ltr'>eodem</span> <span class='ocrx_word' id='word_1_195' title='bbox 1995 2676 2283 2753; x_wconf 91' lang='lat' dir='ltr'>tempore</span> <span class='ocrx_word' id='word_1_196' title='bbox 2310 2670 2380 2740; x_wconf 86' lang='lat' dir='ltr'>id</span> 
     </span>
     <span class='ocr_line' id='line_1_26' title="bbox 169 2769 2379 2857; baseline -0.001 -19"><span class='ocrx_word' id='word_1_197' title='bbox 169 2782 428 2857; x_wconf 85' lang='lat' dir='ltr'>agatur,</span> <span class='ocrx_word' id='word_1_198' title='bbox 463 2781 540 2837; x_wconf 90' lang='lat' dir='ltr'>ut</span> <span class='ocrx_word' id='word_1_199' title='bbox 580 2795 728 2857; x_wconf 87' lang='lat' dir='ltr'>pars</span> <span class='ocrx_word' id='word_1_200' title='bbox 767 2773 864 2835; x_wconf 88' lang='lat' dir='ltr'>ita</span> <span class='ocrx_word' id='word_1_201' title='bbox 897 2772 1128 2835; x_wconf 88' lang='lat' dir='ltr'>affecta</span> <span class='ocrx_word' id='word_1_202' title='bbox 1165 2770 1250 2835; x_wconf 89' lang='lat' dir='ltr'>ad</span> <span class='ocrx_word' id='word_1_203' title='bbox 1289 2778 1533 2834; x_wconf 91' lang='lat' dir='ltr'>statum</span> <span class='ocrx_word' id='word_1_204' title='bbox 1575 2769 1697 2834; x_wconf 90' lang='lat' dir='ltr'>sibi</span> <span class='ocrx_word' id='word_1_205' title='bbox 1734 2771 2113 2835; x_wconf 84' lang='lat' dir='ltr'>naturalem&#39;</span> <span class='ocrx_word' id='word_1_206' title='bbox 2136 2771 2379 2851; x_wconf 90' lang='lat' dir='ltr'>redeat,</span> 
     </span>
     <span class='ocr_line' id='line_1_27' title="bbox 173 2868 2380 2955; baseline -0.001 -15"><span class='ocrx_word' id='word_1_207' title='bbox 173 2875 446 2940; x_wconf 83' lang='lat' dir='ltr'>sublatis</span> <span class='ocrx_word' id='word_1_208' title='bbox 477 2883 543 2939; x_wconf 92' lang='lat' dir='ltr'>et</span> <span class='ocrx_word' id='word_1_209' title='bbox 573 2868 809 2939; x_wconf 84' lang='lat' dir='ltr'>duritie</span> <span class='ocrx_word' id='word_1_210' title='bbox 837 2880 904 2937; x_wconf 87' lang='lat' dir='ltr'>et</span> <span class='ocrx_word' id='word_1_211' title='bbox 933 2880 1208 2950; x_wconf 86' lang='lat' dir='ltr'>tumore,</span> <span class='ocrx_word' id='word_1_212' title='bbox 1237 2871 1414 2935; x_wconf 90' lang='lat' dir='ltr'>unde</span> <span class='ocrx_word' id='word_1_213' title='bbox 1446 2871 1899 2936; x_wconf 87' lang='lat' dir='ltr'>Gonorrhoeae</span> <span class='ocrx_word' id='word_1_214' title='bbox 1927 2894 2127 2937; x_wconf 86' lang='lat' dir='ltr'>novus</span> <span class='ocrx_word' id='word_1_215' title='bbox 2155 2872 2380 2955; x_wconf 88' lang='lat' dir='ltr'>utique</span> 
     </span>
     <span class='ocr_line' id='line_1_28' title="bbox 169 2973 2379 3057; baseline -0.003 -14"><span class='ocrx_word' id='word_1_216' title='bbox 169 2979 380 3043; x_wconf 87' lang='lat' dir='ltr'>fomes</span> <span class='ocrx_word' id='word_1_217' title='bbox 409 2978 954 3042; x_wconf 87' lang='lat' dir='ltr'>subministratur.</span> <span class='ocrx_word' id='word_1_218' title='bbox 1046 2973 1237 3040; x_wconf 82' lang='lat' dir='ltr'>Quod</span> <span class='ocrx_word' id='word_1_219' title='bbox 1283 2973 1544 3057; x_wconf 87' lang='lat' dir='ltr'>quidem</span> <span class='ocrx_word' id='word_1_220' title='bbox 1590 2994 1711 3057; x_wconf 92' lang='lat' dir='ltr'>ego</span> <span class='ocrx_word' id='word_1_221' title='bbox 1754 2973 2065 3038; x_wconf 90' lang='lat' dir='ltr'>admolior</span> <span class='ocrx_word' id='word_1_222' title='bbox 2100 2975 2243 3040; x_wconf 90' lang='lat' dir='ltr'>fotu</span> <span class='ocrx_word' id='word_1_223' title='bbox 2282 2996 2379 3038; x_wconf 87' lang='lat' dir='ltr'>se-</span> 
     </span>
     <span class='ocr_line' id='line_1_29' title="bbox 172 3088 544 3163; baseline 0 -19"><span class='ocrx_word' id='word_1_224' title='bbox 172 3088 416 3163; x_wconf 81' lang='lat' dir='ltr'>quente</span> <span class='ocrx_word' id='word_1_225' title='bbox 437 3106 544 3144; x_wconf 76' lang='lat'>2——</span> 
     </span>
    </p>
   </div>
   <div class='ocr_carea' id='block_1_9' title="bbox 181 3228 1951 3979">
    <p class='ocr_par' dir='ltr' id='par_1_10' title="bbox 181 3228 1951 3979">
     <span class='ocr_line' id='line_1_30' title="bbox 181 3228 1218 3310; baseline -0.007 -21"><span class='ocrx_word' id='word_1_226' title='bbox 181 3232 382 3295; x_wconf 80' lang='lat' dir='ltr'>[Form.</span> <span class='ocrx_word' id='word_1_227' title='bbox 410 3233 552 3297; x_wconf 82' lang='lat'><strong>63.]·</strong></span> <span class='ocrx_word' id='word_1_228' title='bbox 599 3228 662 3310; x_wconf 68' lang='lat' dir='ltr'>R</span> <span class='ocrx_word' id='word_1_229' title='bbox 703 3231 920 3286; x_wconf 86' lang='lat' dir='ltr'>Radicis</span> <span class='ocrx_word' id='word_1_230' title='bbox 941 3228 1218 3293; x_wconf 82' lang='lat' dir='ltr'>Althaeae,</span> 
     </span>
     <span class='ocr_line' id='line_1_31' title="bbox 710 3315 1843 3385; baseline -0.003 -14"><span class='ocrx_word' id='word_1_231' title='bbox 710 3317 980 3385; x_wconf 85' lang='lat' dir='ltr'>[Radicis]</span> <span class='ocrx_word' id='word_1_232' title='bbox 1009 3315 1286 3381; x_wconf 82' lang='lat' dir='ltr'>Liliorum,</span> <span class='ocrx_word' id='word_1_233' title='bbox 1309 3331 1414 3369; x_wconf 85' lang='lat' dir='ltr'>ana</span> <span class='ocrx_word' id='word_1_234' title='bbox 1437 3316 1843 3385; x_wconf 78' lang='lat' dir='ltr'>sesquiunciam,</span> 
     </span>
     <span class='ocr_line' id='line_1_32' title="bbox 705 3401 1232 3465; baseline -0.006 -9"><span class='ocrx_word' id='word_1_235' title='bbox 705 3402 973 3456; x_wconf 84' lang='lat' dir='ltr'>Foliorum</span> <span class='ocrx_word' id='word_1_236' title='bbox 999 3401 1232 3465; x_wconf 80' lang='lat' dir='ltr'>Malvae‚</span> 
     </span>
     <span class='ocr_line' id='line_1_33' title="bbox 708 3486 1329 3554; baseline -0.005 -13"><span class='ocrx_word' id='word_1_237' title='bbox 708 3488 1032 3554; x_wconf 86' lang='lat' dir='ltr'>[Foliorum]</span> <span class='ocrx_word' id='word_1_238' title='bbox 1059 3486 1329 3552; x_wconf 85' lang='lat' dir='ltr'>Verbasci,</span> 
     </span>
     <span class='ocr_line' id='line_1_34' title="bbox 705 3571 1330 3642; baseline -0.005 -15"><span class='ocrx_word' id='word_1_239' title='bbox 705 3572 1033 3642; x_wconf 88' lang='lat' dir='ltr'>[Foliorum]</span> <span class='ocrx_word' id='word_1_240' title='bbox 1062 3571 1330 3635; x_wconf 85' lang='lat' dir='ltr'>Sambuci,</span> 
     </span>
     <span class='ocr_line' id='line_1_35' title="bbox 706 3657 1405 3727; baseline -0.001 -17"><span class='ocrx_word' id='word_1_241' title='bbox 706 3658 1033 3726; x_wconf 85' lang='lat' dir='ltr'>[Foliorum]</span> <span class='ocrx_word' id='word_1_242' title='bbox 1063 3657 1405 3727; x_wconf 83' lang='lat' dir='ltr'>Hyoscyami‚</span> 
     </span>
     <span class='ocr_line' id='line_1_36' title="bbox 703 3742 1328 3808; baseline -0.005 -10"><span class='ocrx_word' id='word_1_243' title='bbox 703 3744 920 3798; x_wconf 84' lang='lat' dir='ltr'>Florum</span> <span class='ocrx_word' id='word_1_244' title='bbox 945 3742 1328 3808; x_wconf 85' lang='lat' dir='ltr'>Chamaemeli‚</span> 
     </span>
     <span class='ocr_line' id='line_1_37' title="bbox 705 3829 1951 3900; baseline 0.002 -17"><span class='ocrx_word' id='word_1_245' title='bbox 705 3829 976 3895; x_wconf 87' lang='lat' dir='ltr'>[Florum]</span> <span class='ocrx_word' id='word_1_246' title='bbox 1005 3829 1252 3891; x_wconf 81' lang='lat' dir='ltr'>Meliloti,</span> <span class='ocrx_word' id='word_1_247' title='bbox 1275 3846 1382 3883; x_wconf 87' lang='lat' dir='ltr'>ana</span> <span class='ocrx_word' id='word_1_248' title='bbox 1402 3830 1737 3900; x_wconf 87' lang='lat' dir='ltr'>manipulum</span> <span class='ocrx_word' id='word_1_249' title='bbox 1764 3850 1951 3897; x_wconf 89' lang='lat' dir='ltr'>unum,</span> 
     </span>
     <span class='ocr_line' id='line_1_38' title="bbox 707 3915 1156 3979; baseline -0.004 -10"><span class='ocrx_word' id='word_1_250' title='bbox 707 3916 986 3969; x_wconf 86' lang='lat' dir='ltr'>Seminum</span> <span class='ocrx_word' id='word_1_251' title='bbox 1011 3915 1156 3979; x_wconf 86' lang='lat' dir='ltr'>Lini,</span> 
     </span>
    </p>
   </div>
   <div class='ocr_carea' id='block_1_10' title="bbox 2412 580 2695 590">
    <p class='ocr_par' dir='ltr' id='par_1_11' title="bbox 2412 580 2695 590">
     <span class='ocr_line' id='line_1_39' title="bbox 2412 580 2695 590; baseline 0 4416"><span class='ocrx_word' id='word_1_252' title='bbox 2412 580 2695 590; x_wconf 95' lang='lat' dir='ltr'> </span> 
     </span>
    </p>
   </div>
   <div class='ocr_carea' id='block_1_11' title="bbox 452 4000 2375 4245">
    <p class='ocr_par' dir='ltr' id='par_1_12' title="bbox 452 4000 2375 4245">
     <span class='ocr_line' id='line_1_40' title="bbox 702 4000 1975 4070; baseline 0.003 -16"><span class='ocrx_word' id='word_1_253' title='bbox 702 4000 1035 4070; x_wconf 87' lang='lat' dir='ltr'>[Seminum]</span> <span class='ocrx_word' id='word_1_254' title='bbox 1064 4000 1440 4069; x_wconf 81' lang='lat' dir='ltr'>Foenugraeci‚</span> <span class='ocrx_word' id='word_1_255' title='bbox 1463 4019 1566 4056; x_wconf 86' lang='lat' dir='ltr'>ana</span> <span class='ocrx_word' id='word_1_256' title='bbox 1590 4004 1938 4058; x_wconf 86' lang='lat' dir='ltr'>semiunciam</span> <span class='ocrx_word' id='word_1_257' title='bbox 1960 4026 1975 4069; x_wconf 91' lang='lat'>;</span> 
     </span>
     <span class='ocr_line' id='line_1_41' title="bbox 454 4086 2375 4160; baseline 0.001 -19"><span class='ocrx_word' id='word_1_258' title='bbox 454 4089 637 4157; x_wconf 85' lang='lat' dir='ltr'>Coque</span> <span class='ocrx_word' id='word_1_259' title='bbox 669 4087 958 4140; x_wconf 83' lang='lat' dir='ltr'>sufficiente</span> <span class='ocrx_word' id='word_1_260' title='bbox 996 4086 1292 4155; x_wconf 77' lang='lat' dir='ltr'>quantitate</span> <span class='ocrx_word' id='word_1_261' title='bbox 1327 4104 1496 4156; x_wconf 84' lang='lat' dir='ltr'>aquae</span> <span class='ocrx_word' id='word_1_262' title='bbox 1533 4088 1787 4143; x_wconf 82' lang='lat' dir='ltr'>fontanae</span> <span class='ocrx_word' id='word_1_263' title='bbox 1823 4099 1884 4143; x_wconf 83' lang='lat' dir='ltr'>ut</span> <span class='ocrx_word' id='word_1_264' title='bbox 1916 4090 2011 4145; x_wconf 85' lang='lat' dir='ltr'>fiat</span> <span class='ocrx_word' id='word_1_265' title='bbox 2045 4090 2203 4155; x_wconf 79' lang='lat' dir='ltr'>fotus,</span> <span class='ocrx_word' id='word_1_266' title='bbox 2240 4090 2375 4160; x_wconf 82' lang='lat' dir='ltr'>parti</span> 
     </span>
     <span class='ocr_line' id='line_1_42' title="bbox 452 4170 2311 4245; baseline 0 -19"><span class='ocrx_word' id='word_1_267' title='bbox 452 4174 671 4227; x_wconf 82' lang='lat' dir='ltr'>affectae</span> <span class='ocrx_word' id='word_1_268' title='bbox 689 4172 1048 4227; x_wconf 84' lang='lat' dir='ltr'>admovendus</span> <span class='ocrx_word' id='word_1_269' title='bbox 1071 4188 1162 4242; x_wconf 86' lang='lat' dir='ltr'>per</span> <span class='ocrx_word' id='word_1_270' title='bbox 1184 4170 1344 4226; x_wconf 88' lang='lat' dir='ltr'>horae</span> <span class='ocrx_word' id='word_1_271' title='bbox 1371 4175 1526 4227; x_wconf 84' lang='lat' dir='ltr'>unius</span> <span class='ocrx_word' id='word_1_272' title='bbox 1551 4177 1785 4245; x_wconf 85' lang='lat' dir='ltr'>spatium</span> <span class='ocrx_word' id='word_1_273' title='bbox 1808 4177 1891 4231; x_wconf 85' lang='lat' dir='ltr'>bis</span> <span class='ocrx_word' id='word_1_274' title='bbox 1915 4177 1997 4229; x_wconf 81' lang='lat' dir='ltr'>vel</span> <span class='ocrx_word' id='word_1_275' title='bbox 2023 4184 2103 4229; x_wconf 79' lang='lat' dir='ltr'>ter</span> <span class='ocrx_word' id='word_1_276' title='bbox 2124 4176 2181 4228; x_wconf 85' lang='lat' dir='ltr'>in</span> <span class='ocrx_word' id='word_1_277' title='bbox 2208 4176 2311 4229; x_wconf 88' lang='lat' dir='ltr'>die.</span> 
     </span>
    </p>
   </div>
   <div class='ocr_carea' id='block_1_12' title="bbox 175 4309 2375 4487">
    <p class='ocr_par' dir='ltr' id='par_1_13' title="bbox 175 4309 2375 4487">
     <span class='ocr_line' id='line_1_43' title="bbox 175 4309 2375 4393; baseline 0.001 -22"><span class='ocrx_word' id='word_1_278' title='bbox 175 4309 444 4376; x_wconf 89' lang='lat' dir='ltr'>Peracta</span> <span class='ocrx_word' id='word_1_279' title='bbox 493 4310 977 4389; x_wconf 88' lang='lat' dir='ltr'>fomentatione,</span> <span class='ocrx_word' id='word_1_280' title='bbox 1029 4315 1280 4393; x_wconf 89' lang='lat' dir='ltr'>partem</span> <span class='ocrx_word' id='word_1_281' title='bbox 1331 4310 1630 4375; x_wconf 88' lang='lat' dir='ltr'>affectam</span> <span class='ocrx_word' id='word_1_282' title='bbox 1682 4314 1822 4377; x_wconf 90' lang='lat' dir='ltr'>oleo</span> <span class='ocrx_word' id='word_1_283' title='bbox 1876 4333 1912 4375; x_wconf 88' lang='lat' dir='ltr'>e</span> <span class='ocrx_word' id='word_1_284' title='bbox 1964 4312 2205 4376; x_wconf 87' lang='lat' dir='ltr'>semine</span> <span class='ocrx_word' id='word_1_285' title='bbox 2255 4311 2375 4375; x_wconf 89' lang='lat' dir='ltr'>lini</span> 
     </span>
     <span class='ocr_line' id='line_1_44' title="bbox 1065 4438 1494 4487; baseline 0.005 -3"><span class='ocrx_word' id='word_1_286' title='bbox 1065 4445 1080 4466; x_wconf 86' lang='lat'>⁸</span> <span class='ocrx_word' id='word_1_287' title='bbox 1118 4438 1192 4487; x_wconf 82' lang='lat' dir='ltr'>Cf.</span> <span class='ocrx_word' id='word_1_288' title='bbox 1219 4438 1358 4486; x_wconf 81' lang='lat' dir='ltr'>form.</span> <span class='ocrx_word' id='word_1_289' title='bbox 1387 4441 1494 4486; x_wconf 82' lang='lat'>225.</span> 
     </span>
    </p>
   </div>
  </div>
 </body>
</html>
