3138 5006
764 902 1209 953 AMPLISSIMO
1244 904 1836 960 DOCTISSIMOQUE
1859 906 2038 957 VIRO

772 1062 1225 1145 ROBERT
1288 1066 1707 1163 BRADY,
1773 1070 2010 1166 M.D.‚

572 1248 947 1307 coLLEGn
982 1253 1812 1311 cAIO-GoNEvlLLENSIS
1849 1256 2207 1321 CUSTOD1‚

336 1420 675 1471 NEC-NON
710 1422 941 1473 REGIO
980 1424 1059 1473 IN
1096 1424 1470 1475 MEDICINA
1504 1425 1702 1475 APUD
1739 1426 2423 1476 CANTABRIGIENSES

858 1566 1219 1609 Pnornssom
1250 1566 1449 1608 LONGE
1477 1566 1926 1609 cBLEmmRIMO.

370 1754 497 1818 Mn
543 1764 737 1837 certe,
774 1758 895 1822 Vir
940 1758 1446 1838 Humanissime,
1484 1760 1540 1823 si
1583 1760 1740 1846 quid
1783 1760 1856 1825 in
1893 1759 2266 1827 morborum
2306 1774 2490 1827 cura·

279 1858 465 1922 tione
498 1860 846 1943 profecero,
878 1862 965 1925 ad'
995 1885 1187 1928 omne
1226 1863 1296 1927 id
1330 1863 1529 1927 cuivis
1564 1864 1946 1947 efflagitanti
1985 1864 2489 1949 impertiendum

278 1982 439 2043 prae
466 1964 757 2044 caeteris,
782 1966 895 2049 qui
923 1987 1101 2029 nunc
1122 1973 1277 2031 sunt
1305 1966 1620 2045 homines,
1645 1966 2024 2031 facillimum
2055 1988 2194 2033 esse
2221 1968 2489 2033 omnino

280 2084 401 2146 par
430 2073 566 2130 est:
614 2068 669 2131 si
698 2068 875 2132 enim
903 2090 981 2134 ea
1007 2076 1269 2133 tantum
1309 2068 1471 2133 mihi
1498 2069 1912 2135 innotescant
1935 2092 2100 2154 quae
2130 2078 2196 2136 et
2223 2069 2488 2153 reliquis

278 2170 685 2250 mortalibus,
724 2172 915 2256 (quod
961 2172 1125 2237 mihi
1169 2173 1315 2256 plus
1354 2172 1509 2238 satis
1546 2175 1849 2256 constat)
1885 2174 2066 2239 nullo
2102 2182 2292 2258 pacto
2327 2174 2491 2239 mihi

280 2270 569 2337 obfuerit
610 2274 959 2340 levidensis.
1000 2276 1127 2340 ista
1170 2283 1237 2340 et
1280 2296 1319 2340 e
1360 2276 1565 2341 triviis
1611 2277 1953 2360 desumpta
1997 2278 2332 2361 evulgare3
2386 2278 2488 2343 sin

278 2382 505 2439 autem
524 2384 852 2441 assecutus
874 2378 997 2442 sim
1026 2379 1269 2461 aliquid
1299 2379 1471 2462 quod
1500 2399 1537 2443 e
1568 2380 1667 2443 Re
1685 2378 1946 2444 Medica
1963 2380 2066 2458 sit,
2091 2387 2157 2445 et
2187 2380 2268 2445 ad
2297 2382 2486 2445 certi-

278 2498 464 2542 orem
486 2479 859 2545 morborum
880 2480 1257 2565 therapeian
1273 2479 1488 2560 faciat,
1506 2502 1643 2546 non
1665 2487 1801 2546 tam
1822 2482 1986 2547 mihi
2005 2483 2184 2549 laudi
2205 2483 2484 2565 dabitur,

280 2602 482 2664 quam
517 2582 656 2646 aliis
692 2583 955 2648 daretur
992 2583 1405 2668 quibuslibet,
1442 2605 1519 2649 ea
1552 2585 1624 2648 in
1660 2585 1870 2650 lucem
1912 2607 2280 2670 expromere
2301 2613 2322 2666 3
2370 2587 2487 2671 qui

278 2691 349 2748 et
380 2707 420 2749 a
446 2685 733 2770 podagra
751 2687 891 2770 jam
921 2687 1003 2752 ab
1034 2687 1221 2751 annis
1249 2688 1395 2771 plus
1416 2687 1634 2752 minus
1651 2687 1924 2770 triginta
1939 2697 1984 2767 ⁸,
2005 2695 2071 2753 et
2093 2690 2338 2754 calculo
2369 2690 2485 2754 diu

279 2788 451 2852 male
480 2790 819 2869 multatus,
848 2790 1033 2856 facile
1063 2811 1320 2855 mecum
1348 2797 1580 2874 reputo
1619 2812 1814 2874 quam
1843 2792 2007 2857 serio
2045 2792 2392 2874 gauderem
2429 2793 2485 2856 si

280 2893 456 2978 quod
512 2894 673 2958 meis
740 2894 927 2957 malis
983 2893 1275 2958 levamen
1342 2893 1617 2958 aliorum
1675 2892 1914 2958 indicio
1978 2894 2181 2977 possit
2249 2895 2492 2960 afferri.-

288 2997 415 3081 [2.]
478 2997 647 3076 Cum
706 3003 925 3060 autem
982 2995 1381 3080 paucissimis
1448 2995 1682 3078 ingens
1751 2995 1916 3058 illud
1972 2995 2378 3079 privilegium
2446 3019 2486 3062 a

280 3099 468 3164 DEO
492 3099 757 3183 Optimo
778 3099 1071 3163 Maximo
1092 3098 1501 3177 concedatur,
1525 3105 1604 3162 ut
1632 3097 1891 3181 publico
1912 3098 2249 3163 commodo
2269 3097 2431 3162 hac'
2411 3121 2484 3163 ln

276 3223 353 3266 re
388 3202 695 3266 inservire
735 3209 997 3286 queant,
1034 3201 1241 3286 iisque
1279 3208 1540 3265 tantum
1581 3200 1814 3285 quibus
1851 3205 1948 3264 e‘
1951 3201 2252 3266 ‘meliore
2287 3202 2480 3268 luto'’

276 3323 477 3389 quam
512 3305 737 3368 mihi‘
741 3304 965 3369 ‘finxit
1006 3304 1378 3389 praecordia
1405 3303 1663 3383 Titanj’
1715 3303 1787 3388 [J
1789 3325 1978 3368 uven
2011 3303 2150 3370 Sat.
2179 3305 2304 3370 xiv.
2333 3306 2472 3390 34.]

275 3409 445 3473 votis
485 3407 811 3492 agendum
850 3413 968 3487 est,
1007 3408 1180 3492 quod
1217 3428 1441 3496 reapse
1480 3407 1784 3472 effectum
1823 3407 1975 3472 dare
2013 3429 2148 3472 non
2187 3409 2343 3473 satis
2381 3417 2482 3474 est

274 3512 541 3576 virium·
624 3511 892 3594 Semper
941 3511 1115 3574 enim
1168 3510 1525 3575 existi-mavi
1582 3512 1816 3594 (neque
1865 3510 1936 3575 id
1993 3511 2132 3574 sine
2179 3513 2475 3596 ratione‚)

274 3614 539 3698 majoris
582 3635 721 3679 esse
768 3613 1114 3693 felicitatis,
1160 3620 1401 3678 certam
1446 3613 1546 3678 vel
1596 3613 1900 3678 levissimi
1950 3613 2220 3698 alicujus
2271 3614 2482 3680 morbi

276 3717 647 3781 debellandi
674 3717 1054 3782 methodum
1091 3717 1299 3800 aegris
1334 3715 1717 3780 mortalibus
1754 3715 2128 3800 prodidisse,
2159 3739 2352 3800 quam
2379 3717 2481 3780 vel

284 3819 537 3882 Tantali
606 3819 803 3902 (quod
866 3819 1097 3902 aiunt‚)
1166 3819 1269 3883 vel
1341 3819 1556 3883 Croesi
1619 3819 1956 3885 thesauros
2023 3821 2478 3884 accumulasse.

274 3921 638 3986 Feliciorem
686 3921 809 3986 hoc
857 3923 1045 3986 illum
1091 3921 1242 4002 dixi,
1292 3922 1501 3986 dicam
1551 3927 1621 3986 et
1666 3924 1976 3987 meliorem
2018 3924 2478 4004 sapientiorem-

276 4045 395 4108 que
413 4052 433 4087 :-
483 4023 657 4109 quod
692 4025 867 4090 enim
894 4025 1159 4089 uberius
1190 4032 1257 4090 et
1286 4025 1638 4108 sapientiae
1667 4032 1734 4089 et
1756 4025 2066 4090 bonitatis
2095 4046 2249 4089 suae
2280 4024 2478 4107 speci-

276 4148 432 4192 men
480 4129 623 4212 quis
673 4135 884 4211 potest
930 4129 1139 4207 edere,
1186 4149 1401 4212 quam,
1446 4149 1597 4192 cum
1643 4149 1712 4192 se
1764 4151 1799 4192 e
1843 4127 2174 4193 communi
2225 4127 2478 4209 generis

274 4231 551 4296 humani
580 4241 816 4296 natura
844 4231 1132 4296 decisum
1160 4232 1650 4310 animadvertat,
1675 4251 1753 4295 ea
1782 4251 1944 4314 quae
1973 4230 2238 4294 molitur
2259 4232 2478 4296 omnia

276 4335 360 4400 ad
389 4335 715 4419 publicam
744 4335 949 4420 magis
980 4335 1271 4400 omnium
1299 4335 1672 4413 utilitatem,
1705 4357 1900 4418 quam
1930 4334 2009 4398 ad
2041 4355 2224 4398 suam
2252 4333 2474 4417 ipsius,

1055 4477 1079 4502 ⁸
1112 4465 1189 4514 Cf.
1220 4466 1373 4515 Tract.
1398 4467 1436 4512 1.
1462 4467 1513 4525 ξς
1545 4466 1588 4522 1,
1613 4465 1691 4515 70.
