3138 5006
533 276 1326 351 OBSERVATIONUM
1360 276 1862 343 MEDICARU
1867 276 1943 340 M
1987 287 2069 345 ΙΙ.
2107 298 2160 347 2.
2303 278 2448 343 10⁷7

231 436 475 502 5‘Metk.
502 439 693 505 Gur?
713 438 859 527 1:03]
866 488 887 519 ,
911 440 1191 504 Zaeutus
1210 438 1569 503 Lusitanus·
1599 439 1732 523 [De
1750 439 1924 503 Med.
1947 440 2355 504 Princ.'Hist.
2373 440 2441 507 ii.
2503 456 2703 505 anms

230 542 351 605 89:
396 541 481 607 iv.
510 544 617 607 47.
643 542 713 606 in
750 544 905 624 Opp.
938 550 988 607 t.
1012 543 1056 606 i.
1089 565 1195 626 pp.
1222 546 1372 621 342,
1402 542 1612 626 756.]‚
1636 542 1922 607 Fonseca
1955 542 2081 625 [De
2109 542 2290 607 Febr.
2319 544 2438 606 Ac.
2479 521 2542 633 gf
2547 536 2736 635 *1:²2³st

230 666 291 727 p.
322 646 405 707 45
439 644 593 728 sq.]‚
625 646 881 729 aliique.
970 646 1219 709 Verum
1252 645 1361 728 qui
1390 652 1606 709 totum
1629 644 1978 709 curationis
2001 646 2338 727 negotium
2367 646 2439 709 in
2465 650 2745 740 Ayuofuu

230 745 498 829 copiosa,
535 748 790 830 qualem
829 769 947 811 nos
977 748 1398 831 postulamus,
1438 747 1773 830 sanguinis
1812 747 2206 811 detractione
2245 748 2436 816 collo-
2516 717 2596 772 65,
2635 718 2715 763 ὅδ’

224 849 479 927 caverit,
510 871 683 913 unus
732 850 930 934 (quod
959 851 1201 932 sciam‚)
1236 857 1527 934 repertus
1566 857 1664 913 est
1703 849 2080 914 Leonardus
2119 850 2435 930 Botallus,

227 952 519 1016 Medicus
568 954 911 1037 superioris
964 954 1199 1019 saeculi
1244 952 1712 1032 celeberrimus,
1761 976 1971 1038 quem,
2013 975 2098 1019 ne
2146 954 2316 1017 solus
2362 955 2435 1018 in
2463 970 2646 1047 Bet-alli

224 1055 345 1120 hac
372 1056 689 1139 palaestra
725 1056 963 1120 versari
990 1056 1227 1134 videar,
1259 1056 1493 1120 Lector
1522 1057 1790 1140 accipiet
1833 1058 1964 1121 suis
1992 1057 2193 1141 ipsius
2221 1056 2432 1121 verbis
2459 1041 2699 1149 ffiffinmffi,

225 1157 303 1223 de
332 1157 453 1222 hac
480 1180 553 1223 re
593 1158 1033 1223 disserentem.
1142 1149 1307 1243 [28]
1348 1164 1391 1195 “
1408 1160 1615 1242 Ego,'’
1645 1160 1878 1242 inquit,
1915 1160 2043 1243 (De
2079 1162 2293 1226 Curat.
2309 1180 2434 1242 per
2459 1165 2738 1215 calentissi-

226 1262 418 1343 Scmy.
442 1261 629 1325 Misa
654 1282 709 1325 c.
736 1265 795 1326 7.
832 1261 901 1347 [ἧ
933 1260 1057 1348 2.])
1093 1266 1135 1299 “
1152 1268 1227 1325 ut
1256 1283 1389 1326 uno
1419 1260 1614 1325 verbo
1643 1261 1872 1341 dicam,
1896 1262 2144 1327 nullam
2173 1261 2431 1326 Pestem
2457 1245 2720 1357 ffgffi'sex’

224 1385 363 1429 esse
408 1371 589 1448 puto,
633 1366 741 1429 cui
787 1365 947 1429 haec
989 1387 1125 1429 non
1174 1366 1377 1449 possit
1426 1378 1561 1429 esse
1613 1366 1909 1429 salutaris
1961 1387 2156 1449 supra
2212 1366 2432 1431 omnia
2457 1360 2704 1436 Pr⁰b⁸¹¹fiff
2729 1358 2746 1381 ⁸

220 1466 526 1547 remedia,
558 1467 749 1533 modo
780 1475 1137 1552 opportime
1172 1476 1239 1533 et
1280 1469 1644 1551 quantitate
1673 1468 2082 1533 convenienti
2123 1466 2434 1553 usurpata
2457 1440 2748 1565 zffitgzqerrs,

223 1570 331 1648 sit,
360 1577 540 1635 ratus
580 1592 725 1635 eam
760 1570 1109 1654 aliquando
1146 1571 1448 1637 inutilem
1486 1572 1820 1634 inventam
1858 1572 2054 1635 fuisse
2097 1578 2434 1656 propterea
2458 1561 2746 1666 ξζξζξζξέἑ

224 1673 402 1757 quod
420 1680 533 1739 aut
554 1674 800 1746 tardius
824 1682 938 1739 aut
959 1675 1209 1759 parcius
1228 1696 1421 1757 quam
1442 1696 1601 1757 opus
1622 1682 1807 1751 esset,
1833 1681 1946 1739 aut
1969 1675 2143 1757 quod
2159 1681 2433 1758 utroque
2459 1698 2608 1759 supra
2631 1698 2738 1730 om-

222 1777 423 1841 modo
464 1777 631 1841 circa
657 1798 801 1841 eam
834 1777 1271 1862 usurpandam
1304 1783 1643 1860 peccatum
1686 1776 1834 1841 sit.”
1925 1777 2016 1841 Et
2051 1778 2248 1861 pauJo
2287 1787 2434 1861 post
2458 1763 2542 1860 ’ἐξ
2562 1763 2745 1860 ἓξὲξ,

236 1879 306 1965 [ξ
357 1878 455 1965 4.]
509 1879 669 1945 haec
712 1880 1086 1964 subjungitz
1156 1884 1197 1917 “
1216 1882 1311 1943 At
1359 1878 1433 1943 in
1489 1885 1678 1942 tanta
1726 1878 2075 1943 timiditate
2127 1887 2194 1944 et
2242 1901 2438 1964 parca
2460 1893 2565 1925 rem
2588 1892 2708 1927 2⁵³2·

226 1982 647 2061 detractione,
700 1984 811 2067 qui
868 1982 1009 2049 fieri
1064 1988 1278 2066 potest
1334 1988 1412 2044 ut
1470 1982 1616 2065 quis
1671 1988 1846 2049 recte
1895 1982 2096 2065 possit
2147 1983 2438 2066 judicare

226 2093 549 2170 quantum
585 2108 663 2153 ea
688 2087 760 2150 in
799 2086 1139 2150 Pestilenti
1167 2085 1393 2149 morbo
1421 2086 1720 2169 prodesse
1761 2086 1969 2150 valeat
2007 2093 2122 2151 aut
2167 2086 2388 2151 obesse
2403 2090 2434 2151 ἓ

223 2189 389 2257 Non
418 2188 593 2253 enim
621 2187 902 2267 morbuS,
934 2208 1050 2271 pro
1080 2188 1263 2272 cujus
1294 2188 1624 2252 curatione
1651 2188 2098 2272 requirebatur
2126 2189 2440 2255 detractio

220 2292 541 2355 librarum
585 2298 861 2374 quatuor
904 2290 1259 2373 sanguiniS,
1289 2291 1359 2354 in
1404 2312 1532 2374 quo
1573 2312 1706 2355 una
1747 2298 2010 2357 tantum
2054 2292 2438 2373 detrahitur,

222 2394 283 2459 si
312 2393 647 2458 hominem
673 2393 1039 2472 interficiat,
1068 2393 1215 2459 ideo
1242 2394 1550 2457 interficit
1582 2395 1733 2478 quia
1762 2396 2024 2478 sanguis
2053 2402 2152 2459 est
2179 2398 2438 2475 missus,

222 2496 345 2562 sed
386 2496 537 2581 quia
564 2519 700 2561 non
722 2497 901 2581 justo
943 2497 1136 2563 modo
1166 2497 1399 2562 missus
1443 2507 1560 2578 est,
1591 2521 1713 2564 nec
1757 2498 1922 2564 forte
1967 2500 2166 2564 etiam
2211 2521 2438 2583 oppor-

223 2607 421 2668 tune.
524 2601 773 2664 Verum
832 2600 1187 2665 nebulones
1245 2601 1620 2685 nequissimi
1680 2609 1746 2666 et
1803 2602 2200 2685 ignavissimi
2247 2602 2320 2666 in
2371 2600 2440 2666 id

224 2725 486 2787 semper
534 2704 791 2786 culpam
842 2710 1213 2768 convertere
1260 2711 1589 2787 satagunt,
1634 2726 1770 2769 non
1818 2704 1991 2789 quod
2037 2705 2279 2783 nocuit,
2327 2703 2441 2767 sed

222 2807 413 2892 quod
460 2827 575 2890 per
623 2806 807 2872 nefas
856 2829 899 2871 a
944 2806 1195 2871 cunctis
1251 2807 1600 2890 vituperari
1659 2813 2004 2891 exoptant3
2096 2815 2210 2872 aut
2261 2806 2316 2870 si
2371 2805 2442 2871 id

226 2909 526 2994 nequitia
568 2931 708 2973 non
748 2909 1011 2988 faciant,
1048 2909 1417 2992 ignorantia
1466 2917 1688 2975 tamen
1733 2932 1962 2994 pravae
2007 2908 2442 2993 dispositionis

226 3018 561 3084 efficiunt:
619 3024 897 3101 utraque
938 3024 1111 3082 certe
1154 3019 1526 3102 perniciosa,
1575 3017 1690 3081 sed
1733 3016 1846 3080 illa
1893 3015 2165 3098 magis.’'
2218 3041 2226 3048 ·
2257 3012 2442 3078 Quae

228 3120 457 3202 omnia
502 3121 897 3203 experientia
946 3121 1459 3200 confirmaturus,
1506 3119 1701 3203 paulo
1757 3119 2026 3183 inferius
2087 3118 2155 3205 [ξ
2205 3117 2295 3200 7.]
2351 3117 2444 3180 sie

227 3226 484 3310 pergit:
538 3230 579 3260 “
606 3225 733 3288 His
783 3223 1152 3302 observatis,
1204 3245 1397 3288 nemo
1446 3223 1716 3288 rationis
1776 3244 1976 3307 capax
2014 3223 2164 3306 jure
2219 3221 2292 3284 in
2339 3220 2443 3283 his

229 3327 481 3421 morbis
509 3327 870 3410 vituperare
912 3326 1285 3391 missionem
1314 3327 1650 3409 sanguinis
1675 3333 1907 3410 potest,
1940 3325 2054 3390 sed
2081 3324 2347 3390 mirifice
2377 3328 2446 3386 et

231 3437 552 3512 tanquam
594 3427 885 3492 divinum
928 3427 1241 3491 auxilium
1284 3427 1751 3505 commendare,
1805 3427 2127 3504 extollere,
2180 3431 2247 3489 et
2291 3445 2448 3488 cona·

232 3531 517 3599 fidenter
563 3543 911 3614 usurpare3
972 3529 1145 3613 quod
1189 3529 1325 3613 ipse
1373 3529 1658 3613 profecto
1705 3529 1786 3592 ab
1827 3529 2026 3592 annis
2076 3526 2444 3611 quindecim

230 3635 429 3700 facin.
490 3634 647 3697 Ideo
668 3634 742 3697 in
763 3633 1003 3697 morbis
1034 3631 1495 3698 Pestilentibus
1516 3633 1590 3695 in
1612 3632 1942 3696 obsidione
1975 3631 2444 3714 Rupellarum‘,

232 3745 310 3804 et
371 3734 715 3801 Montibus
776 3736 1167 3801 Hannoniae
1219 3735 1454 3800 abhinc
1505 3735 2022 3820 quadriennium,
2067 3741 2134 3798 et
2184 3733 2446 3798 Parisiis

231 3846 386 3906 toto
413 3837 536 3902 hoc
563 3838 846 3917 biennio,
878 3845 944 3902 et
976 3837 1305 3901 Cameraci
1334 3859 1507 3901 anno
1535 3837 1823 3922 proxime
1851 3843 2014 3917 acto,
2045 3837 2117 3900 in
2145 3835 2450 3899 omnibus
2493 3827 2497 3831 ’

233 3943 407 4026 meis
452 3942 729 4026 aegrotis
774 3941 909 4026 (qui
936 3942 1263 4005 innumeri
1291 3941 1602 4025 fuerunt)
1639 3941 1892 4004 nullum
1928 3939 2330 4024 praesentius
2373 3959 2452 4004 ac

232 4046 589 4118 salutarius
640 4046 850 4132 reperi
898 4046 1039 4130 ipsa
1085 4045 1268 4128 larga
1326 4053 1394 4110 et
1454 4045 1836 4128 tempestiva
1895 4042 2228 4128 sanguinis
2296 4040 2456 4103 mis-

232 4149 495 4214 sione.”
718 4173 723 4178 ·
1988 4210 1994 4220 ,

238 4277 247 4282 ·
337 4253 593 4320 Deinde
636 4253 720 4318 ad
761 4254 1169 4318 emationum
1213 4253 1503 4336 exempla
1548 4251 1901 4331 descendit,
1945 4272 2108 4335 quae
2150 4251 2452 4318 brevitati

242 4355 521 4422 studens
559 4356 689 4420 huc
722 4356 1071 4421 transferre
1104 4355 1504 4442 supersedeo,
1594 4355 1794 4420 Libet
1836 4362 2061 4420 tamen
2097 4356 2191 4420 rei
2228 4357 2300 4420 in
2329 4357 2452 4426 hac

240 4529 255 4538 .
384 4493 401 4519 ⁸
428 4485 697 4549 probantis]
716 4489 917 4550 probam
937 4485 1011 4536 ed.
1036 4485 1131 4536 ³76.
1418 4488 1431 4516 ²
1465 4489 1512 4534 iu
1536 4488 1679 4534 obsid.
1704 4483 1913 4547 ληφθῶ]
1941 4501 2008 4533 sc.
2031 4499 2157 4534 anno
2185 4485 2322 4536 157³.
