3138 5006
412 459 496 507 Du
520 455 655 504 Pon-

462 535 622 570 aena.

388 615 545 662 tiones
568 627 655 660 cu-

390 685 500 726 ratu
522 692 631 753 per-

392 741 606 790 difficilis

392 813 477 856 est.

395 1065 511 1116 Quo
532 1080 678 1114 seusu

393 1135 424 1158 “
436 1149 575 1179 causa

588 1147 689 1178 con·

395 1198 575 1243 tinenae”
602 1196 677 1243 in-

396 1260 659 1322 telligenda

397 1331 483 1372 est.

404 2407 673 2470 Pruecipua

400 2470 603 2521 curandi
613 2473 683 2520 in-

402 2537 555 2584 tentio
575 2538 627 2586 in

401 2615 459 2648 eo
483 2602 606 2649 verti

404 2664 563 2723 debet,
586 2672 644 2714 ut

402 2730 610 2777 coctioni

400 2794 629 2843 consula-

403 2868 501 2908 tur.

698 277 834 341 424
1318 264 1710 340 THOMAE
1757 273 2274 340 SYDENHAM

694 434 1087 521 perdifficilis
1137 441 1271 500 est:
1346 435 1592 500 etenim
1623 434 1788 500 'dum
1841 435 2328 500 medicamentis
2379 435 2910 501 calefacientibus

696 538 1196 622 indigestionem
1229 537 1483 601 vincere
1522 538 1900 620 satagimus,
1935 539 2294 623 periculum
2332 546 2430 603 est
2459 559 2546 602 ne
2583 561 2662 602 ex
2697 539 2912 602 altera

699 650 883 728 parte
914 642 1265 706 humorum
1302 641 1477 705 calor
1508 641 1926 718 intendatur,
1973 647 2168 724 atque
2206 661 2242 704 e
2277 641 2544 718 diverso,
2577 641 2733 705 dum
2771 642 2912 706 sive

702 747 933 824 diaeta,
980 745 1109 810 sive
1159 743 1458 808 remediis
1507 742 2059 825 refrigerantibus,
2090 743 2366 806 calorem
2417 749 2486 806 et
2535 742 2912 806 acredinem

698 847 1049 913 humorum
1098 846 1541 928 commitigare
1583 846 1900 924 volumus,
1941 842 2238 929 ἀπεψίαν
2285 844 2685 924 accersimus,
2724 845 2910 910 labe-

698 952 939 1016 factato
982 949 1224 1014 scilicet
1266 949 1476 1012 calore
1516 947 1819 1011 naturali.
1909 949 2001 1010 At
2043 967 2193 1011 vero
2235 947 2343 1010 hic
2391 969 2654 1012 causam
2693 949 2910 1012 conti-

696 1060 971 1118 nentem
1014 1071 1149 1114 non
1194 1071 1339 1114 eam
1380 1055 1644 1114 tantum
1685 1049 1982 1132 intelligo
2033 1071 2198 1134 quae
2233 1051 2374 1133 jam
2417 1057 2569 1114 actu
2599 1052 2910 1116 articulos

706 1163 1003 1228 obsidens
1046 1181 1500 1245 paroxysmum
1545 1159 1800 1238 format,
1839 1159 1953 1223 sed
1997 1181 2142 1224 eam
2183 1160 2450 1245 insuper
2485 1182 2650 1245 quae
2689 1162 2910 1226 adhuc

703 1266 775 1330 in
834 1265 1149 1347 sanguine
1209 1263 1592 1326 delitescens
1657 1261 2046 1344 separationi
2106 1260 2419 1326 hactenus
2485 1268 2586 1325 est
2642 1262 2909 1346 inepta;

701 1387 963 1451 perraro
1004 1362 1181 1430 enim
1230 1363 1501 1428 materia
1550 1362 1884 1427 morbifica
1925 1364 2134 1426 omnis
2185 1386 2226 1427 a
2267 1385 2647 1449 paroxysmo
2697 1387 2910 1449 quan-

701 1467 1008 1533 tumlibet
1059 1466 1368 1530 diuturno
1420 1471 1487 1528 et
1538 1462 1783 1527 crudeli
1828 1463 1926 1526 ita
1973 1465 2166 1546 plene
2215 1465 2517 1548 egeritur,
2557 1473 2636 1530 ut
2684 1467 2911 1530 nullae

703 1591 963 1654 prorsus
1010 1569 1084 1632 in
1142 1587 1403 1651 corpore
1450 1565 1758 1649 reliquiae
1810 1565 1962 1645 sint,
2009 1566 2235 1630 eodem
2285 1568 2422 1651 jam
2482 1569 2720 1654 elaps0.
2803 1571 2912 1633 Ac

704 1671 973 1756 proinde
1030 1670 1367 1753 utriusque
1428 1669 1626 1752 hujus
1691 1687 1942 1747 causae,
2003 1675 2139 1732 tam
2205 1677 2388 1734 extra
2450 1691 2911 1755 paroxysmum

704 1795 901 1857 quam
950 1793 1029 1837 eo
1076 1773 1356 1856 vigente,
1399 1771 1567 1835 ratio
1615 1770 1916 1835 habenda
1959 1777 2079 1835 est.
2170 1770 2712 1856 Quandoquidem
2754 1793 2910 1837 vero

704 1877 1013 1941 materiae
1062 1874 1455 1939 continentis
1506 1873 1862 1937 eliminatio
1911 1874 2206 1938 Naturae
2256 1874 2522 1938 omnino
2571 1897 2735 1958 opus
2784 1885 2908 1954 est,

708 2000 827 2042 sua
859 1977 1061 2062 ipsius
1097 1977 1401 2042 methodo
1436 1975 1911 2060 peragendum3
1957 1997 2232 2060 cumque
2261 1977 2426 2040 nihil
2460 1977 2714 2042 interea
2741 1986 2909 2054 tem,-

704 2083 877 2166 poris
918 2081 1000 2145 ad
1037 2081 1338 2145 humores
1376 2079 1616 2144 calidos
1635 2075 1958 2162 'acresque
1993 2080 2347 2158 leniendos,
2385 2079 2628 2163 absque
2667 2080 2910 2146 damno

708 2182 1174 2266 digestionibus
1201 2183 1401 2260 illato,
1422 2181 1624 2266 possit
1651 2182 1912 2260 tentari,
1935 2181 2062 2245 nisi
2089 2189 2166 2246 ut
2189 2183 2450 2246 exulent
2481 2203 2556 2246 ac
2583 2184 2911 2247 evitentur

706 2288 913 2351 victus
980 2287 1606 2369 medicamentaque·
1645 2286 1948 2350 calidiora
2011 2307 2054 2350 a
2117 2285 2354 2369 quibus
2417 2287 2912 2352 inflammantur

705 2389 1043 2453 humores:
1089 2389 1371 2452 maxima
1406 2395 1581 2452 certe
1620 2395 1686 2452 et
1723 2389 2066 2472 praecipua
2103 2389 2372 2452 curandi
2408 2388 2688 2453 intentio
2724 2391 2796 2453 in
2831 2409 2912 2454 eo

704 2492 869 2558 verti
897 2490 1107 2572 debet,
1138 2499 1216 2556 ut
1260 2491 1555 2571 coctioni,
1587 2492 2129 2575 indigestionibus
2173 2492 2462 2572 sublatis,
2495 2493 2876 2557 consulatur
2887 2518 2910 2573 3

708 2598 789 2661 de
840 2618 968 2679 qua
1011 2597 1151 2679 jam
1196 2617 1404 2679 agam,
1455 2596 1553 2660 ita
1601 2602 1826 2660 tamen
1873 2604 1952 2659 ut
1999 2596 2073 2659 in
2117 2596 2583 2661 dissertationis
2627 2598 2788 2661 serie
2834 2618 2914 2662 ea

710 2698 905 2763 etiam
944 2698 1263 2782 attingam
1296 2699 1600 2776 remedia,
1631 2706 1824 2782 prout
1863 2720 2020 2761 ansa
2061 2699 2214 2763 data
2248 2699 2462 2777 fuerit,
2495 2720 2658 2783 quae
2697 2698 2782 2763 ad
2817 2700 2910 2763 le-

709 2802 1024 2865 niendum
1081 2801 1430 2865 humorum
1488 2801 1784 2881 calorem,
1845 2808 1914 2866 et
1979 2801 2344 2866 acredinem
2403 2802 2910 2882 retundendam,

666 2976 671 2981 ⁸
708 2904 918 2969 facere
946 2904 1217 2989 possint.

408 3938 551 3987 Quae
572 3950 685 3999 pro-

404 4002 507 4065 prie
532 4004 685 4064 diges-

408 4070 504 4114 tiva
526 4064 687 4129 appel-

278 4158 291 4169 ·
402 4130 583 4181 lantur.

408 4337 629 4386 Medica-

808 3008 975 3092 [29]
1032 3007 1473 3090 Quaecunque
1522 3004 1726 3089 igitur
1773 3004 2070 3070 Naturae
2127 3028 2317 3091 opem
2365 3008 2586 3071 ferunt
2633 3006 2708 3070 in
2763 3030 2916 3071 mu-

705 3110 971 3174 neribus
1030 3110 1163 3173 suis
1218 3108 1343 3172 rite
1398 3108 1766 3190 fungendis,
1819 3108 1950 3172 sive
1999 3110 2430 3174 ventriculum
2485 3110 2916 3174 confortando

708 3216 787 3273 ut
826 3209 1133 3273 alimenta
1174 3216 1349 3272 recte
1392 3216 1647 3291 coquat,
1685 3208 1818 3272 sive
1859 3210 2246 3292 sanguinem
2285 3211 2369 3275 ad
2413 3211 2698 3275 debitam
2735 3212 2916 3296 chyli

706 3310 779 3373 in
820 3312 1007 3373 illum
1044 3311 1283 3375 invecti
1326 3311 1874 3391 assimilationem,
1913 3312 2042 3375 sive
2079 3320 2297 3397 partes
2341 3314 2574 3377 solidas
2613 3314 2916 3379 corrobo-

706 3412 913 3476 rando
964 3434 1091 3496 quo
1142 3413 1371 3477 melius
1424 3435 1647 3478 succos
1707 3415 2056 3479 earundem
2109 3416 2456 3480 nutritioni
2505 3424 2702 3501 atque
2751 3439 2914 3501 aug-

708 3520 931 3578 mento
955 3514 1345 3579 destinatos⁸
1365 3516 1438 3578 in
1458 3516 1780 3600 propriam
1804 3516 2234 3581 substantiam
2255 3526 2668 3598 convertant3
2715 3540 2914 3602 quae-

710 3638 965 3700 cunque
1010 3617 1287 3701 denique
1329 3619 1507 3683 varia
1554 3618 1936 3683 excretionis
1987 3641 2231 3703 organa
2273 3627 2468 3705 atque
2511 3622 2920 3687 emunctoria

710 3722 988 3805 corporis
1030 3722 1103 3785 in
1146 3742 1223 3786 eo
1268 3728 1444 3786 statu
1486 3730 1870 3787 conservant
1915 3730 1992 3787 ut
2032 3724 2437 3809 singularum
2482 3726 2766 3809 partium
2807 3746 2920 3790 re-

708 3832 1041 3889 crementa
1090 3824 1308 3889 debito
1356 3832 1648 3908 tempore
1700 3834 1892 3909 atque
1941 3827 2170 3891 ordine
2217 3828 2474 3893 valeant
2525 3828 2917 3908 amandare3

708 3927 868 3993 haec
906 3934 973 3992 et
1011 3927 1381 4012 hujusmodi
1420 3928 1639 3991 omnia
1680 3926 1834 3992 huic
1869 3928 2224 3995 intentioni
2265 3930 2712 4013 adimplendae
2757 3950 2920 3994 eon-

706 4030 937 4095 ferunt·
986 4050 1062 4095 ac
1110 4030 1363 4114 proprie
1421 4030 1724 4113 digestiva
1781 4032 2206 4115 appellantur,
2259 4032 2390 4097 sive
2438 4032 2789 4115 pharmaca
2835 4054 2926 4098 ea

706 4134 971 4212 fuerint,
1014 4134 1144 4198 sive
1192 4133 1359 4197 ratio
1401 4133 1627 4211 victuS,
1669 4133 1798 4197 sive
1850 4136 2240 4214 exercitatio,
2283 4135 2414 4199 sive
2465 4136 2590 4201 alia
2639 4156 2718 4200 ex
2771 4136 2926 4201 istis

712 4239 1055 4322 quaelibet,
1089 4259 1253 4321 quae
1282 4259 1389 4302 sex
1418 4258 1521 4301 res
1551 4238 2044 4302 non-naturales
2072 4238 2526 4322 indigitantur.

809 4341 976 4425 [30]
1033 4340 1427 4426 Hujusmodi
1448 4340 1922 4405 medicamenta.
1951 4348 2102 4405 sunt
2129 4342 2202 4405 in
2233 4362 2468 4424 genere
2497 4364 2661 4426 quae
2689 4343 2929 4409 mode-

1154 4476 1180 4509 Β
1211 4468 1488 4533 destinatos]
1516 4470 1598 4519 Sic
1617 4470 1723 4521 edd.
1748 4476 1944 4529 recent„
1967 4470 2097 4519 male
2119 4476 2319 4519 -natas
2345 4470 2461 4535 syd.
