3138 5006
7 442 28 1119 v---“-“-·-·-·⁷·-1·-···=·.··5-1r.*e

1161 278 1424 339 INDEX
1463 278 1782 339 RERUM.
2566 281 2681 343 623

269 431 322 481 id
363 447 518 495 genus
548 433 970 493 inflammationes,
1001 448 1092 483 sua
1122 440 1294 497 sponte
1325 434 1425 482 dis—

269 497 458 555 siliunt,
479 500 586 555 110,
607 500 694 547 111
713 517 725 554 3
747 499 802 546 in
818 498 1243 547 intermittendum
1259 506 1430 555 castra,

268 561 482 609 maxime
502 570 738 611 autumno
768 563 1022 624 pendente,
1044 562 1276 624 migrant,
1299 564 1428 617 5123

269 623 416 672 febris
437 626 578 673 nulla
606 641 718 673 vere
751 626 983 674 continua
1005 626 1212 673 Auctori
1231 626 1338 673 visa
1358 632 1432 673 est

271 689 332 736 ab
358 704 484 736 anno
515 692 597 737 ’80
620 690 682 736 ad
707 704 820 737 ann.
845 690 946 748 ⁹85,
964 689 1062 736 nisi
1082 688 1205 736 forte
1237 689 1298 737 ob
1327 704 1432 737 rem

272 751 402 799 male
422 758 626 815 gestam,
650 755 777 809 2983
813 767 964 815 quare
983 753 1142 800 febres
1175 752 1435 800 continuae

268 830 452 877 paucae
473 832 586 865 vere
606 822 876 873 occurrant,
894 816 990 865 nisi
1011 816 1064 863 in
1086 816 1434 864 constitutione

270 879 492 940 epidem.,
528 879 612 935 733
652 896 714 928 ex
745 878 1177 928 intermittentibus
1205 885 1436 927 autumn.

273 942 464 991 defectu
498 944 800 1006 purgationis
833 944 888 991 in
929 943 1027 991 fine
1069 943 1248 1001 morbi,
1291 958 1434 1005 saepe

272 1015 584 1064 enascuntur,
603 1009 698 1062 483
733 1008 993 1055 continuae
1020 1014 1242 1055 autumn.
1276 1012 1326 1053 et
1353 1006 1431 1053 in-

271 1070 592 1118 termittentes
621 1078 846 1118 autumn.
887 1070 1134 1133 quodnam
1174 1069 1435 1119 discrimen

272 1132 495 1190 habeant,
522 1134 612 1189 773
677 1135 937 1182 continuae
971 1140 1256 1195 conceptam
1293 1133 1433 1181 effer-

271 1197 580 1255 vescentiam,
604 1198 760 1260 spatio
782 1198 877 1245 336
899 1198 1130 1245 horarum
1158 1196 1434 1257 absolvunt,

274 1260 353 1316 7⁷,
378 1261 467 1316 783
504 1262 587 1309 sed
608 1261 872 1309 nonnullae
893 1276 1016 1323 quae
1048 1276 1108 1309 ex
1136 1260 1233 1307 levi
1255 1259 1437 1308 offensa

273 1339 335 1371 ex
357 1340 442 1371 sex
473 1326 620 1373 rebus
650 1325 1078 1373 non-naturalibus
1111 1324 1349 1381 oriuntur,
1373 1326 1435 1372 ad

275 1386 563 1436 destinatam
594 1389 850 1451 periodum
879 1404 979 1435 non
1012 1388 1311 1450 pertingunt,
1340 1390 1434 1445 783

273 1452 531 1499 continuae
547 1459 692 1513 atque
712 1453 1086 1500 intermittentes
1105 1451 1436 1514 principatum

275 1514 525 1563 obtinuere
545 1531 633 1578 per
653 1530 804 1563 annos
824 1516 1066 1572 ’ol—³64,
1089 1514 1246 1577 iisque
1275 1515 1432 1563 vario-

275 1578 352 1625 lae
375 1579 622 1637 cedebant,
645 1579 736 1636 933
771 1580 1006 1628 continua
1034 1578 1182 1626 febris
1202 1593 1434 1640 compen-

275 1641 413 1689 dium
434 1643 680 1703 quoddam
700 1648 773 1690 est
793 1642 1234 1698 intermittentium,
1258 1642 1338 1690 38.

343 1705 630 1754 Con-rmus
667 1706 866 1753 Fenus
897 1719 1161 1754 annosum
1187 1706 1434 1764 ’el—³64,

275 1770 496 1824 39-653
553 1770 764 1818 aliarum
799 1770 1021 1817 omnium
1059 1784 1148 1817 cur
1175 1769 1438 1831 praecipua

276 1839 326 1880 et
358 1834 630 1896 coryphaea
664 1834 912 1890 habeatur,
951 1836 1040 1888 383
1075 1834 1222 1881 unica
1252 1833 1438 1909 species

273 1896 329 1943 in
344 1912 508 1945 rerum
525 1904 700 1945 natura
715 1904 822 1945 tum
837 1897 1068 1959 temporis
1083 1896 1289 1944 Auctori
1305 1902 1436 1955 ncta,

277 1962 367 2015 393
411 1960 630 2022 ejusdem
662 1961 759 2008 fuit
791 1961 924 2022 genii
957 1976 1071 2009 cum
1107 1960 1324 2007 febribus
1355 1960 1434 2007 in·

274 2024 490 2081 termitt„
535 2024 614 2082 37,
659 2027 753 2080 383
810 2030 860 2073 et
901 2024 1044 2071 facile
1085 2023 1140 2071 in
1181 2022 1436 2072 intermitt.

273 2088 522 2145 transibat,
547 2090 640 2136 235
657 2106 669 2144 3
692 2088 756 2136 ad
772 2087 1200 2135 intermittentium
1214 2094 1438 2135 autumn.

275 2151 480 2199 classem
494 2166 643 2213 quare
659 2152 968 2208 referebatur,
984 2150 1063 2209 37,
1082 2153 1169 2205 383
1194 2150 1246 2197 in
1261 2151 1440 2212 quibus

271 2230 305 2261 a
336 2216 542 2263 tertiana
574 2216 793 2277 ejusdem
825 2216 1016 2263 constit.
1053 2214 1316 2271 differebat,
1345 2214 1436 2270 373

274 2280 520 2340 quartanis
541 2287 762 2327 autumn.
781 2279 1084 2335 succedebat,
1097 2279 1159 2325 ad
1179 2293 1334 2339 usque
1353 2293 1441 2326 ver

274 2341 672 2400 debacchabatur,
697 2344 788 2398 383
834 2342 1154 2404 despumatio,
1184 2356 1308 2402 quae
1341 2341 1436 2389 cir-

275 2420 335 2453 ca
351 2407 481 2453 diem
507 2407 662 2454 14tum
675 2406 813 2464 foret,
830 2422 860 2454 a
873 2405 1271 2467 refrigerantibus
1285 2410 1437 2453 retar-

277 2468 496 2528 dabatur,
524 2472 599 2528 50,
623 2472 714 2528 553
881 2476 1097 2533 pwmata
1121 2468 1214 2518 sibi
1246 2470 1442 2532 propria

280 2549 521 2595 quaenam
542 2535 779 2592 habuerit,
803 2537 883 2592 39,
907 2535 969 2582 56
989 2553 1001 2589 3
1034 2533 1276 2597 quomodo
1299 2549 1442 2581 cura-

277 2597 437 2655 batur,
463 2599 653 2646 41-56
668 2617 680 2654 3
717 2598 898 2660 quibua
926 2605 1070 2646 nocet
1092 2598 1440 2655 venae-sectio,

279 2660 461 2722 quibus
480 2676 599 2720 non,
616 2662 696 2719 41,
713 2663 805 2718 423
839 2661 1166 2709 venae-sectio
1187 2660 1442 2723 praecedat

279 2725 558 2783 emeticum,
591 2728 683 2775 443
717 2725 1030 2772 vomitorium
1065 2724 1358 2787 quibusnam
1393 2731 1443 2772 et

280 2789 590 2850 quandonam
633 2789 976 2850 exhibendum,
1000 2790 1064 2836 43
1100 2803 1198 2850 sq.3
1239 2801 1440 2850 parego-

279 2851 440 2899 ricum
477 2859 586 2916 post
623 2853 934 2901 vomitorium
979 2851 1167 2915 vesperi
1209 2851 1439 2899 exhiben-

283 2915 418 2973 dum,
441 2919 520 2973 45,
545 2918 632 2972 463
668 2916 848 2978 clyster
865 2916 1174 2978 quandonam
1206 2914 1438 2962 exhiben-

283 2979 392 3036 dus,
408 2979 486 3036 47,
507 2983 597 3036 483
633 2980 854 3028 cardiace
868 2979 1178 3041 quandonam
1198 2977 1444 3027 exhiberet

283 3042 486 3100 Auctor,
511 3045 574 3092 49
597 3059 690 3106 sq.3
728 3043 1038 3106 quandonam
1074 3049 1185 3106 post
1218 3041 1443 3116 morbum

285 3107 1006 3234 {miffaiffssissfsszffssffi
1028 3121 1126 3226 3¹3?
1163 3111 1349 3231 {iffi
1365 3107 1442 3218 ἕξ

283 3234 525 3282 crudescit
551 3241 661 3297 post
697 3249 847 3282 usum
880 3235 1148 3297 clysterum
1180 3239 1231 3281 et
1251 3233 1441 3282 cathar-

283 3298 507 3356 ticorum,
532 3314 655 3362 quae
675 3298 856 3346 febrem
887 3298 1021 3361 prius
1045 3297 1186 3360 quasi
1214 3297 1441 3360 profliga-

282 3370 466 3419 verant,
490 3362 731 3424 quomodo
763 3361 1026 3419 tractanda,
1049 3364 1140 3418 503
1185 3360 1446 3410 continuae

282 3425 438 3473 febres
481 3425 815 3488 depuratoriae
864 3441 976 3475 ann.
1021 3426 1254 3473 ’61-’64
1296 3438 1444 3485 quare

282 3489 442 3537 faeces
491 3489 916 3538 intermittentium
963 3489 1268 3546 videbantur,
1314 3491 1409 3539 298
1429 3507 1441 3546 3

286 3552 550 3616 epidemice
591 3554 797 3617 grassari
833 3560 1097 3615 nequeunt,
1137 3553 1232 3601 nisi
1280 3560 1444 3602 retusa

285 3619 390 3664 acie
422 3617 780 3665 constitutionis
809 3617 1243 3666 intermittentibus
1273 3618 1441 3666 faven-

283 3680 365 3739 tis,
392 3683 498 3729 298.
530 3682 593 3729 cf.
614 3679 886 3730 545-547.

355 3744 641 3793 Con-ruma
681 3745 880 3793 Fusius
922 3757 1185 3792 annorum
1217 3743 1316 3802 ⁹67,
1345 3745 1442 3801 ⁹68,

286 3820 353 3855 nr
389 3821 579 3856 ran-rm
603 3809 699 3865 ³69,
743 3809 1028 3864 150-1593
1083 3821 1174 3856 cur
1211 3810 1447 3858 Van-tolosa

219 3921 226 3926 ,
286 3871 430 3928 dicta,
459 3874 580 3928 1533
616 3873 725 3934 eJus
745 3872 944 3930 curatio,
971 3872 1082 3920 155.

354 3935 644 3983 Con-rmus
689 3936 889 3984 Fennis
932 3948 1124 3982 unns
1170 3947 1304 3982 armi
1347 3935 1444 3994 ³69,

288 4012 466 4049 arens
499 4012 855 4047 rnreonoauu
883 3999 1129 4055 ’70—’72,
1157 3999 1444 4055 178—183;

287 4078 377 4110 cur
391 4065 696 4126 Dysenterica
710 4063 852 4120 dicta,
871 4061 986 4118 1783
1012 4063 1120 4125 cJus
1133 4063 1446 4120 curatio,181.

356 4127 646 4175 Com-mua
675 4127 872 4175 Fssms
901 4139 1165 4174 ausonius
1199 4127 1446 4185 ’73-’75,

288 4190 574 4246 207-2173
615 4206 703 4239 cur
737 4193 974 4240 Gomawm
1006 4191 1150 4247 dicta,
1173 4191 1299 4247 2173
1341 4191 1448 4252 ejus

287 4255 492 4312 curatio,
513 4256 624 4303 208.

353 4319 810 4377 Cos-rusxomsus,
836 4316 969 4381 (De)
993 4318 1121 4374 6023
1158 4317 1218 4365 cil
1240 4319 1353 4368 450.

357 4386 685 4440 Convulsiones,
709 4383 810 4430 sive
831 4399 1032 4444 vapores,
1057 4382 1331 4444 promiscue
1359 4397 1446 4431 vo-

289 4455 462 4500 cantur
481 4447 750 4496 affectionis
781 4447 964 4510 hyster.
985 4445 1200 4503 effectus,
1225 4448 1336 4495 200.

1586 434 1943 484 convulsiones
1962 434 2241 485 infantium.
2266 434 2339 499 [v.
2363 432 2647 497 Epikpdoe]

1586 498 1877 547 Convulsivi
1911 507 2076 547 motus
2115 516 2214 550 non
2245 514 2437 562 semper
2474 513 2681 546 evacua-

1519 562 1678 611 tiones
1698 562 1936 621 inhibent,
1960 564 2073 611 495.

1587 626 1763 674 Cordis
1782 627 2085 675 scrobiculus
2104 626 2157 674 in
2178 625 2375 676 variolis
2402 624 2547 683 dolet,
2574 627 2682 674 120.

1588 689 1755 737 Cornu
1788 691 1917 738 cervi
1950 691 2151 754 spiritus
2180 691 2237 739 in
2266 691 2533 739 infantium
2561 690 2681 737 den-

1517 752 1749 801 tientium
1771 753 2001 812 febribus,
2023 756 2137 802 504.

1587 816 1976 865 Correctivorum
2032 817 2354 880 purgantibus
2414 815 2683 866 immisceri

1518 880 1774 928 solitorum
1795 882 2117 938 incommoda,
2139 882 2251 930 319.

1586 944 1952 993 Corroborantia
1990 945 2139 1009 primi
2175 944 2373 1002 ordinis,
2407 946 2520 1002 290,
2552 946 2647 993 388
2664 961 2683 1000 3

1519 1008 1931 1056 corroborantium
1966 1009 2187 1057 omnium
2220 1009 2496 1057 maximum
2533 1014 2608 1055 est
2628 1023 2681 1055 e-

1520 1072 1745 1132 quitatio,
1774 1074 1887 1131 3893
1920 1074 2043 1128 3903
2108 1073 2235 1120 inter
2269 1073 2685 1121 coi-roborantium

1521 1150 1671 1182 usum
1720 1135 1985 1183 cathartica
2026 1151 2283 1199 nunquam
2333 1135 2683 1193 intercalanda,

1519 1198 1653 1255 4723
1714 1198 2070 1247 corroborantia
2098 1200 2151 1247 in
2184 1200 2399 1247 febribus
2430 1198 2683 1247 intermitt.

1519 1269 1763 1320 autumn„
1795 1264 1891 1318 843
1935 1264 1989 1310 in
2021 1264 2253 1326 hydrope,
2277 1264 2405 1319 4703
2450 1264 2501 1311 in
2538 1263 2681 1311 affec-

1519 1325 1653 1373 tione
1674 1326 1871 1388 hyster„
1896 1328 1988 1374 381
2015 1342 2086 1389 sq.

1588 1388 1768 1437 Cortex
1794 1389 2013 1437 sambuci
2044 1389 2243 1438 interior
2272 1389 2328 1439 in
2358 1389 2577 1454 hydrope
2602 1405 2682 1438 as-

1522 1450 1618 1499 cite
1642 1454 1883 1514 quomodo
1906 1454 2023 1515 agit,
2046 1454 2163 1502 469.

1590 1516 1796 1563 corticis
1817 1516 2078 1565 Peruviani
2111 1516 2371 1565 exhibendi
2403 1516 2681 1575 methodus,

1523 1580 1588 1626 82
1610 1594 1698 1641 sq.,
1726 1582 1821 1628 284
1842 1596 1929 1643 sq„
1956 1582 2079 1637 2903
2126 1581 2332 1629 unicum
2364 1582 2472 1642 ejus
2492 1581 2681 1629 incom-

1521 1644 1741 1702 modum,
1786 1645 2170 1693 rheumatismus
2214 1646 2529 1704 scorbuticus,
2570 1646 2683 1705 261,

1524 1708 1647 1762 2813
1683 1722 1831 1769 quare
1852 1714 2015 1756 cortex
2037 1709 2107 1756 ita
2127 1708 2256 1756 male
2288 1709 2441 1766 audit,
2464 1710 2554 1757 281
2582 1724 2684 1771 sq.3

1522 1771 1765 1831 quomodo
1802 1772 2037 1819 intentata
2067 1772 2175 1833 ejus
2208 1773 2491 1820 discrimina
2516 1772 2684 1821 evitari

1522 1834 1729 1896 possint,
1753 1836 1881 1891 2833
1938 1835 2069 1899 quod
2109 1835 2355 1884 immerito
2391 1836 2686 1899 inculpetur,

1522 1898 1650 1954 3883
1689 1898 1817 1946 inter
1834 1900 2065 1947 corticem
2082 1900 2410 1948 exhibendum
2433 1900 2688 1948 decubitus

1521 1961 1575 2008 in
1588 1961 1715 2009 lecto
1727 1968 1778 2010 et
1789 1964 2119 2011 cardiacorum
2142 1964 2413 2027 assumptio
2427 1964 2687 2025 diligenter

1523 2025 1762 2084 evitanda,
1778 2026 1891 2083 286,
1906 2028 2019 2083 351,
2037 2029 2148 2085 453,
2168 2030 2285 2083 4543
2306 2042 2473 2076 omnes
2485 2042 2687 2076 evacua-

1522 2088 1681 2136 tiones
1709 2096 1819 2151 post
1847 2090 1953 2151 ejus
1986 2106 2136 2139 usum
2167 2091 2541 2148 interdicendae,
2560 2094 2686 2147 2883

1525 2159 1691 2201 cortex
1712 2153 1929 2202 febribus
1957 2154 2345 2203 inflammatoriis
2370 2156 2598 2203 curandis
2617 2156 2689 2203 ita

1523 2230 1624 2264 non
1666 2216 1864 2275 confert,
1901 2224 1959 2265 ut
1994 2217 2139 2281 plane
2174 2218 2317 2278 obsit,
2350 2220 2474 2275 2993
2522 2225 2687 2267 cortex

1524 2278 1701 2328 febrim
1721 2296 1849 2328 anno
1870 2284 1951 2329 ’85
1974 2288 2191 2331 exortam
2211 2296 2307 2329 non
2336 2282 2538 2345 fugavit,
2560 2284 2686 2339 4983

1524 2342 1578 2389 in
1600 2345 1837 2406 sanguine
1858 2351 1908 2392 et
1930 2360 1953 2392 s
1987 2345 2181 2393 iritibus
2201 2346 2531 2395 confortandis
2550 2362 2687 2409 egre-

1525 2407 1666 2469 gium
1698 2414 1775 2457 est
1809 2424 1943 2456 reme
1976 2408 2096 2467 'um,
2122 2412 2243 2467 3883
2278 2410 2428 2472 idque
2456 2410 2509 2458 in
2540 2410 2686 2459 affec-

1527 2470 1741 2520 tionibus
1773 2470 1954 2535 hyster.
1993 2479 2045 2522 et
2087 2474 2437 2538 hypochondr„
2470 2476 2593 2533 3883
2620 2475 2687 2524 it-

1527 2549 1704 2598 emque
1724 2537 1777 2583 in
1797 2537 2013 2600 podagra
2032 2539 2400 2600 praevenienda,
2421 2539 2545 2596 4273
2580 2555 2685 2587 cor-

1527 2605 1611 2646 tex
1632 2600 1685 2647 in
1708 2600 1983 2658 electuario,
2007 2611 2056 2650 et
2084 2603 2253 2666 pilulis
2274 2603 2536 2662 exhibitus,
2562 2606 2685 2660 2843

1525 2661 1581 2709 in
1632 2663 1891 2723 infusione,
1936 2665 2060 2722 2863
2116 2673 2280 2714 cortex
2331 2666 2507 2715 Peruv.
2556 2668 2689 2729 apud

1529 2725 1867 2776 Londinenses
1887 2743 2102 2790 quonam
2122 2735 2338 2793 tempore
2358 2737 2505 2778 notus
2524 2731 2687 2789 fuerit,

1528 2791 1653 2844 2823
1690 2805 1928 2852 quasnam
1944 2791 2115 2839 laudes
2138 2800 2397 2851 mereatur,
2424 2795 2538 2853 281,
2562 2797 2687 2851 2823

1527 2867 1591 2900 an
1624 2853 1674 2900 vi
1708 2854 2039 2916 adstringente
2071 2862 2221 2913 sanet,
2252 2859 2373 2913 2823
2408 2857 2543 2906 solus
2576 2873 2687 2921 spe-

1528 2917 1727 2964 ciflcum
1770 2918 2183 2966 medicamentum
2223 2927 2397 2968 notum
2436 2921 2691 2980 hactenus,

1532 2981 1623 3036 193
1660 2980 2043 3044 dogmaticorum
2067 2982 2311 3030 inscitiam
2328 2984 2383 3030 in
2400 2984 2687 3047 dignoscen-

1529 3043 1604 3090 dis
1621 3045 1902 3093 morborum
1924 3046 2147 3093 essentiis
2170 3063 2225 3094 ac
2247 3049 2475 3096 remediis
2492 3049 2688 3106 detexit,

1528 3109 1627 3155 453
1648 3123 1748 3170 sq.3
1784 3124 1997 3170 quonam
2020 3115 2235 3173 tempore
2256 3111 2573 3170 exhibendus,
2592 3115 2689 3161 283

1529 3186 1627 3232 sq.3
1652 3173 1920 3234 purgando,
1934 3173 2120 3222 febrem
2137 3174 2398 3236 aliquando
2415 3176 2557 3233 tollit,
2577 3179 2689 3234 282,

1531 3237 1654 3292 2853
1690 3235 1744 3283 in
1776 3251 1872 3297 quo
1905 3252 2022 3285 casu
2058 3237 2326 3287 laudanum
2363 3255 2479 3287 cum
2514 3241 2691 3289 cortice

1530 3299 1893 3356 assumendum,
1926 3303 2050 3356 2853
2087 3301 2148 3350 ad
2182 3303 2387 3364 aphtbas
2420 3311 2470 3352 et
2499 3304 2687 3366 singul-

1529 3369 1627 3420 tus,
1650 3363 1704 3411 in
1726 3363 1857 3412 febre
1892 3379 2018 3413 nova
2051 3365 2277 3428 epidem„
2302 3369 2413 3424 491,
2435 3369 2547 3426 492,
2568 3371 2687 3426 5033

1529 3426 1595 3474 ad
1625 3427 1937 3489 apoplexiam
1971 3428 2092 3477 febri
2124 3429 2375 3479 intermitt.
2406 3433 2689 3494 superveni-

1529 3497 1707 3548 entem,
1732 3493 1856 3548 2893
1891 3492 2102 3541 diaetam
2130 3493 2327 3555 qualem
2356 3496 2535 3558 exigat,
2564 3499 2675 3552 2883

1528 3554 1602 3602 nil
1652 3555 1749 3603 nisi
1798 3556 2085 3605 methodum
2135 3558 2483 3608 observandam
2518 3562 2690 3622 poscit,

1531 3618 1690 3666 diaeta
1717 3625 1767 3666 et
1798 3620 2033 3682 regimine
2066 3621 2373 3684 quocunque'
2390 3639 2573 3685 susque
2604 3625 2689 3672 de-

1531 3697 1628 3743 que
1648 3681 1828 3740 habito,
1846 3687 1939 3732 453
1960 3700 2057 3747 sq.3
2082 3700 2241 3747 neque
2256 3687 2514 3743 catharsin,
2532 3703 2693 3750 neque

1529 3748 1966 3796 venae-sectionem
1976 3749 2380 3812 praemittendam
2396 3751 2595 3813 expetit,
2612 3755 2690 3809 82,

1533 3811 1625 3864 833
1668 3808 1791 3866 aliis,
1825 3826 1974 3873 quam
2005 3826 2130 3873 quae
2158 3813 2384 3862 vehiculo
2405 3815 2691 3872 inserviunt,

1533 3873 1789 3922 admisceri
1803 3875 2005 3931 malum,
2025 3877 2144 3932 2903
2168 3878 2357 3925 vomitu
2372 3877 2413 3925 si
2427 3879 2693 3939 rejiciatur,

1534 3937 1655 3999 quid
1688 3939 1947 4000 agendum,
1972 3938 2095 3995 2873
2128 3954 2280 4001 parox
2315 3955 2477 3989 smum
2505 3941 2695 3991 instan-

1533 4008 1635 4048 tem
1670 4001 1829 4048 subito
1872 4001 2146 4058 consedens,
2184 4004 2271 4064 qui
2340 4005 2461 4052 mali
2499 4006 2691 4064 inferat,

1535 4067 1626 4117 833
1661 4065 1923 4112 recidivam
1941 4065 2100 4122 habet,
2116 4068 2238 4122 2833
2274 4069 2417 4130 cujus
2437 4071 2689 4131 praeveni-

1535 4128 1687 4175 endae
1728 4143 1888 4184 causa,
1912 4129 2032 4190 quid
2074 4129 2369 4188 faciendum,
2414 4135 2538 4188 2853
2594 4149 2693 4183 non

1569 4191 1845 4239 ertinaciter
1863 4192 2013 4240 nimis
2035 4193 2351 4252 exhibendus,
2373 4196 2460 4244 ubi
2480 4198 2694 4248 recidiva

1581 4256 1847 4316 equentior,
1871 4258 1994 4314 2883
2034 4257 2087 4305 in
2107 4258 2321 4306 febribus
2344 4260 2597 4310 intermitt.
2620 4271 2696 4312 est

1535 4318 1756 4367 absolute
1788 4321 2087 4381 specificam,
2110 4325 2235 4378 4533
2269 4330 2318 4371 et
2334 4325 2559 4372 omnibus
2584 4326 2695 4375 aliis

1537 4382 1763 4431 remediis
1784 4383 1999 4446 palmam
2022 4387 2267 4462 praeripit,
2292 4389 2413 4445 2923
2440 4390 2579 4451 quasi
2601 4391 2695 4438 mi-

1537 4447 1705 4496 racula
1741 4455 1970 4511 praestat,
2008 4451 2132 4508 3883
2182 4466 2234 4499 m
2272 4452 2405 4501 febre
2442 4453 2697 4504 intermitt.
