3138 5006
650 287 783 350 438
1272 285 1664 352 'I'HOMAE
1711 285 2232 352 SYDENHAM

360 468 447 520 Dn
472 468 608 515 Pon.
646 447 843 512 fuerit
882 446 1119 530 pecus,)
1164 445 1330 510 nihil
1374 445 1661 530 ambiget
1703 448 1776 512 in
1820 469 2018 532 quam
2059 454 2311 533 partem
2354 445 2588 512 debeat
2631 465 2862 512 conce-

409 547 567 582 Aona.
650 549 823 615 dere·

342 668 405 716 In
424 681 520 729 quo
543 681 626 713 ca-
747 652 913 738 [51.]
969 651 1119 718 Quo
1162 673 1299 718 non
1342 653 1662 732 obstante,
1695 653 1749 717 si
1801 675 2010 738 aeger,
2053 655 2156 718 vel
2205 676 2246 718 a
2285 655 2486 737 longo
2537 674 2612 718 ac
2653 651 2862 717 nimio

340 731 597 858 ’ἓξὲξ
647 777 775 818 usu
822 755 1145 838 liquorum
1201 754 1686 834 inebriantium,
1731 756 1832 820 vel
1889 756 1970 820 ab
2030 763 2242 821 aetate
2299 756 2712 841 provectiore,
2753 755 2862 820 vel

343 860 625 917 eum,illud-
652 858 929 941 denique
969 879 1121 941 prae
1166 857 1369 921 nimia
1410 856 1764 938 debilitate,
1803 859 1979 924 cibos
2023 859 2268 943 absque
2304 861 2454 925 vino
2491 860 2594 922 vel
2637 859 2858 943 quovis

342 939 627 1050 ἓξξξζὲἔω
652 961 777 1024 alio
815 961 1064 1043 liquore
1102 959 1493 1024 fermentato
1530 969 1814 1044 nequeat
1850 982 2268 1047 concoquere,
2301 984 2437 1027 non
2463 967 2650 1025 vacat
2687 967 2860 1025 certe

343 1053 603 1166 {lufgss‘n‘
650 1062 933 1147 periculo
961 1061 1244 1126 eundem
1278 1063 1574 1146 protinus
1605 1084 1679 1127 ac
1707 1062 2056 1148 derepente
2095 1087 2135 1129 a
2161 1065 2313 1130 vino
2346 1065 2702 1149 depellere;
2745 1063 2860 1146 qni

654 1165 915 1249 quidem
958 1185 1135 1228 error
1175 1164 1351 1229 haud
1395 1166 1615 1249 paucis
1658 1167 1913 1232 lethalis
1957 1167 2102 1232 fuit.
2195 1168 2468 1232 Prorsus
2511 1167 2728 1252 itaque
2779 1167 2859 1250 (si

652 1289 759 1331 me
788 1267 1013 1350 audit,)
1050 1288 1355 1350 apozema
1393 1267 1809 1333 diaeteticum
1839 1291 2034 1353 supra
2067 1270 2532 1353 praescriptum
2569 1268 2859 1346 abdicet3

651 1371 773 1449 vel,
804 1370 860 1434 si
898 1368 1125 1434 eodem
1152 1370 1253 1433 uti
1288 1371 1605 1449 statuerit,
1637 1371 1698 1436 ei
1737 1373 1976 1440 sensim
2014 1378 2359 1451 assuescat,
2387 1373 2696 1436 haustum
2725 1371 2862 1434 vini

652 1471 727 1535 in·
761 1471 1051 1556 pastibus
1094 1471 1177 1536 ad
1212 1477 1467 1556 tempus
1508 1473 1767 1558 aliquod
1805 1475 1930 1538 sibi
1969 1474 2335 1558 indulgens,
2380 1475 2562 1557 quasi
2593 1473 2866 1538 remedii

652 1575 795 1639 loco
835 1575 1050 1658 potius
1096 1595 1290 1658 quam
1332 1574 1602 1654 diaetae,
1648 1575 1852 1640 donec
1896 1577 2231 1642 decoctum
2275 1576 2441 1640 illud
2481 1575 2861 1640 familiarius

655 1676 945 1741 evaserit.
1033 1677 1282 1740 Vinum
1326 1683 1545 1742 autem
1588 1678 2018 1762 Hispanicum
2060 1680 2168 1746 hic
2204 1679 2330 1744 loci
2369 1685 2508 1742 tam
2546 1677 2866 1741 Rhenano

655 1801 853 1864 quam
904 1777 1153 1843 Gallico
1211 1779 1477 1845 omnino
1525 1781 2019 1863 praeferendum
2071 1788 2204 1860 est3
2273 1801 2436 1863 quae
2485 1779 2860 1863 posteriora,

655 1881 807 1946 licet
836 1880 1193 1944 ventriculo
1228 1889 1527 1964 pergrata
1556 1883 1708 1962 sint,
1739 1889 1963 1947 tamen
2001 1882 2454 1948 exacerbandis
2485 1879 2866 1944 humoribus

658 1989 727 2048 et
764 1982 1062 2066 augendo
1100 1981 1307 2046 morbi
1335 1982 1548 2047 fomiti
1589 1990 1740 2068 apta
1775 1991 1934 2048 nata
1967 1992 2144 2049 sunt.
2229 1984 2442 2062 Adde,
2484 1982 2674 2066 quod,
2713 2002 2868 2044 cum

662 2106 864 2169 aeque
888 2084 1025 2150 fere
1046 2085 1245 2149 cruda
1272 2085 1405 2150 sint
1428 2091 1494 2150 et
1514 2087 1622 2150 vix
1649 2086 1857 2170 magis
1887 2095 2194 2152 concocta
2223 2109 2418 2171 quam
2449 2093 2548 2150 est
2569 2092 2870 2149 nostrum

658 2207 1058 2272 pomaceum,
1104 2209 1239 2252 non
1288 2188 1557 2272 perinde
1609 2190 1902 2255 cardiaca
1951 2197 2108 2255 sunt
2160 2197 2354 2274 atque
2397 2189 2602 2254 calida
2645 2208 2719 2252 ac
2761 2207 2870 2251 res

659 2290 969 2375 postulat.
1084 2292 1303 2373 Atque
1332 2290 1490 2356 haec
1533 2291 1616 2356 de
1663 2291 1808 2358 cibo
1849 2300 2137 2379 potuque
2163 2289 2652 2379 Ποὸωγρώντων
2691 2289 2872 2354 dicta

663 2399 877 2458 sunto.

760 2495 926 2581 [52]
979 2495 1099 2560 Est
1144 2502 1211 2561 et
1254 2496 1449 2576 aliud,
1491 2496 1696 2584 (quod
1739 2499 2000 2565 tametsi
2043 2499 2220 2585 parvi
2261 2498 2603 2584 pendatur,
2643 2495 2874 2581 magni

660 2606 885 2663 tamen
922 2600 1235 2665 momenti
1282 2608 1381 2666 est
1418 2609 1555 2666 tam
1599 2604 1672 2667 in
1710 2603 2062 2687 digerendo
2104 2603 2316 2668 morbi
2353 2602 2600 2681 fomite,
2637 2622 2872 2684 parox-

660 2723 846 2787 ysmo
872 2702 1085 2768 adhuc
1105 2704 1383 2787 vigente,
1408 2726 1603 2788 quam
1633 2705 1718 2770 ad
1743 2705 2212 2789 prohibendam
2241 2704 2532 2789 ejusdem
2559 2702 2874 2768 materiae

663 2804 1147 2886 generationem
1184 2812 1367 2869 extra
1406 2809 1907 2892 paroxysmum,)
1951 2828 2186 2892 nempe
2224 2814 2302 2872 ut
2343 2828 2551 2890 aeger,
2589 2807 2876 2870 maxime

360 2921 579 2996 osquam
662 2906 911 2991 hyemis
950 2915 1259 2991 tempore,
1289 2917 1543 2974 mature
1580 2911 1821 2975 lectum
1858 2916 2062 2994 petat.
2149 2910 2416 2974 Etenim
2458 2915 2602 2993 post
2639 2928 2874 2973 venae-

357 2994 647 3098 ἷζὲζῗζη,
665 3008 1015 3074 sectionem
1055 3016 1121 3074 et
1160 3011 1488 3075 catharsin
1524 3012 1692 3076 nihil
1721 3034 1924 3097 aeque
1951 3012 2248 3077 Naturae
2285 3012 2450 3075 vires
2497 3010 2750 3075 subruit
2795 3030 2876 3073 ac

318 3122 325 3129 '
360 3122 476 3226 ΜΞ
490 3130 575 3176 Pe·
664 3119 867 3177 noctu
908 3112 1206 3196 vigilare3
1268 3114 1442 3197 quod
1486 3113 1748 3198 quidem
1789 3115 2406 3179 valetudinariorum
2449 3112 2718 3196 quilibet
2761 3133 2874 3175 ex-

360 3184 443 3226 ten
478 3194 563 3236 ¹²⁸³
665 3224 891 3301 pertus
951 3217 1315 3295 affirmabit,
1368 3219 1425 3281 si
1482 3220 1648 3283 serio
1708 3218 2233 3284 animadverterit
2292 3223 2536 3301 quanto
2601 3216 2880 3281 alacrior

666 3319 1075 3402 vegetiorque
1127 3320 1383 3403 exurgit
1427 3322 1679 3404 quoties
1729 3344 1798 3387 se
1839 3321 2008 3386 lecto
2051 3321 2406 3404 temporius
2459 3318 2872 3397 commiserit,

668 3444 865 3506 quam
919 3442 1069 3485 vero
1126 3423 1375 3486 enervis
1432 3429 1531 3487 est
1590 3444 1666 3487 ac
1730 3422 2078 3506 languidus
2139 3422 2388 3505 quoties
2448 3419 2532 3484 ad
2595 3419 2876 3483 multam

666 3531 923 3588 noctem
952 3524 1322 3607 vigilaverit.
1412 3526 1499 3590 Et
1539 3526 1826 3609 quamvis
1865 3548 1967 3589 res
2005 3525 2232 3590 eodem
2269 3524 2552 3589 recidere
2581 3524 2878 3588 videatur

668 3648 755 3691 an
798 3626 987 3689 citius
1030 3626 1311 3691 seriusve
1364 3628 1509 3713 quis
1549 3630 1795 3693 lectum
1837 3635 2108 3713 repetat,
2149 3626 2340 3693 modo
2381 3648 2500 3711 per
2540 3632 2640 3691 t-ot
2680 3626 2874 3689 horas

668 3728 879 3793 eidem
920 3728 1275 3813 indulgeat,
1314 3731 1515 3813 (verbi
1544 3733 1770 3815 gratia,
1803 3753 1887 3796 an
1916 3731 2078 3796 hora
2115 3752 2290 3796 nona
2327 3729 2622 3795 cubitum
2662 3734 2766 3792 eat
2801 3734 2876 3791 et

668 3832 899 3914 quinta
934 3840 1175 3915 surgat,
1204 3832 1306 3898 vel
1338 3834 1684 3899 undecima
1721 3834 2014 3899 cubitum
2048 3840 2154 3898 eat
2191 3839 2258 3897 et
2293 3839 2518 3915 surgat
2553 3830 2870 3915 septima,)

662 3935 953 4003 multum
994 3942 1217 4000 tamen
1249 3936 1541 4015 interest,
1579 3938 1774 4021 idque
1813 3937 1895 4001 ob
1936 3937 2106 4001 hanc
2156 3936 2254 4018 (ut
2297 3934 2636 4016 existimo)
2677 3932 2876 4017 potis-

670 4037 907 4102 simum
950 4038 1287 4103 rationem.
1378 4040 1680 4104 Interdiu
1723 4040 1961 4104 scilicet
2005 4039 2266 4124 spiritus
2308 4038 2701 4121 dissipantur
2744 4035 2880 4099 sive

670 4139 743 4204 in
772 4141 1053 4225 corporis
1083 4142 1397 4221 exercitiO,
1422 4142 1551 4206 sive
1585 4143 1800 4222 animi,
1829 4142 2039 4227 quiin
2068 4142 2286 4206 minus
2314 4149 2490 4206 recte
2511 4137 2880 4204 valentibus

670 4242 768 4306 ita
794 4249 950 4306 sunt
978 4242 1219 4307 infimi
1250 4264 1325 4307 ac
1352 4242 1594 4308 debiles
1621 4251 1698 4308 ut
1725 4245 1972 4329 vesperi
2002 4244 2212 4309 somni
2243 4243 2529 4308 subsidio
2559 4241 2880 4307 maturius

672 4365 832 4427 opus
870 4344 1191 4425 habeant3
1247 4352 1313 4410 et
1354 4368 1503 4411 cum
1542 4346 1751 4413 noctis
1797 4348 2100 4431 appulsus
2144 4346 2556 4413 oeconomiae
2593 4343 2880 4427 corporis

674 4447 855 4529 quasi
892 4448 1351 4513 relaxationem
1393 4449 1716 4534 quandam
1753 4451 1998 4515 adferat
2035 4472 2198 4534 quae
2237 4449 2471 4515 diurno
2515 4454 2802 4531 tempore
2841 4468 2884 4509 a
