3138 5006
373 1135 635 1181 Cumulo.

387 4025 468 4073 Ad
486 4023 655 4072 recidi-

381 4105 650 4202 {35:31

381 4219 499 4282 quid

676 243 803 303 570
1290 239 1678 303 THOMAE
1729 240 2246 305 SYDENHAM

1542 526 1735 591 CAP.
1785 527 2008 591 XVII.

1530 687 1629 750 De
1649 688 2021 785 Apoplea’ia.

769 826 1047 888 Scimus
1078 832 1177 888 est
1204 822 1761 906 profundissimuS,
1795 831 1861 887 et
1890 824 2262 889 omnimoda
2299 847 2523 890 sensus
2555 833 2622 891 et
2665 833 2924 889 motus

676 926 966 1011 privati0,
1011 932 1279 1009 excepta
1319 924 1756 1008 respiratione,
1806 947 2000 1007 quam
2045 928 2222 1009 aegri
2262 927 2509 992 habent
2556 928 2924 991 difficilem

680 1050 833 1091 cum
862 1034 1153 1092 stertere.

778 1132 899 1215 [2.]
956 1131 1268 1194 Mittatur
1332 1130 1595 1213 sanguis
1669 1151 1704 1194 e
1762 1130 2026 1195 brachio
2101 1131 2184 1195 ad
2242 1132 2468 1195 uncias
2536 1131 2918 1195 duodecim

680 1234 1193 1319 quamprimum3
1240 1255 1315 1297 ac
1343 1239 1565 1316 postea
1596 1254 1670 1297 ex
1692 1235 1868 1297 venis
1892 1235 2301 1317 jugularibus
2333 1236 2414 1298 ad
2444 1236 2676 1298 uncias
2709 1242 2913 1299 octo:

681 1338 914 1400 deinde
962 1336 1373 1399 vomitorium
1416 1356 1493 1399 ex
1547 1336 1955 1418 sesquiuncia
1995 1337 2096 1399 vel
2138 1338 2352 1401 unciis
2405 1337 2662 1401 duabus
2713 1338 2912 1400 infu-

681 1440 877 1504 sionis
909 1439 1075 1503 croci
1106 1439 1515 1501 metallorum
1542 1438 1922 1520 propinetur
1951 1440 2194 1502 statim.

778 1544 899 1628 [3.]
954 1542 1397 1625 Emplastrum
1438 1543 1892 1625 epispasticum
1923 1542 2076 1605 satis
2108 1543 2395 1625 amplum
2441 1564 2515 1607 ac
2545 1544 2722 1607 forte
2753 1564 2906 1607 cer-

679 1647 802 1710 vici
832 1646 1203 1730 applicetur.

765 1750 944 1813 Dum
970 1749 1131 1812 haec
1162 1755 1463 1831 aguntur,
1496 1755 1747 1813 erectus
1777 1748 1998 1813 sedeat
2028 1770 2218 1832 aeger
2245 1750 2318 1812 in
2345 1749 2533 1827 lect0,
2565 1770 2691 1813 nec
2721 1758 2904 1813 stra-

680 1851 848 1935 gulis
877 1850 1071 1913 nimis
1102 1852 1391 1916 obrutus.

769 1953 1047 2036 Spiritus
1100 1953 1247 2016 salis
1307 1954 1656 2018 armeniaci
1717 1953 1956 2038 optime
2013 1954 2408 2018 rectificatus
2461 1952 2902 2017 admoveatur

678 2053 964 2120 naribus,
2543 2115 2546 2119 .

776 2158 895 2243 [4.]
952 2156 1171 2221 Finita
1240 2158 1561 2222 vomitorii
1635 2158 2024 2241 operatione,
2102 2156 2377 2222 subinde
2451 2156 2898 2221 exhibeantur

678 2260 1033 2325 cochlearia
1059 2259 1187 2323 tria
1213 2260 1314 2323 vel
1343 2267 1620 2342 quatuor
1650 2261 1976 2343 sequentis
1999 2260 2229 2343 julapii
2251 2285 2359 2323 :—

680 2395 882 2463 [Form.
912 2398 1059 2462 185.]
1136 2392 1197 2471 R
1236 2396 1422 2465 Aquae
1446 2394 1622 2448 Rutae
1646 2396 1830 2448 uncias
1852 2404 2095 2464 quatuor,

1240 2484 1426 2554 Aquae
1453 2482 1715 2553 Bryoniae
1741 2482 2097 2553 Compositae,

1243 2571 1480 2640 [Aquae]
1508 2571 1947 2640 Antiepilepticae
1974 2570 2186 2638 Langii,
2210 2587 2316 2624 ana
2338 2571 2552 2624 unciam
2577 2584 2766 2631 unam,

1244 2656 1471 2726 Spiritus
1494 2656 1678 2710 Cornu
1703 2657 1860 2710 Cervi
1885 2665 2064 2726 guttas
2089 2658 2300 2726 vig-inti,

1244 2746 1491 2800 Sacchari
1516 2747 1807 2817 crystallini
1835 2749 2192 2816 quantitatem
2219 2747 2603 2808 sufficientem3

964 2833 1087 2888 Fiat
1100 2835 1388 2905 julapium.

681 2983 808 3046 Vel
855 2982 1182 3048 cochleare
1233 3003 1444 3046 unum
1500 2981 1762 3066 spiritus
1815 2980 2194 3044 lavendulae
2245 2979 2580 3062 compositi
2637 2999 2759 3061 per
2823 2999 2894 3041 se

680 3084 1008 3169 propinari
1035 3086 1238 3169 possit
1266 3085 1365 3148 bis
1393 3085 1496 3148 vel
1524 3092 1645 3163 ter,
1679 3084 1957 3148 durante
1995 3104 2395 3168 paroxysmO,
2426 3082 2587 3147 hora
2615 3081 2896 3145 dimidia

680 3187 783 3250 vel
810 3186 1067 3269 integra
1092 3186 1491 3270 interposita.

782 3289 849 3371 [5
860 3293 905 3372 .]
960 3285 1340 3352 Cavendum
1372 3294 1473 3351 est
1501 3309 1587 3352 ne
1627 3287 1921 3352 cardiaca
1950 3288 2092 3370 plus
2121 3289 2300 3371 justo
2330 3286 2553 3364 calida,
2587 3306 2662 3349 ac
2689 3286 2893 3349 nimis

682 3390 1071 3471 frequenter,
1099 3389 1219 3472 (uti
1236 3411 1375 3453 mos
1398 3390 1540 3472 est,)
1566 3388 1992 3453 exhibeantur
2000 3416 2019 3467 ς
2050 3410 2204 3452 nam
2223 3408 2603 3471 quacunque
2620 3387 2891 3450 demum

686 3491 981 3576 specifica
1014 3491 1252 3555 virtute
1296 3492 1536 3574 pollere
1571 3491 1933 3569 videantur,
1965 3491 2111 3573 plus
2155 3491 2378 3554 damni
2408 3512 2601 3573 quam
2639 3489 2888 3553 emolu-

686 3593 895 3658 menti
944 3615 1137 3676 aegro
1189 3601 1553 3677 apportant,
1607 3599 1834 3677 utpote
1895 3615 2057 3677 quae
2107 3595 2411 3658 humores
2462 3591 2735 3656 fundere
2791 3593 2892 3674 (ac

687 3695 956 3781 proinde
984 3697 1229 3760 malum
1270 3697 1549 3780 augere‚)
1587 3702 1740 3780 apta
1767 3704 1924 3760 nata
1961 3703 2114 3759 sunt
2137 3723 2155 3773 3
2204 3696 2376 3779 quod
2415 3696 2610 3759 etiam
2639 3694 2892 3758 incom-

687 3799 955 3863 modum
1012 3819 1149 3862 non
1205 3797 1422 3861 minus
1479 3799 1758 3862 infertur
1831 3819 1909 3862 ex
1967 3799 2170 3862 nimia
2228 3798 2662 3880 stragulorum
2737 3818 2891 3860 con-

690 3902 1000 3987 gestione.

780 4005 899 4089 [6.]
956 4002 1347 4086 Paroxysmo
1397 4004 1536 4086 jam
1587 4004 1792 4082 finito,
1847 4003 1930 4067 ad
1985 4001 2490 4086 praecavendam
2547 4001 2896 4066 recidivam

688 4105 1023 4191 sequentia
1052 4104 1479 4169 exhibeantur
1500 4131 1607 4168 :—

502 4233 663 4330 ‘agen-
687 4242 889 4306 [Form.
920 4239 1067 4302 186]
1143 4237 1205 4318 ἢ
1244 4240 1541 4294 Pilularum
1568 4241 1888 4295 Cochiarum
1916 4241 2188 4311 Majorum
2215 4241 2485 4311 scrupulos
2509 4239 2673 4302 duos;

380 4283 498 4330 dum

966 4328 1162 4396 Capiat
1194 4328 1351 4379 tertia
1392 4343 1604 4396 quaque
1639 4326 1725 4380 die
1760 4343 1854 4396 per
1885 4343 1978 4379 sex
2019 4327 2176 4389 vices,
2198 4325 2330 4380 hora
2369 4332 2563 4394 quarta
2602 4325 2896 4386 matutina,

966 4411 1443 4482 supet-dormiendo.
