3138 5006
785 285 1277 352 SCHEDULA
1318 284 1852 352 MONITORIA
1895 287 2472 354 1.493

266 461 507 527 thodus
527 461 709 528 nullo
728 469 917 547 pacto
938 469 1037 530 est
1056 464 1588 543 intermittenda3
1634 464 2178 549 quandoquidem,
2203 465 2256 530 si
2281 485 2472 550 aeger
2497 478 2778 532 DsNovn

268 565 352 630 ad
378 566 637 649 longius
664 567 971 650 temporis
1000 567 1281 650 spatium
1308 568 1449 632 istis
1478 566 1818 632 sudoribus
1845 567 2202 650 indulgeat,
2225 568 2468 649 Febris,
2499 545 2768 661 Ῑῖἒξζζζυ

268 689 466 752 quam
502 669 919 751 purgationes
962 671 1417 753 praecedentes
1457 670 1908 754 quadantenus
1949 669 2468 754 subjugaverant,
2494 677 2778 747 ὂῆἶῐῖὁῖ

268 770 485 834 denuo
529 771 692 835 vires
738 777 1057 836 resumet.
1134 773 1189 836 si
1232 773 1407 837 enim
1450 773 1846 858 diaphoresis
1885 771 2016 838 ista
2055 774 2474 857 protrahatur

264 873 441 937 ultra
483 878 739 957 tempus
789 873 950 938 illud
996 894 1125 958 quo
1165 874 1519 960 particulae
1567 874 1871 954 Febriles,
1917 876 2208 940 coctione
2253 875 2472 941 debita

264 982 701 1060 praeparatae,
730 997 992 1060 prorsus
1022 977 1368 1058 difflantur,
1406 979 1519 1063 qui
1552 985 1700 1062 post
1738 980 2170 1062 insequuntur
2203 978 2470 1044 sudores

266 1097 403 1140 non
442 1076 525 1140 ad
564 1077 740 1141 aliud
775 1078 1024 1142 faciunt
1062 1101 1258 1163 quam
1298 1081 1381 1145 ad
1424 1081 2001 1146 inflammationem
2047 1083 2128 1146 de
2163 1103 2328 1148 novo
2367 1101 2468 1147 ac-

266 1179 689 1243 cendendam.
781 1180 1238 1262 Quamobrem,
1279 1183 1430 1249 licet
1470 1182 1734 1247 sudores
1770 1184 1883 1247 isti
1917 1185 2030 1267 qui
2067 1191 2296 1268 sponte
2332 1205 2470 1249 ma·

264 1281 515 1346 nabant
559 1279 763 1346 critici
800 1283 1069 1348 fortasse
1110 1283 1374 1364 fuerint,
1411 1285 1624 1368 quoad
1665 1284 1974 1348 materiae
2017 1283 2286 1348 Febrilis
2331 1286 2472 1369 ejus

266 1403 435 1466 quae
477 1384 833 1467 expulsioni
876 1385 1015 1468 jam
1056 1393 1283 1470 parata
1324 1393 1424 1450 est
1468 1385 2014 1464 eliminationem,
2073 1385 2184 1450 alii
2225 1391 2468 1465 tamen,

265 1486 381 1569 qui
417 1493 565 1570 post
598 1487 741 1552 illos
781 1487 1147 1568 eliciuntur,
1184 1488 1662 1574 symptomatici
1697 1495 1960 1552 tantum
2001 1507 2138 1552 esse
2177 1495 2474 1571 possunt,

266 1593 462 1671 atque
512 1587 673 1652 adeo
728 1590 980 1654 officere
1029 1592 1237 1673 magis
1296 1611 1491 1675 quam
1538 1591 1860 1675 prodesse.
1950 1591 2170 1656 Verbo
2220 1591 2466 1656 dicam:

264 1687 638 1774 hujusmodi
672 1691 1011 1758 sudoribus
1049 1701 1251 1758 noctu
1288 1702 1517 1778 sponte
1558 1715 1676 1757 sua
1711 1693 2200 1777 prodeuntibus,
2239 1713 2468 1777 oppor-

266 1797 429 1857 tune
461 1793 633 1857 favet
672 1793 823 1859 lecti
858 1816 977 1879 per
1007 1803 1269 1861 noctem
1305 1797 1469 1861 lenis
1508 1797 1718 1875 calor;
1765 1815 1964 1880 quare
2003 1795 2310 1879 stragula,
2347 1815 2470 1862 nec

266 1895 454 1980 plura
479 1917 602 1961 nec
636 1896 935 1962 densiora
964 1899 1091 1963 illis
1132 1898 1365 1983 quibus
1401 1919 1598 1964 sanus
1635 1905 2018 1978 assueverat,
2049 1918 2242 1980 aegro
2275 1919 2468 1982 agge-

264 2004 515 2076 rantur,
538 2019 661 2064 nec
690 1999 1116 2066 exhibeantur
1138 2001 1609 2066 medicamenta
1630 2001 1888 2085 quaevis
1916 2000 2466 2080 excalefacientia3

264 2100 504 2166 lectulo
546 2108 810 2167 tantum
857 2103 1194 2188 indulgeat
1238 2125 1429 2188 aeger
1472 2103 1950 2189 aliquantulum
1997 2103 2184 2168 solito
2227 2100 2470 2167 diutius

264 2223 461 2268 mane
498 2204 967 2289 subsequente;
1013 2214 1081 2272 et
1118 2213 1341 2292 postea
1378 2215 1608 2292 pergat
1645 2207 1716 2271 in
1751 2227 1946 2292 supra
1983 2205 2302 2290 descripta
2337 2225 2470 2270 me-

266 2305 466 2371 dendi
492 2307 819 2374 methodo.

364 2410 529 2494 [13.]
584 2411 821 2477 Diaeta
868 2433 948 2476 ex
995 2413 1309 2497 pulticula
1356 2433 1672 2479 avenacea
1720 2419 1838 2493 est,
1882 2412 1984 2477 vel
2025 2411 2280 2498 jusculo
2321 2411 2468 2476 hor-

264 2513 520 2593 deaceo,
550 2535 701 2580 cum
736 2536 926 2600 pomo
962 2516 1237 2583 subinde
1272 2518 1355 2582 ad
1381 2518 1604 2602 ignem
1637 2524 1837 2596 cocto,
1869 2522 2064 2600 atque
2099 2514 2296 2580 etiam
2322 2522 2469 2598 post

266 2618 619 2683 secundam
674 2618 1127 2703 purgationem
1177 2622 1433 2705 jusculo
1482 2622 1670 2686 tenui
1727 2642 1806 2685 ex
1856 2620 2036 2703 pullo
2093 2618 2466 2703 gallinaceo.

264 2718 397 2785 Pro
422 2728 585 2805 potu
612 2722 937 2789 ordinario
972 2724 1339 2789 cerevisiam
1371 2730 1639 2789 tenuem
1666 2723 2043 2788 nullatenus
2075 2722 2465 2805 tepefactam

260 2824 556 2908 injungo,
590 2831 667 2890 ut
710 2834 779 2891 et
816 2827 1157 2891 Decoctum
1193 2828 1453 2890 Album'
1498 2826 1695 2910 (quod
1739 2826 2108 2909 appellant,)
2156 2845 2232 2888 ex
2275 2824 2470 2889 uncia

262 2948 399 2992 una
439 2948 646 2993 cornu
682 2930 851 2993 cervi
886 2930 1021 2994 usti
1062 2929 1133 2993 in
1169 2950 1373 3013 aquae
1412 2928 1770 2993 communis
1813 2927 1994 2993 libris
2027 2924 2238 2989 tribus
2281 2926 2465 3005 cocti,

262 3037 333 3095 et
360 3038 585 3115 postea
610 3032 911 3097 saccharo
942 3030 1267 3097 albissimo
1296 3032 1764 3097 edulcoratum.

362 3133 529 3218 [14.]
546 3143 569 3172 ¹
613 3136 771 3201 Post
808 3136 1135 3201 catharsin
1177 3136 1279 3201 bis
1324 3134 1716 3201 celebratam
1758 3132 1940 3197 nulla
1985 3131 2214 3195 suadet
2247 3148 2466 3193 neces-

262 3235 421 3300 sitas
456 3236 555 3319 (ut
584 3236 711 3301 alio
736 3236 875 3301 loco
911 3234 1003 3323 [p.
1034 3239 1121 3303 47
1124 3239 1184 3301 8.
1220 3239 1256 3322 ξ
1288 3237 1381 3322 6.]
1423 3234 1768 3318 adnotavi,)
1801 3232 2128 3319 pullorum
2165 3230 2468 3296 carnibus

263 3345 381 3403 aut
424 3339 741 3405 similibus
784 3340 1075 3425 eupeptis
1118 3362 1311 3424 aegro
1353 3339 1758 3418 interdicere,
1791 3358 1941 3403 cum
1983 3338 2144 3401 haec
2172 3356 2288 3419 per
2314 3356 2466 3419 pur·

264 3442 594 3525 gationem
622 3442 964 3509 medicatio
994 3463 1071 3508 ea
1106 3443 1461 3526 indulgeat,
1494 3463 1659 3526 quae
1697 3462 1834 3505 non
1871 3445 2172 3524 poterant
2201 3436 2467 3502 concedi

260 3544 321 3609 si
362 3544 473 3608 alii
512 3546 653 3610 viae
694 3546 1121 3611 insisteretur.
1208 3546 1429 3629 Atque
1471 3566 1663 3630 porro
1705 3551 1852 3628 post
1885 3544 2184 3608 ultimam
2231 3562 2464 3626 purga-

260 3648 511 3712 tionem
568 3650 783 3733 (modo
834 3649 1057 3714 Febris
1108 3648 1586 3735 aliquantulum
1630 3648 2093 3731 deflagraverit,
2139 3654 2206 3711 et
2263 3648 2464 3711 inter-

258 3757 583 3822 mittentis
640 3764 871 3842 typum
928 3758 1223 3822 nondum
1280 3778 1541 3841 prorsus
1597 3755 1930 3838 induerit,)
1978 3756 2113 3819 vini
2157 3753 2464 3819 Canarini

258 3860 617 3925 cochlearia
656 3861 785 3924 tria
824 3861 925 3926 vel
970 3867 1247 3945 quatuor
1289 3881 1481 3925 mane
1532 3864 1600 3924 et
1647 3879 1806 3938 sero,
1852 3866 1930 3924 ut
1971 3866 2040 3924 et
2085 3865 2232 3943 post
2270 3878 2463 3941 pran-

258 3962 462 4042 dium,
508 3983 623 4046 per
665 3962 801 4027 dies
844 3964 1091 4047 aliquot
1132 3962 1578 4047 propinentur,
1626 3984 1754 4046 quo
1797 3968 1864 4027 et
1913 3963 2078 4027 vires
2130 3960 2320 4025 citius
2363 3960 2462 4023 in-

258 4072 653 4145 staurentur,
684 4074 753 4131 et
781 4067 1067 4132 Febr-iles
1096 4072 1469 4132 avertantur
1498 4088 1810 4131 accessus.

357 4168 527 4253 [15.]
580 4170 750 4234 Cum
794 4177 1013 4235 autem
1052 4170 1211 4233 haec
1246 4168 1469 4233 Febris
1514 4168 1754 4252 species
1797 4188 1952 4253 prae
1991 4166 2258 4233 caeteris
2303 4186 2462 4250 quas

254 4270 423 4335 mihi
468 4292 757 4355 unquam
801 4272 1017 4336 videre
1060 4271 1353 4354 contigit,
1406 4270 1742 4336 cerebrum
1798 4277 2014 4354 petere
2075 4269 2257 4353 quasi
2314 4273 2466 4351 apta

327 4426 671 4477 merobau-
705 4426 885 4477 Meid.
921 4428 1141 4476 ,3.10·
1179 4426 1313 4483 &93
1472 4426 1980 4487 ⁸einDest514e.d
2009 4427 2103 4473 ’86

262 4500 311 4540 et
338 4490 479 4539 form.
506 4493 612 4541 193.
