3138 5006
651 257 780 318 104
1266 253 1657 318 THOMAE
1705 251 2219 316 SYDENHAM

381 427 580 476 Fennis
646 419 966 504 peculiare
995 418 1205 483 Pestis
1233 417 1611 496 remedium,
1629 417 2085 500 propriumque
2114 414 2315 499 ipsius
2343 409 2649 498 perniciei
2676 408 2852 473 alex-

349 491 608 604 5322&
645 521 928 600 iterium,
988 521 1198 586 adhue
1248 521 1320 585 in
1368 520 1664 584 Nemee
1714 519 1865 582 sinu
1921 518 2217 582 abditum
2276 516 2667 590 delitescere,
2724 531 2853 574 nee

342 620 622 732 ἢὲἒῆἒῑὲϊ
647 624 921 688 eandem
949 624 1076 688 nisi
1103 622 1354 687 ratione
1383 622 1663 706 quadam
1691 621 2067 687 mechanica
2093 621 2237 685 tolli
2263 639 2467 702 posse.

459 720 471 741 ’
581 721 594 734 ’
651 793 658 804 ,
747 726 916 811 [21.]
970 726 1288 792 Quocirca
1332 732 1409 789 ut
1455 724 1890 791 intentionem
1932 724 2113 788 illam
2155 722 2440 806 priorem
2470 718 2671 802 paulo
2712 716 2853 800 ple-s

647 828 796 892 nius
840 827 1296 912 expendamus,
1341 849 1506 910 quae
1549 848 1627 891 eo
1672 834 1919 910 spectat
1968 832 2045 890 ut
2087 825 2383 889 Naturae
2424 819 2497 884 in
2541 819 2853 883 materiae

343 935 500 982 Pestis
518 950 604 997 per
648 931 1016 996 morbificae
1059 929 1597 996 exterminatione
1640 951 1758 995 suo
1801 950 1979 994 more
2009 936 2075 992 et
2110 928 2301 992 modo
2346 924 2657 990 auxilium
2698 943 2847 1005 sup-

339 1000 614 1111 ῗὲῗῐζῗξζ.
649 1033 1011 1117 peditetur:
1073 1032 1538 1097 advertendum
1580 1033 1759 1098 venit
1803 1031 1978 1116 quod
2028 1031 2100 1094 in
2141 1050 2292 1094 vera
2338 1030 2531 1093 Peste
2587 1025 2851 1089 Natura

341 1129 508 1239 ἱοῖϋῗ,
519 1129 612 1204 Fe-
656 1137 834 1220 (dum
865 1156 1077 1218 neque
1113 1142 1340 1218 sponte
1379 1156 1496 1199 sua
1537 1134 1813 1214 aberrat,
1844 1155 2057 1219 neque
2084 1133 2147 1196 vi
2190 1132 2405 1216 aliqua
2432 1127 2849 1194 transversim

341 1208 446 1304 151³}
467 1201 623 1320 pessn‘
652 1238 911 1320 agitur)
945 1257 1061 1320 per
1095 1237 1458 1326 abscessum
1498 1237 1777 1320 aliquem
1812 1237 1883 1300 in
1924 1234 2338 1300 emunctoriis
2377 1238 2849 1316 erumpentem,

340 1322 591 1432 fflffissfi'
653 1341 828 1404 unde
878 1339 1186 1404 materiae
1233 1339 1444 1403 exitus
1491 1339 1785 1424 patescit,
1833 1338 2169 1422 negotium
2221 1356 2411 1401 suum
2470 1333 2845 1418 exequitur3

339 1450 438 1496 ime
447 1465 507 1497 ει
519 1449 568 1497 N
571 1464 622 1497 α·
651 1443 836 1527 atqui
889 1443 964 1506 in
1008 1441 1232 1519 Febre,
1287 1462 1480 1525 quam
1531 1443 1929 1506 Pestilentem
1986 1461 2457 1524 nuncupamus,
2519 1436 2847 1501 mediante

341 1521 477 1625 ξξῖἲῗ
489 1513 540 1625 ὲῑ
575 1529 626 1626 ξ.
655 1544 1015 1629 diaphoresi
1053 1566 1168 1628 per
1195 1545 1559 1608 universam
1600 1545 1879 1628 corporis
1910 1543 2311 1628 superficiem
2337 1542 2514 1607 idem
2552 1540 2849 1605 efficitur.

339 1647 552 1754 {gaam
657 1647 852 1713 Unde
899 1647 1196 1728 colligere
1243 1653 1362 1724 est,
1420 1667 1537 1729 pro
1589 1647 1837 1711 diversa
1892 1668 2087 1731 quam
2135 1647 2395 1711 Natura
2442 1646 2515 1708 in
2572 1651 2849 1727 utroque

343 1771 511 1832 itaque
531 1767 609 1817 hin
655 1749 884 1828 morbo
917 1755 1390 1832 praemonstrat
1417 1749 1520 1813 via
1562 1771 1637 1814 ac
1676 1749 1920 1828 ordine,
1952 1750 2149 1814 etiam
2184 1749 2499 1812 diversam
2545 1745 2849 1812 medendi

339 1835 634 1946 ffifgiiffifg
654 1853 972 1916 rationem
1009 1851 1267 1916 institui
1306 1850 1557 1916 debere.
1670 1853 2001 1917 Nimirum
2046 1853 2243 1935 siquis
2278 1851 2617 1916 materiam
2661 1870 2849 1916 verae

340 1963 612 2011 adhibenda
655 1955 864 2020 Pestis
909 1975 1028 2038 ope
1073 1955 1322 2028 sudoris
1375 1954 1627 2018 amoliri
1670 1961 1941 2038 satagat,
1972 1955 2028 2019 is
2072 1954 2321 2018 diversa
2371 1975 2411 2017 a
2451 1953 2713 2018 Natura
2744 1953 2851 2016 via

343 2037 432 2075 ω’
651 2057 914 2135 insistit,
943 2064 1172 2140 utpote
1202 2077 1367 2140 quae
1403 2056 1470 2120 id
1500 2078 1615 2140 per
1644 2065 2041 2140 apostemata
2076 2056 2379 2135 molitur3
2426 2065 2652 2121 contra
2678 2076 2849 2135 ver0,

654 2158 766 2242 qui
823 2159 979 2222 alias
1040 2180 1234 2241 quam
1292 2180 1408 2243 per
1469 2160 1733 2224 sudores
1792 2160 2015 2226 Febris
2072 2159 2446 2225 Pestilentis
2510 2159 2850 2223 materiam

653 2262 985 2327 eliminare
1023 2268 1258 2341 tentat,
1288 2264 1346 2325 is
1387 2283 1651 2327 cursum
1689 2264 1976 2329 instituit
2014 2285 2166 2328 cum
2203 2264 2499 2328 Naturae
2530 2263 2733 2327 ductu
2772 2281 2851 2325 ac

650 2363 820 2449 ῥοπῇ
867 2385 1280 2447 nequaquam
1331 2367 1845 2431 convenientem.
1944 2366 2109 2451 [22]
2151 2367 2497 2432 Caeterum
2541 2366 2612 2429 in
2658 2365 2850 2429 Peste

649 2487 819 2546 vera,
852 2488 1135 2551 quonam
1179 2468 1412 2534 idoneo
1449 2491 1524 2534 ac
1567 2476 1746 2535 certo
1788 2469 2222 2535 remediorum
2263 2489 2499 2554 genere
2536 2467 2851 2533 natiualis

650 2570 1018 2635 morbificae
1047 2572 1354 2637 materiae
1383 2573 1633 2656 ejecti0,
1658 2574 1727 2637 id
1754 2580 1874 2653 est,
1899 2580 2374 2657 apostematum
2404 2571 2675 2656 erupti0,
2705 2592 2851 2654 pro-

651 2674 892 2737 moveri
919 2674 1140 2757 possit,
1171 2675 1464 2740 nondum
1499 2682 1792 2755 constat3
1836 2677 1963 2740 nisi
1994 2676 2136 2759 quis
2164 2676 2331 2741 forte
2360 2675 2604 2739 victum
2639 2694 2853 2738 corro-

651 2776 994 2841 borantem
1032 2783 1226 2861 atque
1265 2778 1557 2843 cardiaca
1600 2778 1684 2843 ad
1724 2778 1890 2843 illud
1927 2780 2219 2844 conferre
2261 2799 2447 2862 posse
2490 2777 2849 2855 existimet;

655 2899 820 2962 quae
871 2887 1094 2944 tamen
1145 2882 1432 2945 multum
1492 2881 1853 2947 dubitarem
1914 2904 2001 2947 ne
2050 2904 2335 2965 aegrum,
2374 2882 2647 2965 jamjam
2706 2881 2853 2964 plus

657 3004 863 3067 aequo
915 2985 1357 3065 calescentem,
1403 2986 1474 3050 in
1521 2988 1832 3070 majorem
1884 2994 2136 3052 aestum
2180 2987 2545 3071 conjiciant.
2658 2984 2853 3050 Certe

350 3092 560 3139 Sudores
581 3088 634 3168 {n
655 3086 922 3159 sudores
971 3088 1044 3152 in
1102 3088 1225 3152 hoc
1281 3109 1434 3152 casu
1483 3087 1727 3153 frustra
1782 3110 1921 3155 esse
1966 3090 2546 3174 compertissimum
2602 3088 2853 3167 habeo;

348 3157 633 3268 gfftssglfff‘
659 3210 1030 3274 quanquam
1085 3189 1264 3261 haud
1319 3191 1588 3270 inficior,
1648 3198 1794 3275 post
1852 3214 2122 3276 magnos
2181 3193 2445 3257 sudores
2504 3190 2586 3256 ad
2650 3192 2855 3256 trium

348 3299 605 3397 ssuuss‘iffm
659 3300 1013 3375 quatuorve
1052 3291 1360 3356 horarum
1406 3294 1689 3377 spatium
1734 3296 2079 3380 productos
2123 3317 2197 3360 ac
2244 3296 2478 3360 deinde
2524 3294 2853 3378 abruptos,

531 3385 546 3399 ’
655 3400 980 3458 tumorem
1007 3414 1077 3457 se
1103 3394 1177 3457 in
1198 3402 1615 3479 conspectum
1646 3397 1817 3477 dare,
1842 3419 2033 3481 quem
2064 3418 2185 3481 ego
2215 3419 2254 3462 a
2282 3397 2512 3463 sudore
2540 3396 2857 3481 proficisci

657 3496 925 3561 minime
997 3496 1312 3576 arbitron
1391 3505 1619 3583 utpote
1693 3522 1821 3584 quo
1890 3500 2150 3584 vigente
2220 3501 2477 3565 nullum
2550 3506 2859 3585 appareat

658 3598 1014 3681 eruptionis
1053 3598 1388 3679 indicium,
1418 3601 1606 3666 finito
1646 3602 1927 3686 quidem,
1966 3603 2169 3667 veluti
2211 3622 2327 3686 per
2365 3601 2659 3667 accidens
2702 3623 2859 3667 con·

657 3706 1002 3783 sequatur3
1045 3700 1358 3766 nimirum
1387 3724 1537 3769 cum
1567 3705 1708 3789 jam
1744 3706 2025 3790 aliquam
2064 3705 2349 3770 sarcinae
2386 3711 2659 3789 partem,
2690 3722 2860 3789 quae

657 3802 986 3869 Naturam
1010 3805 1158 3889 plus
1188 3806 1344 3869 satis
1374 3807 1701 3889 gravabat,
1731 3808 1995 3874 sudores
2026 3808 2436 3888 abstulerint,
2454 3829 2529 3872 ac
2556 3828 2787 3892 corpus
2817 3828 2858 3872 a

658 3905 966 3971 cardiacis
995 3907 1079 3971 ad
1109 3907 1518 3992 diaphoresin
1557 3911 1995 3976 suscitandam
2028 3910 2383 3995 propinatis
2411 3908 2867 3975 vehementius

659 4008 1026 4074 incalascat.
1114 4010 1366 4075 Verum
1395 4033 1589 4095 quam
1628 4013 1825 4078 fallax
1864 4020 1932 4079 et
1974 4014 2176 4079 infida
2204 4014 2289 4079 sit
2327 4013 2486 4078 haec
2528 4012 2857 4097 peccantis

658 4112 968 4176 materiae
997 4134 1113 4197 per
1144 4121 1544 4197 apostemata
1572 4137 1615 4179 a
1640 4116 1981 4181 sudoribus
2019 4116 2189 4180 foras
2226 4124 2531 4181 evocatan
2556 4116 2857 4181 extermi-

659 4212 862 4293 nati0,
904 4221 1112 4280 testor
1154 4216 1444 4283 funestos
1496 4238 1721 4282 eorum
1764 4219 1974 4283 exitus
2018 4218 2131 4303 qui
2178 4218 2303 4283 hoc
2352 4218 2546 4283 modo
2595 4216 2859 4283 tractati

659 4314 946 4396 fuerunt,
971 4337 1007 4381 e
1039 4317 1272 4400 quibus
1294 4320 1400 4382 vix
1426 4320 1659 4383 tertius
1682 4321 1949 4404 quisque
1978 4323 2075 4403 (ut
2104 4320 2574 4385 modestissime
2597 4320 2853 4402 dicam,)

1181 4442 1206 4465 ⁸
1239 4446 1448 4509 evocata]
1467 4449 1536 4496 sic
1561 4448 1667 4497 edd.
1691 4450 1784 4507 '68‚
1803 4450 1898 4509 76,
1922 4458 2118 4498 —eatae
2141 4450 2213 4499 ed.
2241 4452 2335 4500 ’85.
