3138 5006
429 460 582 508 vum.

366 2804 588 2852 Mentem

366 2869 591 2917 Pessula-

367 2948 487 2981 num
511 2949 595 2997 pe-

366 2998 459 3046 tiit.

367 3834 482 3881 Alia
505 3833 564 3880 de

367 3898 618 3977 Svdenba-

363 3980 464 4012 11110
485 3976 648 4025 opimo

365 4030 488 4076 falsa
509 4044 584 4075 re-

365 4093 567 4141 fellitur.

668 301 711 343 x
1293 279 1682 344 THOMAE
1733 279 2249 344 SYDENHAM

669 441 932 505 laudata
959 441 1252 524 Epistola
1291 441 1374 504 ad
1413 442 1581 504 D¹¹²¹¹¹¹
1614 443 1964 506 Doctorem
2004 441 2353 524 Mapletoft
2392 441 2451 523 (e
2492 462 2621 523 qua
2658 439 2877 504 omnia

670 543 804 606 fere
849 564 927 606 ea
971 564 1134 626 quae
1179 543 1258 606 de
1301 543 1470 606 tanti
1517 543 1661 606 Viri
1704 544 1838 607 vita
1882 543 1964 607 ad
2007 551 2295 606 nostram
2340 543 2642 607 notitiam
2684 563 2874 604 vene-

669 652 826 708 runt
866 644 1225 709 haurienda
1267 647 1464 728 sunt,)
1511 645 1719 709 verbis
1759 645 1975 728 paullo
2015 653 2168 709 ante
2214 645 2506 708 adductis
2544 645 2876 728 perspicue

669 754 913 825 narrat,
955 768 1042 826 se,
1073 754 1219 830 post
1263 747 1506 830 aliquot
1549 747 1623 810 in
1653 747 2089 812 Universitate
2120 747 2475 812 Oxoniensi
2516 753 2877 810 transactos

672 871 896 929 annos,
958 849 1221 914 demum
1281 849 1657 914 Londinum
1718 870 2039 914 reversum
2098 851 2279 914 Artis
2348 849 2647 914 exercitio
2712 848 2877 912 serio

671 952 1074 1031 incubuisse;
1153 952 1325 1034 quod
1383 974 1532 1015 011111
1592 953 1848 1016 intento
1915 951 2263 1016 admodum
2329 952 2515 1017 oculo
2572 950 2877 1033 omnique

671 1053 962 1118 adhibita
1011 1053 1346 1137 diligentia
1390 1054 1784 1138 aliquamdiu
1834 1055 2247 1132 observasset,
2296 1055 2367 1118 in
2418 1075 2561 1118 eam
2608 1052 2875 1117 tandem

672 1156 989 1222 deductus
1019 1163 1117 1220 est
1148 1158 1556 1235 sententiam,
1590 1158 1808 1241 (quam
1838 1165 1903 1222 et
1926 1163 2137 1222 aetate
2165 1157 2519 1240 provectior
2538 1157 2875 1220 inconcus-

673 1281 806 1322 sam
841 1259 1154 1342 retinuit,)
1194 1265 1235 1294 “
1256 1260 1426 1323 hanc
1455 1261 1685 1324 Artem
1725 1260 1901 1323 haud
1945 1259 2183 1324 rectius
2226 1259 2708 1342 perdiscendam
2738 1279 2877 1321 esse

674 1383 868 1444 quam
895 1362 1098 1445 ipsius
1127 1362 1308 1426 Artis
1345 1363 1647 1427 exercitio
1674 1369 1741 1426 et
1770 1363 1960 1425 usu.”
2052 1361 2238 1426 Quae
2269 1361 2527 1445 quidem
2555 1361 2749 1426 verba
2775 1361 2875 1423 lu-

670 1464 1111 1528 culentissime
1157 1464 1436 1547 probant
1486 1486 1593 1528 me
1653 1485 1911 1528 sensum
1960 1464 2392 1547 responsionis
2440 1465 2563 1528 D¹²⁰
2606 1463 2877 1529 Doctori

673 1566 1058 1630 Blaekmore
1089 1566 1278 1630 datae
1305 1573 1480 1630 recte
1508 1567 1885 1650 percepisse.

751 1668 872 1752 [8.]
915 1668 1177 1732 Poterat
1197 1690 1450 1752 quoque
1466 1668 1654 1732 istius
1675 1669 2142 1734 criminationis
2164 1669 2409 1734 falsitas
2428 1668 2581 1732 inde
2597 1667 2874 1751 probari,

667 1769 843 1854 quod
871 1770 1347 1854 Sydenhamius
1369 1771 1442 1834 in
1459 1771 1591 1834 suis
1617 1771 1869 1854 scriptis
1886 1772 2244 1834 multorum
2266 1778 2333 1836 et
2356 1771 2456 1834 sui
2478 1770 2784 1854 temporis
2807 1777 2877 1834 et

666 1872 896 1955 prioris
925 1872 1158 1936 aetatis
1188 1873 1601 1936 Medicorum
1636 1872 1835 1936 libros
1866 1873 2225 1950 adduxerit,
2257 1894 2611 1956 eorumque
2639 1873 2877 1956 placita

669 1996 784 2037 sua
811 1974 1011 2057 ipsius
1042 1974 1438 2057 experientia
1466 1980 1580 2037 aut
1608 1974 2001 2051 refutaverit,
2024 1981 2137 2037 aut
2168 1975 2659 2038 confirmaverit.
2744 1974 2875 2038 Sed

667 2073 832 2138 falsa
857 2077 971 2139 illa
998 2075 1214 2158 opinio
1245 2075 1326 2138 ab
1357 2075 1434 2138 iis
1463 2075 1871 2158 potissimum
1902 2075 2264 2157 excogitata
2300 2081 2493 2157 atque
2522 2081 2876 2158 propagata

669 2197 826 2254 esse,
858 2184 926 2241 et
955 2177 1166 2240 adhuc
1207 2176 1439 2240 acriter
1469 2176 1747 2253 defendi,
1778 2176 2049 2254 videtur,
2083 2176 2195 2259 qui
2226 2197 2378 2240 suae
2406 2176 2699 2259 ignaviae
2727 2198 2873 2259 pro-

668 2277 949 2342 babilem
1001 2278 1283 2361 aliquam
1333 2285 1657 2361 quaerunt
1714 2278 2232 2342 excusationem:
2310 2278 2364 2340 si
2422 2278 2617 2356 enim,
2666 2278 2871 2355 aiunt,

673 2380 1153 2464 Sydenhamiu·
1186 2380 1366 2444 Artis
1409 2402 1535 2444 usu
1579 2386 1643 2442 et
1688 2380 2073 2463 scriptorum
2117 2380 2441 2444 editorum
2482 2380 2876 2464 praestantia

671 2483 810 2546 sine
855 2483 1112 2567 praevio
1162 2478 1528 2547 Medicinae
1571 2480 1786 2546 ,studio
1830 2488 2129 2547 accurato
2172 2481 2453 2546 nominis
2494 2481 2873 2547 immortali-

669 2590 875 2647 tatem
903 2584 1161 2662 meruit,
1194 2584 1302 2647 alii
1332 2604 1587 2667 quoque
1626 2584 1899 2647 eandem
1928 2583 2099 2648 viam
2128 2583 2358 2648 eodem
2395 2605 2545 2647 011111
2574 2605 2874 2648 successu

673 2685 934 2768 ingredi
960 2692 1288 2770 poterunt.

770 2786 898 2873 [9.]
945 2788 1181 2871 Neque
1219 2788 1558 2853 discendae
1587 2788 1767 2852 Artis
1811 2788 2109 2854 Medicae
2154 2788 2637 2873 opportunitate
2678 2810 2873 2873 quam

674 2890 1001 2955 Oxonium
1059 2890 1514 2974 suppeditabat
1566 2897 1913 2955 contentus
1970 2892 2115 2971 fuit,
2165 2892 2278 2955 sed
2335 2893 2551 2975 (Petro
2602 2891 2875 2955 Desault

669 2998 837 3057 teste
845 2992 907 3077 2)
945 2992 1249 3058 Montem
1293 2994 1741 3071 Pessulanum,
1773 2992 1887 3056 ubi
1920 3000 2080 3058 tunc
2112 2994 2419 3077 temporis
2464 2993 2878 3057 celeberrima

672 3102 738 3158 et
797 3096 1076 3159 maxime
1131 3095 1542 3178 frequentata
1594 3094 1827 3158 Schola
1883 3094 2144 3158 Medica
2201 3096 2490 3175 florebat,
2540 3096 2747 3178 petiit,
2798 3103 2876 3159 ut

673 3197 911 3261 Oxonii
939 3198 1280 3261 collectum
1313 3196 1638 3260 Scientiae
1672 3195 1972 3261 Medicae
2010 3197 2389 3262 thesaurum
2426 3199 2634 3282 magis
2664 3198 2875 3262 adhuc

671 3299 1114 3383 locupletaret.
1206 3298 1391 3363 Adeo
1419 3299 1613 3381 longe
1650 3298 1873 3363 aberat
1905 3299 2383 3385 Sydenhamius
2413 3302 2493 3366 ab
2525 3302 2704 3365 omni
2732 3324 2873 3365 aca-

674 3401 964 3465 demicae
1003 3400 1432 3465 institutionis
1483 3406 1881 3484 contemptu,
1929 3408 2123 3485 atque
2170 3424 2211 3465 a
2254 3424 2421 3467 vana
2465 3404 2875 3487 persuasione

674 3502 1001 3567 Medicam
1051 3502 1284 3567 Artem
1331 3524 1467 3565 non
1518 3501 1645 3566 nisi
1687 3524 1805 3585 per
1855 3505 2311 3587 experimenta,
2359 3526 2523 3588 quae
2568 3528 2877 3589 magnam

674 3612 928 3688 partem
958 3627 1108 3670 cum
1139 3605 1454 3683 sanitatis,
1487 3603 1646 3688 quin
1674 3605 1842 3669 vitae
1872 3606 2032 3669 adeo
2060 3607 2486 3691 plurimorum
2513 3609 2873 3688 hominum,

676 3706 915 3770 damno
945 3708 1402 3785 instituuntur,
1435 3707 1593 3771 disci
1622 3708 1844 3790 posse!
2047 3787 2053 3793 Ι

771 3808 936 3892 [10.]
979 3810 1245 3873 Praeter
1264 3808 1422 3873 haec
1447 3830 1608 3893 quae
1637 3810 1796 3873 falso
1818 3808 1899 3873 de
1932 3810 2365 3895 Sydenhamio
2396 3834 2435 3876 a
2462 3813 2705 3877 coaevis
2727 3834 2875 3877 nar-

602 3962 614 3974 .
671 3918 816 3975 rata
845 3918 1019 3990 sunt,
1051 3911 1213 3974 illud
1243 3933 1517 3997 quoque,
1553 3912 2062 3997 Sydenhamium
2109 3914 2431 3978 tricesimo
2479 3915 2739 3979 demum
2770 3938 2875 3979 ae-

671 4017 826 4082 tatis
848 4039 1021 4081 anno
1034 4018 1224 4084 'Artis
1254 4018 1632 4082 exercitium
1652 4025 1929 4083 tractare
1958 4020 2257 4102 coepisse,
2290 4021 2576 4103 quamvis
2596 4021 2753 4099 leve,
2778 4029 2875 4085 ta-

673 4142 827 4185 men
855 4142 1005 4185 cum
1033 4122 1290 4185 veritati
1325 4120 1721 4185 contrarium
1750 4120 1853 4199 sit,
1884 4120 2138 4184 silentio
2168 4122 2594 4205 praetermitti
2626 4123 2875 4206 nequit.

676 4225 860 4288 Haec
892 4230 1113 4288 autem
1143 4224 1360 4307 opinio
1392 4246 1576 4287 suam
1606 4222 1924 4304 originem
1945 4222 2113 4287 male
2142 4222 2471 4288 intellecto
2491 4224 2633 4288 loco
2662 4224 2875 4303 debet,

737 4400 754 4432 ¹
795 4405 1000 4452 Treatise
1045 4421 1098 4450 on
1145 4407 1219 4450 the.
1275 4403 1494 4451 Venereal
1531 4403 1733 4449 Dialem·
1821 4402 1939 4448 John
1974 4403 2175 4458 Andree,
2198 4402 2330 4451 M.D.
2359 4402 2579 4458 London,
2607 4402 2744 4452 1738.
2769 4405 2873 4451 SVO.

665 4484 753 4528 per
783 4469 858 4531 ᾇο.
891 4470 1149 4515 translated
1173 4466 1300 4527 from
1345 4471 1416 4515 the
1457 4469 1637 4515 French
1675 4469 1731 4527 by
1821 4481 1866 4527 p.
1892 4466 2001 4513 296.
