3138 5006
609 293 1407 362 OBSERVATIONUM
1450 286 2024 360 MEDICARUM
2067 300 2132 353 V.
2171 306 2221 353 o.
2395 295 2524 358 23⁷

323 451 520 514 etiam
563 452 716 515 cieri
758 453 865 517 hic
910 461 1161 536 poterat
1202 453 1399 518 sudor
1440 453 1582 519 sine
1626 454 1880 538 ingenti
1919 473 2257 536 aegrorum
2303 451 2524 516 discri-
2587 462 2796 512 Amce·

320 555 517 633 mine,
560 555 671 638 qui
712 556 781 620 in
823 556 1169 640 phrenesin
1222 558 1473 640 aliaque
1514 563 1946 642 symptomata
1986 554 2523 639 periculosissima
2567 542 2804 642 ''Hoffiff‘

320 679 473 722 mox
502 680 541 721 a
568 667 787 723 coacto
816 660 1045 724 sudore
1066 658 1670 745 praecipitabantur.
1725 659 1811 722 In
1841 657 2046 722 Febre
2075 657 2519 736 Pestilentiali,

322 780 485 842 quae
528 760 697 824 hanc
718 751 1001 845 -quidem
1044 762 1387 826 subsecuta
1428 768 1545 841 est,
1593 760 2256 844 (inflammatoriarum
2299 765 2520 825 autem

318 863 611 926 omnium
640 883 805 947 quae
848 863 930 927 ab
964 864 1075 928 illo
1117 871 1405 947 tempore
1446 863 1734 926 invasere
1777 862 2048 926 chorum
2090 860 2319 944 duxit)
2353 859 2520 924 nulli

320 964 581 1029 sudores
634 973 860 1049 sponte
912 987 1029 1030 sua
1072 964 1596 1051 prorumpebant,
1647 970 1716 1029 at
1768 986 1807 1028 a
1857 963 2210 1028 sudorificis
2257 963 2522 1027 excitari

316 1074 615 1150 poterant
634 1069 737 1133 vel
762 1069 987 1153 primis
1012 1068 1223 1133 morbi
1250 1069 1495 1147 diebus,
1520 1074 1714 1151 atque
1731 1067 1809 1130 iis
1839 1066 2038 1130 semel
2059 1065 2300 1130 obortis
2330 1086 2522 1149 aeger

314 1169 495 1233 nullo
522 1191 659 1234 non
687 1177 1114 1254 symptomate
1134 1169 1484 1234 levabatur.
1562 1168 1768 1233 Febre
1797 1169 2084 1253 proxime
2113 1168 2516 1247 succedente,

317 1291 481 1354 quae
520 1272 811 1336 Variolas
867 1272 946 1336 iis
998 1272 1184 1336 annis
1234 1270 1664 1336 comitabatur
1709 1270 1942 1354 quibus
1997 1270 2145 1334 illae
2193 1269 2518 1353 regulares

316 1381 519 1453 erant,
545 1396 733 1458 aeger
763 1398 878 1440 sua
906 1383 1133 1459 sponte
1164 1374 1561 1440 effusissimis
1591 1373 1930 1438 sudoribus
1958 1380 2136 1438 totus
2167 1373 2516 1440 dimanavit

312 1476 415 1540 vel
442 1496 483 1540 a
520 1477 729 1542 morbi
766 1477 991 1556 initio3
1038 1483 1105 1541 at
1146 1477 1257 1560 qui
1284 1477 1426 1540 istis
1468 1475 1849 1558 indulgebat
1891 1496 2104 1559 aeger,
2133 1473 2516 1538 intendebat

312 1577 482 1642 illico
510 1585 941 1664 symptomata
982 1579 1220 1657 omnia,
1250 1578 1427 1642 haud
1465 1578 1826 1661 mitigabat.
1926 1579 2011 1642 In
2039 1577 2212 1642 binis
2239 1578 2365 1641 illis
2395 1578 2514 1642 Fe-

312 1677 535 1742 bribus
568 1701 731 1762 quae
760 1679 1009 1744 duabus
1032 1679 1441 1744 Variolarum
1462 1679 1930 1744 Anomalarum
1959 1679 2290 1763 speciebus
2320 1691 2514 1764 atque

312 1780 711 1864 Dysenteriis
741 1803 809 1846 se
838 1782 1103 1848 comites
1132 1781 1595 1866 adjungebant,
1620 1789 1686 1845 et
1716 1781 1976 1846 sudores
2007 1782 2286 1846 anomali
2315 1784 2514 1846 etiam

308 1887 507 1964 fuere,
554 1891 621 1950 at
657 1887 1034 1970 plerumque
1078 1886 1226 1950 solis
1268 1886 1493 1970 primis
1537 1885 1764 1964 diebus
1807 1893 2152 1966 exeuntes3
2203 1887 2354 1950 licet
2400 1888 2514 1970 qui

308 1988 582 2072 primam
632 1988 905 2053 Febrem
947 1988 1374 2054 comitabatur
1424 1988 1638 2067 sudor,
1679 2009 1874 2072 quam
1919 1989 2030 2071 qui
2071 1989 2510 2072 posteriorem,

310 2091 769 2174 aliquantisper
808 2097 975 2156 esset
1009 2091 1360 2174 copiosior:
1406 2091 1522 2155 sed
1550 2091 1622 2153 in
1655 2096 1890 2154 neutra
1919 2091 2356 2155 emolumento
2385 2092 2512 2156 fuit

308 2213 519 2275 aegrO,
550 2213 699 2257 cum
726 2214 861 2257 non
900 2215 939 2257 a
964 2193 1221 2276 praevia
1247 2193 1680 2271 concoctione,
1714 2192 1827 2256 sed
1865 2215 1906 2256 a
1933 2191 2201 2257 confuso
2229 2194 2509 2276 particu-

305 2294 514 2358 larum
542 2296 881 2359 noxiarum
910 2304 1112 2374 motu,
1142 2297 1198 2359 is
1229 2296 1585 2360 eliceretur.
2535 2318 2762 2382 Cognitio

404 2398 525 2481 [7.]
578 2398 878 2463 Arduum
914 2419 1063 2463 vero
1098 2398 1169 2463 id
1202 2399 1365 2462 mihi
1386 2398 1719 2483 ,imprimis
1747 2397 2020 2477 videtur,
2050 2418 2254 2462 novae
2284 2398 2506 2462 Febris
2531 2384 2709 2446 ⁸P⁹⁰i⁰⁵
2729 2402 2816 2434 ¹¹⁰·

304 2502 599 2585 speciem,
631 2510 923 2567 vertente
957 2503 1241 2587 primum
1275 2502 1433 2567 anni
1462 2499 1967 2581 Constitutione,
1995 2501 2323 2586 indagare,
2354 2524 2504 2567 cum
2529 2449 2810 2590 ἶὲἕιεῖιῖω

303 2604 579 2668 necdum
622 2606 949 2688 specimen
993 2607 1131 2689 ejus
1172 2605 1430 2689 aliquod
1467 2605 1611 2690 quis
1650 2606 1851 2670 oculis
1888 2606 2311 2689 usurpaverit,
2353 2630 2502 2672 nec·
2526 2593 2795 2692 Ξὲιῖῗῗὲη-

302 2709 458 2773 dum
479 2709 803 2774 resciverit
829 2712 1201 2794 qualesnam
1223 2712 1484 2775 demum
1507 2711 1639 2775 sint
1660 2711 1867 2774 futuri
1895 2710 2104 2775 morbi
2126 2711 2499 2793 Epidemioi,
2528 2706 2794 2785 stitutiqqe,

302 2833 459 2895 quos
488 2819 565 2876 ut
592 2812 945 2896 plurimum
966 2813 1189 2877 Febris
1216 2814 1584 2898 praevertit.
1675 2814 2032 2878 Molestum
2054 2820 2220 2878 esset
2250 2814 2503 2897 singula
2525 2772 2814 2899 ἓεξιρὲξῖἒῖιε

300 2935 678 2978 enumerare
710 2936 873 2997 quae
900 2915 979 2979 iis
1018 2917 1227 2996 annis,
1259 2915 1339 2980 de
1376 2916 1610 2999 quibus
1640 2916 1763 2999 egi,
1795 2916 2233 2994 occurrebant,
2267 2938 2392 2999 quo
2424 2916 2500 2978 li-
2524 2903 2789 3009 :cem-235³-

301 3024 525 3101 queret
564 3038 751 3081 ansas
788 3017 966 3082 haud
1004 3017 1304 3083 obscuras
1345 3040 1385 3083 a
1426 3019 1686 3083 Natura
1721 3017 1908 3083 nobis
1953 3019 2230 3101 suggeri,
2269 3018 2500 3102 quibus
2526 2978 2807 3078 effingi-ti-

299 3119 503 3203 adjuti
544 3119 669 3183 hoc
710 3126 1036 3203 praestare
1077 3120 1438 3199 valeamus3
1502 3140 1576 3184 ac
1617 3119 1886 3203 proinde
1929 3119 2212 3203 cognitio
2255 3120 2414 3183 haec
2463 3142 2503 3184 a
2524 3106 2665 3204 {3¹}ss
2688 3108 2794 3206 εἰ·

295 3221 705 3304 perdiligenti
755 3228 949 3305 atque
1000 3222 1475 3287 accuratissima
1532 3221 2160 3285 circumstantiarum
2209 3221 2502 3285 omnium
2524 3222 2795 3347 Ξῖᾟὲυο

296 3321 737 3387 observatione
764 3323 1121 3388 necessario
1149 3322 1477 3406 pendebit.
1579 3323 1700 3407 [8.]
1757 3323 2251 3390 Quantumlibet
2281 3329 2499 3389 autem
2526 3363 2766 3415 Indicatio
2779 3385 2808 3417 ,ι

296 3426 549 3491 difficile
590 3426 660 3490 id
710 3427 924 3506 fuerit,
964 3428 1097 3491 imo
1150 3428 1206 3490 si
1255 3433 1321 3491 et
1362 3426 1754 3511 impossibile
1796 3427 1987 3511 plane
2039 3448 2494 3511 supponamus,
2516 3428 2806 3510 jl¹v⁸¹¹fib¹¹3

293 3550 495 3593 novae
538 3529 779 3610 Febris,
824 3530 939 3593 ubi
982 3529 1267 3613 primum
1307 3529 1688 3613 ingreditur,
1730 3531 2005 3613 speciem
2049 3537 2224 3594 certo
2269 3529 2494 3593 distin-
2519 3493 2809 3610 fflffffing.

296 3652 525 3714 gum-33
570 3639 811 3711 tamen,
834 3632 915 3696 ad
946 3632 1349 3696 curationem
1378 3631 1550 3715 quod
1581 3632 1835 3711 attinet,
1865 3632 2173 3696 indicam
2204 3653 2244 3695 θ’
2263 3632 2493 3716 juvan·
2518 3622 2772 3737 ξιῗᾱῖῗιέἒι

293 3737 468 3801 tibus
502 3745 568 3802 et
594 3739 998 3803 laedentibus
1034 3739 1349 3803 sumenda
1380 3738 1566 3803 nobis
1608 3738 1835 3803 saltem
1872 3738 2274 3821 relinquitur,
2311 3738 2494 3821 cujus
2516 3750 2688 3825 saltem
2709 3770 2785 3803 re-

294 3862 415 3923 ope
456 3840 625 3905 viam
667 3841 979 3925 paulatim
1021 3848 1518 3924 praetentantes,
1560 3863 1826 3925 aegrum
1875 3843 1946 3906 in
1989 3848 2134 3907 tuto
2176 3841 2494 3925 possimus
2517 3814 2772 3944 &2⁰33-

292 3943 621 4023 collocare,
650 3944 842 4009 modo
878 3966 961 4009 ne
996 3945 1141 4028 plus
1183 3944 1337 4008 satis
1366 3965 1818 4028 properemus3
1864 3966 1992 4028 qua
2029 3944 2288 4029 quidem
2317 3943 2493 4007 festi·
2520 3958 2638 4007 dum
2661 3976 2778 4009 con-

292 4047 558 4111 natione
584 4046 751 4110 nihil
770 4068 890 4129 ego
920 4048 1261 4131 quicquam
1292 4048 1610 4112 exitialius
1641 4069 1778 4113 esse
1808 4056 2092 4127 autumn,
2115 4068 2236 4111 nec
2262 4066 2336 4110 re
2361 4046 2497 4109 ulla
2519 4026 2774 4151 ζζξξεξζὶᾶ

292 4150 415 4214 alia
444 4150 975 4215 Febricitantium
1009 4151 1222 4235 plures
1262 4152 1395 4215 vita
1439 4151 1714 4234 spoliari.
1732 4176 1746 4191 ·
1805 4150 2038 4234 Neque
2068 4150 2269 4233 pudet
2308 4148 2497 4213 fateri
2520 4151 2656 4211 dum,
2679 4154 2802 4203 nihil

291 4277 395 4319 me
444 4276 579 4319 non
624 4255 822 4319 semel
863 4256 934 4319 in
978 4256 1277 4320 curandis
1308 4254 1640 4333 Febribus,
1681 4254 1796 4317 ubi
1839 4254 2130 4317 nondum
2174 4258 2496 4316 constaret
2519 4217 2783 4331 ’11ξὲΞῖζῇ

292 4360 445 4442 quid
486 4360 649 4423 mihi
694 4360 1015 4443 agendum
1061 4368 1246 4438 esset,
1292 4360 1456 4423 nihil
1508 4381 1768 4441 prorsus
1821 4358 2070 4441 agendo
2114 4364 2179 4420 et
2223 4357 2384 4420 mihi
2429 4364 2495 4421 et
2517 4348 2804 4459 ἓξξῖἒοὲξξ]

293 4484 480 4545 aegro
512 4464 905 4527 consuluisse
943 4464 1221 4547 optime,
1270 4462 1426 4526 dum
1458 4463 1632 4526 enim
1663 4463 1886 4526 morbo
1916 4460 2334 4544 invigilarem,
2369 4481 2494 4543 quo
2517 4474 2647 4524 litur.
