3138 5006
733 234 1342 301 DISSERTATIO
1388 238 2004 304 EPISTOLARIS.
2343 206 2474 307 349

277 418 413 461 non
457 396 781 462 dormiens
812 396 983 463 bene
1022 398 1389 483 compositis
1434 420 1508 463 ac
1558 398 1794 465 sedatis
1835 400 2092 465 fruatur
2134 400 2480 485 spiritibus,
2510 420 2595 469 Du
2623 422 2792 473 vim-

280 502 479 585 (quod
514 501 595 567 ab
635 511 966 586 assumpto
993 504 1274 568 laudano
1302 525 1606 588 persaepe
1645 505 1922 587 accidit)
1957 505 2050 569 ita
2083 506 2280 570 etiam
2319 529 2482 572 non·
2509 489 2792 600 ⁰1¹3?ssss-

274 627 613 690 nunquam
642 607 717 669 fit
746 613 821 670 ut
850 606 1111 690 spiritus
1132 607 1578 672 vehementius
1606 607 1835 691 agitati
1861 607 2169 672 laudabili
2195 609 2483 691 pustula-
2753 589 2767 620 ³

272 732 421 775 rum
472 710 809 795 eruptioni
844 711 1151 790 officiant,
1200 712 1398 776 etiam
1442 712 1557 777 ubi
1597 732 1788 795 aeger
1830 713 2113 776 multum
2165 712 2478 777 dormiat:

276 814 477 899 quodt
507 814 953 879 observatione
982 814 1273 898 dignum.

372 918 537 1002 [33.]
594 918 691 982 Ut
722 918 801 981 de
838 938 1073 1001 genere
1109 917 1556 1001 anodynorum
1583 916 1722 1000 jam
1751 918 2010 999 loquar:
2057 916 2317 981 tametsi
2354 938 2474 1000 ego
2502 927 2616 979 Quo
2627 932 2786 980 nomi.

270 1042 315 1084 a
369 1020 593 1084 multis
652 1020 841 1083 annis
897 1020 1253 1083 laudanum
1309 1018 1629 1102 liquidum
1698 1019 1853 1083 satis
1911 1019 2239 1102 auspicato
2297 1019 2472 1083 exhi-
2497 1008 2560 1105 ’ἐξ
2573 1010 2782 1108 mg?

271 1122 531 1187 buerim
580 1123 829 1206 quoties
869 1123 1021 1187 huic
1058 1122 1441 1187 iudicationi
1481 1121 2004 1187 satisfaciendum
2041 1128 2198 1199 erat,
2221 1121 2472 1218 ‘nihilo-
2497 1124 2772 1235 niollauda-

266 1226 488 1290 minus
533 1247 843 1311 syrupum
881 1226 961 1290 de
1003 1226 1297 1290 meconio
1329 1224 1454 1309 ipsi
1487 1224 1980 1308 praeferendum
2009 1245 2274 1303 cense03
2319 1224 2470 1290 licet
2495 1196 2770 1313 ἓξῃζὲἷτξέξ

268 1329 447 1393 enim
482 1334 831 1411 utrumque
876 1328 962 1392 ad
995 1328 1274 1391 eundem
1315 1348 1580 1411 scopum
1619 1326 1953 1409 dirigatur,
1989 1332 2210 1391 tamen
2247 1327 2468 1392 lauda-
2497 1318 2604 1366 ‘¹¹²⁸-

266 1452 431 1495 num
488 1432 683 1514 paulo
731 1432 937 1514 magis
997 1431 1341 1495 calefacere
1392 1430 1553 1494 mihi
1603 1429 1875 1508 videtur,
1925 1451 2199 1513 syrupus
2249 1437 2470 1493 autem

267 1536 506 1599 minus.
595 1534 804 1599 Dosin
862 1534 1033 1618 quod
1092 1540 1339 1618 spectat
1398 1533 1639 1617 syrupi,
1698 1554 1776 1597 ea
1831 1554 1966 1597 non
2025 1533 2233 1597 solum
2291 1534 2470 1616 aegri
2497 1544 2643 1594 Dosis
2652 1563 2784 1611 sym-

268 1638 470 1702 aetati
511 1643 609 1702 est
650 1637 1033 1722 adaptanda,
1072 1636 1187 1701 sed
1230 1642 1295 1701 et
1336 1642 1842 1720 symptomatum
1887 1635 2152 1717 gradui3
2197 1642 2263 1699 et
2303 1657 2467 1719 quae
2491 1617 2774 1737 {ffiffifitzffi

269 1738 537 1820 homini,
570 1740 681 1824 qui
711 1741 964 1804 sedatos
994 1739 1191 1804 habet
1222 1739 1483 1822 spiritus
1513 1746 1580 1803 et
1607 1738 1807 1823 probe
1835 1738 2240 1822 compositos,
2263 1738 2468 1803 nimia
2492 1740 2715 1803 aptanda.

266 1842 434 1907 forte
478 1844 619 1922 erit,
650 1844 856 1922 alteri,
889 1844 1073 1927 cujus
1116 1842 1378 1926 spiritus
1416 1842 1738 1906 ferociunt
1781 1841 2007 1925 magiS,
2037 1841 2142 1905 vix
2172 1842 2462 1906 sufficiet.

266 1945 563 2029 Exempli
607 1946 833 2030 gratia,
871 1968 1189 2030 ponamus
1227 1946 1299 2009 in
1344 1965 1580 2029 genere
1619 1966 1727 2009 sex
1769 1945 2104 2009 drachmas
2144 1945 2466 2029 plerisque

266 2048 643 2113 convenire:
690 2050 829 2132 jam
869 2049 943 2113 in
986 2049 1356 2126 Variolosis,
1398 2048 1650 2133 quoties
1699 2048 1770 2112 id
1811 2048 2080 2111 remedii
2121 2048 2460 2127 indicatur,

266 2150 371 2215 vix
418 2151 595 2215 intra
641 2152 921 2231 unciam,
963 2152 1017 2215 si
1071 2152 1225 2237 quid
1268 2158 1593 2235 praestare
1637 2152 1925 2231 velimus,
1967 2158 2066 2215 est
2109 2151 2462 2215 subsisten-

266 2254 461 2333 dum3
508 2275 671 2337 quae
712 2255 971 2339 quidem
1012 2255 1339 2339 quantitas
1378 2254 1650 2339 singulis
1691 2256 1934 2319 vicibus
1968 2253 2194 2319 morbo
2239 2254 2462 2318 decur-

264 2363 451 2421 rente
490 2357 865 2441 imperanda
902 2366 1021 2422 est.
1110 2359 1213 2422 De
1253 2358 1491 2422 adultis
1536 2358 1787 2442 agimus
1824 2358 2462 2441 impraesentiarum3
2489 2370 2566 2419 De
2587 2372 2769 2423 adultis

264 2459 528 2539 etenim,
582 2460 636 2524 si
677 2460 1037 2526 infantibus
1088 2461 1484 2546 propinetur,
1538 2460 1710 2526 dosis
1767 2483 1884 2546 pro
1933 2462 2184 2526 ratione
2232 2461 2462 2526 aetatis
2485 2451 2778 2566 ξζξξζζζζὲἳ·

264 2563 388 2628 erit
427 2564 799 2629 minuenda.
887 2565 975 2628 Et
1014 2586 1172 2629 sane
1208 2565 1580 2648 paregorica
1617 2587 1750 2630 non
1787 2565 2056 2649 perinde
2093 2565 2465 2629 indicantur
2487 2573 2593 2614 tur:

262 2667 337 2732 in
374 2667 733 2732 infantibus
769 2668 1138 2748 Variolosis,
1170 2690 1245 2733 ac
1278 2669 1351 2731 in
1390 2668 1834 2748 adultioribus,
1866 2690 2017 2733 cum
2054 2669 2152 2732 illi
2188 2668 2261 2731 in
2297 2690 2464 2733 som-

264 2793 386 2836 nos
436 2771 829 2855 perdurante
871 2772 1097 2836 morbo
1146 2772 1477 2855 proniores
1528 2771 1697 2836 sint:
1761 2772 2047 2855 quamvis
2106 2778 2173 2835 et
2229 2773 2301 2834 in
2343 2771 2466 2849 his,
2488 2781 2756 2858 infantibup

264 2876 515 2959 quoties
560 2897 599 2940 a
636 2876 863 2939 morbo
906 2876 1355 2959 periclitantur
1393 2875 1621 2958 magis,
1658 2897 1698 2938 a
1734 2875 2103 2958 paregorico
2143 2874 2466 2938 abstinere
2489 2846 2767 2972 affligo&-

262 2979 545 3043 multum
585 2979 1083 3043 extimescerem.
1174 2978 1267 3043 At
1308 2978 1507 3061 (quod
1540 2977 1752 3042 dicere
1787 2977 2041 3041 animus
2075 2977 2238 3041 mihi
2277 2979 2459 3061 erat,)
2489 2974 2649 3086 {⁸⁰⁶³
2657 2981 2775 3068 ⁸3²⁸}

262 3081 519 3146 difficile
577 3089 675 3146 est
728 3081 1075 3146 admodum
1133 3082 1652 3165 paregoricorum
1702 3081 1908 3160 dosin,
1956 3101 2338 3164 quocunque
2394 3080 2468 3144 in
2523 3045 2774 3102 maneum,

262 3207 418 3250 casu
474 3185 601 3248 ista
656 3185 1048 3262 indicantur,
1109 3191 1285 3249 certo
1362 3183 1827 3248 determinare:
1870 3182 2148 3247 'etenim
2207 3182 2338 3246 sive
2395 3183 2469 3246 in

262 3308 645 3371 quocunque
709 3287 1054 3371 spirituum
1115 3293 1301 3352 motu
1363 3287 1834 3366 inordinatiori,
1896 3287 2025 3350 sive
2090 3285 2164 3348 in
2219 3285 2468 3349 vomitu

261 3392 511 3456 enormi
556 3399 621 3455 et
661 3392 786 3455 alvi
816 3392 1016 3471 fluxu,
1055 3391 1185 3455 sive
1230 3390 1426 3455 etiam
1464 3390 1535 3454 in
1566 3390 1784 3454 dolore
1824 3390 2154 3468 atrociore,
2193 3388 2286 3470 (in
2326 3389 2466 3472 qui-

258 3493 385 3558 bus
414 3493 750 3558 affectibus
782 3493 992 3558 tribus
1021 3494 1392 3576 praesertim
1426 3515 1620 3557 usum
1647 3491 2165 3576 paregoricorum
2197 3490 2466 3554 indicari

260 3596 415 3662 alibi
465 3597 700 3682 [Epist.
730 3598 1025 3678 Respons.
1054 3598 1110 3659 I.
1146 3598 1181 3682 ᾧ
1213 3596 1305 3679 9.]
1362 3596 1595 3678 docui,)
1627 3615 1710 3659 ea
1749 3595 2056 3659 methodo
2091 3601 2246 3658 sunt
2287 3594 2464 3658 exhi-

259 3698 493 3778 benda,
526 3705 621 3777 ut,
658 3698 714 3761 si
740 3699 949 3781 prima
979 3697 1148 3762 dosis
1176 3705 1419 3763 metam
1446 3719 1584 3762 non
1623 3699 1923 3782 attingat,
1953 3699 2080 3762 alia
2118 3705 2312 3781 atque
2341 3697 2466 3762 alia
2487 3707 2627 3754 toties
2649 3723 2726 3754 re-

260 3802 478 3867 debito
535 3809 824 3886 tempore
882 3809 1266 3881 assumatur,
1327 3802 1531 3868 donec
1587 3803 1856 3866 tandem
1917 3803 2463 3867 medicamentum
2486 3773 2776 3886 ξ’ζὲζηέζηω

258 3907 507 3972 Medici
562 3908 729 3972 votis
786 3907 1209 3990 responderit,
1266 3929 1402 3971 non
1458 3914 1598 3972 tam
1656 3908 1740 3972 ad
1796 3909 2119 3991 ingestam
2181 3908 2464 3991 anodyni
2487 3909 2669 4014 ῐέθῑῆῐζῑ
2691 3907 2766 3949 ⁸0·

258 4011 709 4096 quantitatem,
744 4032 937 4094 quam
966 4011 1049 4074 ad
1084 4011 1389 4075 affectum
1429 4011 1604 4095 quod
1641 4012 1712 4075 in
1747 4033 1940 4095 aegro
1976 4010 2466 4095 producendum
2527 3981 2626 4028 gen
2653 4003 2666 4016 ’

256 4124 415 4195 erat,
476 4121 772 4199 respectu
829 4113 1089 4192 habito;
1152 4115 1324 4198 quod
1379 4115 1496 4180 ubi
1551 4114 1835 4198 primum
1893 4112 2289 4192 successerit,
2341 4133 2462 4177 nec

256 4222 466 4300 citius,
513 4243 552 4284 a
592 4218 947 4304 paregorici
990 4240 1115 4282 usu
1156 4219 1253 4283 ita
1294 4220 1549 4304 copioso
1595 4240 1668 4283 ac
1711 4217 2036 4302 frequenti
2079 4215 2461 4280 cessandum

257 4331 392 4403 est3
453 4325 834 4409 interposito
886 4330 1107 4387 tamen
1160 4345 1411 4407 semper
1457 4323 1631 4387 inter
1682 4321 1966 4404 singulas
2020 4318 2203 4384 doses
2256 4317 2464 4401 spatio

896 4457 910 4483 ³
945 4458 1065 4517 quod
1085 4459 1257 4504 observ.
1281 4453 1497 4517 dignum]
1526 4468 1622 4500 om.
1648 4452 1722 4500 ed.
1750 4453 1844 4499 ⁹82.
