3138 5006
437 287 552 342 628

437 444 488 485 et
518 437 704 486 alienae
737 446 852 485 sunt
883 437 1073 495 indolis,
1099 439 1195 494 293
1229 438 1358 495 hinc,
1383 439 1432 486 in
1467 438 1607 487 initio

437 502 806 559 constitutionis,
841 502 1102 563 aliquando
1143 472 1244 550 vita
1285 503 1430 566 primi
1476 503 1604 565 peri-

440 566 671 615 clitantur
691 566 838 629 aegri,
864 570 942 624 29,
968 569 1061 623 303
1098 565 1262 629 plures
1283 568 1452 615 eodem
1475 582 1604 615 anno

439 638 732 693 grassantur,
761 632 846 679 sed
879 646 1009 679 unus
1045 632 1373 695 praedominio
1409 632 1605 695 potitur,

442 698 534 752 333
557 696 706 758 hujus
727 695 1073 744 vicissitudinis
1096 711 1256 753 causa,
1277 696 1454 755 33,79,
1482 699 1604 753 1803

440 760 597 808 morbi
623 761 827 823 epidem.
852 761 912 808 ab
941 760 1151 808 invicem
1187 761 1450 823 pelluntur,
1482 762 1607 817 1623

441 840 504 873 an
547 824 629 871 alii
659 824 778 873 alios
810 824 1040 872 continua
1071 826 1282 888 quadam
1317 826 1438 873 serie
1473 826 1603 873 exci-

441 889 611 951 piant?
677 904 740 937 an
777 904 946 937 ornnes
983 889 1405 937 indiscriminatim
1446 891 1604 937 inces-

443 955 586 1001 sant?
631 956 721 1007 293
779 968 878 1014 quo
916 954 1084 1001 ordine
1117 970 1220 1001 sese
1258 955 1514 1017 excipiant,
1551 962 1608 1002 ut

443 988 768 1079 dignoscatur,
791 1018 1046 1065 commoda
1065 1018 1338 1077 methoduS,
1365 1019 1455 1075 863
1495 1018 1603 1081 qui-

443 1082 536 1129 bus
570 1082 709 1129 annis
743 1082 876 1130 varia
914 1081 1073 1145 specie
1111 1090 1404 1145 grassantur,
1444 1090 1609 1130 tamen

443 1161 611 1193 omnes
661 1146 806 1194 modo
849 1161 947 1208 quo
989 1148 1072 1193 im
1075 1146 1241 1202 adunt,
1287 1146 1605 1205 consentiunt,

445 1213 535 1266 353
571 1217 622 1257 et
649 1210 702 1257 in
733 1210 948 1273 generali
979 1227 1126 1259 causa
1159 1211 1465 1273 singularum
1497 1227 1605 1273 spe-

446 1275 630 1323 cierum
659 1275 978 1351 productrice,
1010 1278 1102 1331 343
1139 1274 1343 1337 quilibet
1375 1292 1487 1324 suos
1519 1276 1606 1323 ha-

443 1340 561 1387 beut
572 1340 791 1402 periodos
805 1340 1069 1401 augmenti,
1083 1346 1251 1397 status,
1267 1348 1314 1389 et
1326 1340 1608 1388 declinatio-

446 1404 540 1461 nis,
567 1406 686 1459 1633
721 1404 896 1451 diversi
917 1412 1131 1467 tempore
1147 1404 1336 1452 diverso
1354 1405 1415 1451 ad
1431 1412 1611 1453 statum

450 1468 752 1531 perveniunt,
776 1471 862 1523 323
913 1468 1052 1516 initio
1084 1469 1316 1517 atrociora
1346 1484 1494 1530 quam
1527 1470 1611 1516 ubi

449 1532 727 1581 constitutio
770 1532 993 1589 adolevit,
1038 1534 1147 1591 163,
1195 1535 1302 1590 169,
1348 1534 1456 1589 170,
1503 1535 1611 1591 188,

455 1598 574 1652 1893
611 1598 886 1660 plusquam
906 1598 1052 1645 unius
1073 1597 1254 1645 Medici
1271 1605 1492 1655 aetatem,
1508 1598 1611 1673 pri-

451 1677 661 1737 usquam
683 1676 848 1709 eorum
877 1662 1072 1724 species,
1095 1669 1202 1718 etc„
1225 1663 1314 1710 rite
1341 1662 1611 1725 percipian-

449 1733 542 1783 tur,
579 1726 796 1789 exigunt,
833 1728 922 1782 353
972 1726 1057 1773 alii
1091 1733 1206 1773 sunt
1237 1727 1497 1789 regulares,
1531 1726 1615 1774 alii

451 1742 760 1847 anorrnnligun
703 1791 796 1847 313
831 1790 908 1838 vel
929 1790 1252 1847 autumnales,
1279 1790 1353 1838 vel
1379 1792 1613 1848 vernales,

532 1874 544 1910 3
580 1854 840 1917 aliquando
852 1856 1090 1903 maturius
1101 1855 1179 1902 vel
1199 1856 1350 1903 serius
1367 1856 1617 1913 invadant,

453 1921 531 1975 31,
557 1922 650 1975 323
684 1919 992 1967 autumnales
1019 1934 1116 1983 quo
1145 1926 1358 1983 tempore
1391 1936 1442 1967 se
1475 1921 1613 1982 inge-

451 1992 574 2041 rant,
599 1992 648 2032 et
679 2000 876 2032 cursum
913 1984 1178 2041 absolvant,
1215 1986 1308 2039 323
1351 1985 1470 2031 item
1505 2000 1613 2031 ver-

451 2047 602 2106 nales,
623 2050 714 2105 323
747 2048 904 2097 morbi
925 2048 1127 2111 epidem.
1151 2048 1266 2097 anni
1289 2049 1367 2099 ’77
1393 2050 1452 2097 ab
1476 2048 1613 2097 Auc—

451 2120 554 2161 tore
580 2128 728 2175 quare
760 2128 858 2161 non
889 2112 1238 2170 describuntur,
1263 2114 1386 2169 2793
1421 2114 1613 2161 morbo-

449 2192 562 2225 rum
601 2178 805 2240 epidem.
844 2176 1046 2225 historia
1087 2192 1146 2224 ex
1190 2192 1404 2240 quonam
1447 2192 1615 2225 eorum

451 2256 626 2303 genere
659 2242 843 2290 addisci
877 2248 1036 2304 queat,
1061 2243 1150 2296 313
1191 2242 1434 2289 variorum
1469 2242 1555 2303 qui
1588 2258 1617 2289 a

451 2306 688 2369 specificis
710 2306 834 2353 aiiris
859 2304 1220 2353 alterationibus
1243 2306 1476 2365 oriuntur,
1503 2320 1613 2369 spe-

452 2370 550 2418 cies
570 2372 770 2427 tradere,
793 2370 1103 2431 impossibile,
1132 2372 1219 2425 363
1257 2371 1462 2433 epidem.
1485 2386 1615 2418 mor·

451 2435 622 2482 borum
647 2435 913 2492 diversitas,
939 2436 1001 2482 29
1024 2454 1036 2490 3
1068 2449 1238 2482 eorum
1265 2434 1448 2483 curatio
1469 2450 1619 2498 quam

454 2500 584 2548 varie
605 2498 916 2555 instituenda,
939 2500 1017 2548 29.

519 2565 813 2612 Erxnsrsui
841 2563 974 2626 (De)
1001 2563 1324 2622 Poenorum,
1348 2566 1458 2623 595,
1483 2565 1595 2613 596.

519 2628 773 2692 Epilepsia
826 2628 1104 2676 adultorum
1159 2644 1221 2676 an
1277 2630 1402 2676 forte
1455 2630 1618 2677 curari

489 2693 620 2750 ossit,
660 2701 717 2741 ut
757 2692 932 2740 chorea
974 2693 1020 2741 S.
1045 2692 1166 2752 viti,
1211 2693 1324 2750 497,
1371 2695 1499 2750 5693
1555 2710 1619 2742 ex

453 2709 698 2819 {ysterica
760 2757 913 2805 affect-
971 2765 1117 2820 caput
1178 2758 1442 2815 obsidente,
1496 2763 1620 2806 uteri

455 2825 776 2884 strangulatus
813 2823 986 2878 dictus,
1030 2823 1140 2877 365,
1177 2823 1300 2878 3663
1356 2822 1617 2870 infantium

455 2885 791 2943 dentientium,
821 2887 926 2942 187,
947 2887 1058 2944 372,
1079 2889 1206 2942 5953
1241 2887 1504 2935 infantium
1521 2903 1619 2935 non

455 2951 1038 3072 :zsslsszzfffxssssffl
1041 2953 1474 3070 232‘3’13453332
1487 2953 1621 3092 ξίζῗ

451 3081 558 3141 jam
581 3080 841 3143 prodituris
871 3077 1082 3127 infantes
1109 3095 1303 3138 vexans,
1334 3082 1454 3136 12ος
1489 3081 1618 3128 van'·

457 3143 560 3192 olas
583 3145 812 3192 discretas
834 3145 1138 3207 praecedens,
1161 3146 1273 3201 345,
1290 3115 1406 3193 ⁹346.

525 3209 892 3272 Epispasticum
958 3209 1010 3256 in
1074 3209 1254 3271 angina
1307 3210 1482 3256 cervici
1542 3209 1621 3256 vel

459 3273 649 3320 michae
672 3273 866 3335 quando
887 3273 1248 3337 applicandum,
1269 3275 1392 3329 2663
1416 3275 1468 3321 in
1489 3273 1621 3321 febre

459 3337 666 3399 epidem.
695 3353 806 3384 ann.
832 3339 992 3388 ”73—
999 3339 1076 3393 75,
1103 3339 1229 3392 2093
1264 3337 1317 3384 in
1343 3338 1474 3386 febre
1496 3353 1623 3386 nova

459 3401 683 3462 epidem„
702 3403 812 3456 490,
833 3403 960 3456 5033
993 3401 1045 3449 in
1063 3402 1192 3448 febre
1209 3402 1480 3459 sear-latina,
1497 3405 1620 3458 2443

460 3464 513 3512 in
546 3465 670 3512 tussi
713 3465 916 3526 epidem.
953 3466 1038 3512 ubi
1083 3465 1228 3512 febris
1272 3473 1361 3516 etc.
1397 3467 1620 3523 admista,

461 3531 588 3583 2283
621 3528 672 3576 in
709 3528 916 3585 variolis,
941 3531 1068 3584 3453
1105 3530 1307 3592 pedibus
1342 3532 1394 3578 in
1425 3531 1623 3578 variolis

461 3594 718 3642 confluent.
751 3609 811 3641 ex
846 3564 975 3652 allio,
1001 3593 1360 3657 applicandum,
1395 3598 1522 3643 354·
1511 3631 1522 3651 ,
1559 3596 1621 3643 cf.

527 3721 842 3786 Epithemata
891 3722 946 3770 in
997 3723 1209 3785 podagra
1267 3730 1458 3781 nocent,
1507 3725 1621 3782 447,

531 3851 734 3914 Epocha
751 3852 956 3900 febrium
973 3851 1226 3899 intermitt.
1242 3859 1479 3910 autumn„
1503 3854 1621 3908 1633

463 3917 674 3966 febrium
697 3917 949 3964 intel-mitt.
973 3915 1170 3972 vei-nal„
1191 3917 1282 3964 163
1302 3935 1314 3972 3
1336 3917 1386 3964 in
1409 3917 1621 3976 variolis,

469 3981 614 4044 primi
637 3980 850 4030 insultus
876 3981 976 4030 dies
1000 3988 1084 4039 est,
1114 3983 1220 4028 121.

531 4045 783 4107 Equitatio
814 4046 866 4093 in
901 4046 1080 4093 morbis
1113 4045 1370 4102 chronicis,
1412 4047 1532 4102 1983
1577 4051 1627 4093 et

463 4110 650 4173 phthisi
685 4110 979 4173 praesertim,
1003 4112 1124 4165 4303
1163 4110 1214 4157 in
1248 4110 1399 4157 colica
1435 4110 1627 4168 biliosa,

469 4176 576 4232 198,
597 4176 688 4223 199
707 4195 720 4230 ;
741 4174 788 4221 ιιι
813 4175 1141 4238 hypochondr.
1160 4182 1207 4221 et
1226 4175 1626 4237 hystericis,·389,

465 4242 584 4294 3903
621 4239 929 4301 equitationis
951 4239 1181 4286 beneficia
1199 4239 1248 4286 in
1271 4239 1454 4286 morbis
1473 4239 1627 4287 rebel-

465 4303 595 4351 libus
611 4302 934 4359 devincendis,
950 4305 1066 4358 3903
1086 4303 1138 4350 in
1153 4303 1329 4350 tabidis
1347 4304 1627 4367 phthisicis-

469 4383 576 4430 que,
603 4369 725 4422 3913
768 4369 898 4430 quod
929 4368 992 4414 sit
1029 4368 1371 4416 exercitiorum
1407 4369 1629 4416 omnium

467 4432 768 4494 primarium,
794 4435 904 4489 440,
928 4435 1050 4486 441;
1095 4434 1227 4495 quod
1259 4434 1326 4482 sit
1354 4435 1629 4482 maximum

467 4495 858 4556 confortativum,
881 4499 992 4553 389,
1017 4497 1127 4546 390.

1333 284 1599 343 INDEX
1640 282 1955 344 RERUM.

1758 438 1935 501 Equus
1964 437 2024 484 ad
2058 435 2217 497 ἀκμὴν
2247 451 2389 485 suam
2416 438 2651 501 pertingit
2670 444 2863 501 septem

1690 516 1928 551 annorum
1953 502 2125 565 spatio,
2150 501 2231 553 70.

1755 566 1967 629 Emptio
1989 566 2316 628 pustularum,
2346 568 2399 614 in
2432 567 2645 623 variolis,
2679 566 2866 614 tardior

1690 632 1909 679 celeriori
1932 631 2258 694 praeferenda,
2287 634 2377 679 136
2398 652 2410 688 3
2446 648 2545 679 non
2568 639 2724 687 necat,
2748 631 2861 687 132,

1696 698 1819 751 136;
1856 696 2087 743 discretas
2118 696 2315 753 indicat,
2356 698 2481 751 1383
2522 712 2665 758 saepe
2694 696 2860 757 impe-

1690 761 1823 809 ditur
1848 777 1877 807 a
1896 760 2129 808 violentia
2160 761 2317 807 morbi
2349 768 2398 807 et
2421 777 2450 807 a
2472 760 2625 807 nimio
2650 760 2859 821 impetu,

1690 827 1803 882 340,
1827 826 1957 880 3463
1991 825 2209 887 adeoque
2230 840 2326 872 non
2349 824 2661 873 acceleranda
2682 824 2861 871 calidis

1690 898 1740 937 et
1762 860 2009 946 cardiacis,
2030 890 2137 947 136,
2162 890 2281 946 1373
2318 890 2540 951 adjuvari
2570 890 2640 937 4¹·
2660 889 2741 935 die
2762 888 2859 936 ali-

1690 954 1899 1015 quando,
1926 954 1969 1001 si
2002 970 2093 1016 pro
2124 960 2237 1001 voto
2265 968 2361 1002 non
2398 954 2639 1011 succedat,
2663 954 2855 1016 poterit,

1695 1020 1813 1071 1373
1850 1019 1901 1065 in
1925 1018 2121 1065 vai-ielis
2152 1017 2362 1066 anomal.
2378 1018 2521 1065 discr.
2545 1032 2643 1065 non
2662 1018 2747 1075 4⁸⁶,
2772 1018 2863 1065 sed

1690 1082 1769 1130 3¹³⁰
1810 1083 1889 1130 die
1925 1083 2087 1130 contin
2090 1083 2177 1144 git,
2229 1085 2347 1137 1893
2410 1082 2463 1129 in
2500 1082 2861 1130 confluentibus

1689 1146 1843 1209 regul.
1866 1098 2193 1210 utplurimgum
2212 1146 2293 1195 3⁶⁹
2311 1118 2406 1205 die,
2424 1149 2532 1203 123,
2552 1148 2667 1201 1393
2691 1146 2745 1193 in
2764 1146 2861 1193 dis-

1691 1212 1837 1259 cretis
1868 1210 2025 1273 regul.
2046 1210 2373 1273 utplurimum
2398 1212 2477 1259 die
2501 1211 2583 1269 4¹⁰,
2610 1213 2717 1267 121,
2747 1212 2859 1269 136,

1697 1277 1787 1323 189
1810 1295 1822 1332 3
1884 1290 2123 1337 quaenam
2180 1283 2507 1339 symptomata
2560 1276 2859 1338 praemittat,

1698 1342 1805 1397 120,
1846 1341 1965 1396 1213
2021 1340 2075 1387 in
2124 1339 2298 1387 laxiori
2344 1346 2721 1402 temperamento
2764 1339 2857 1387 ali-

1696 1404 1891 1466 quando
1930 1405 2114 1451 sensim
2156 1405 2218 1451 ad
2264 1404 2565 1466 expulsionis
2604 1403 2861 1467 periodum

1694 1469 1927 1544 pervenit,
1972 1470 2095 1524 1213
2150 1469 2547 1516 evacuationibus
2589 1475 2865 1531 opportune

1694 1532 1947 1590 institutis,
2023 1532 2285 1595 aliquando
2349 1539 2673 1595 promovetur,
2736 1534 2859 1589 1323

1696 1597 1965 1660 eruptionis
1998 1597 2309 1661 pustularum
2344 1604 2541 1673 tempus
2572 1598 2625 1645 in
2663 1596 2861 1644 var-ielis

1697 1661 1891 1723 quando
1930 1662 2121 1719 dicitur,
2168 1664 2289 1717 1333
2336 1662 2397 1709 ab
2433 1678 2488 1709 eo
2526 1662 2577 1709 in
2620 1660 2861 1709 morbillia

1696 1726 1911 1773 multum
1933 1726 2089 1773 disere
2092 1734 2191 1789 pat,
2220 1728 2463 1783 l23,l24,
2493 1728 2599 1775 190.

1765 1790 2059 1852 Eruptiones
2081 1791 2221 1838 cutis.
2248 1788 2318 1853 [v.
2347 1760 2521 1853 Catia]

1764 1853 2212 1902 Enrsrrsmrosa
2258 1854 2391 1917 (Dc)
2446 1856 2648 1913 Fssnss,
2696 1855 2863 1903 262-

1698 1919 1809 1975 265,
1836 1920 1949 1976 557,
1976 1922 2085 1967 558.

1764 1982 2129 2046 Erysipelatosa
2190 1983 2339 2031 febris
2392 1982 2587 2033 rusticis
2640 1986 2863 2032 sideratio

1698 2047 1849 2105 audit,
1876 2050 1997 2103 2623
2034 2048 2209 2109 speciei
2240 2047 2450 2110 duplicis
2478 2054 2567 2105 est,
2593 2048 2705 2105 262,
2730 2050 2862 2103 5573

1699 2119 1913 2175 tempore
1930 2112 2159 2175 quolibet,
2173 2112 2458 2175 praesertim
2472 2118 2637 2159 tamen
2652 2119 2865 2160 exeunte

1698 2183 1893 2233 aestate,
1924 2178 2136 2234 incessit,
2180 2178 2301 2231 2623
2345 2186 2531 2239 partem
2574 2176 2865 2238 quamlibet,

1698 2249 1749 2287 at
1770 2256 1884 2303 prae
1906 2241 2105 2303 reliquis
2138 2240 2327 2298 faciem,
2352 2248 2571 2303 occupat,
2594 2242 2705 2297 262,
2730 2242 2827 2292 557
2846 2261 2861 2297 3

1698 2305 1941 2366 quomodo
1960 2306 2177 2368 incipiat,
2202 2313 2250 2353 et
2270 2306 2569 2362 terminetur,
2590 2306 2685 2353 262
2704 2324 2717 2360 3
2742 2320 2860 2368 pus-

1699 2370 1831 2417 tulae
1853 2369 2020 2431 quales
2040 2378 2285 2433 apparent,
2302 2372 2429 2425 2623
2452 2378 2659 2433 utraque
2674 2371 2865 2432 specie·

1698 2434 1867 2483 eodem
1889 2434 1990 2481 fere
2022 2435 2167 2483 modo
2198 2442 2445 2492 curantur,
2476 2436 2587 2491 264,
2612 2436 2707 2481 558
2729 2453 2743 2489 3
2776 2450 2861 2481 re-

1696 2500 2025 2548 nue-sectione
2047 2507 2097 2549 et
2126 2499 2348 2557 cathal-si,
2372 2500 2497 2554 2633
2532 2498 2703 2555 diaeta,
2732 2500 2825 2547 263
2846 2519 2863 2554 3

1691 2564 1938 2626 julapium
1988 2565 2132 2626 quale
2174 2571 2223 2612 et
2267 2565 2461 2627 quando
2512 2564 2863 2622 exhibendum,

1698 2629 1828 2684 2633
1882 2645 1912 2676 ι
1948 2629 2075 2676 lecto
2112 2645 2197 2692 per
2233 2629 2377 2676 horas
2417 2628 2605 2690 aliquot
2639 2628 2863 2690 quotidie

1698 2701 1929 2756 temperet
1965 2709 2120 2756 aeg-er,
2144 2694 2272 2748 2633
2306 2693 2608 2755 erysipelntis
2640 2694 2861 2757 descrip-

1698 2759 1781 2815 tio,
1807 2759 1929 2813 2623
1966 2758 2165 2816 curatio,
2184 2758 2298 2805 263.

1766 2822 2087 2880 Evacuantia,
2141 2821 2227 2870 ubi
2280 2821 2619 2868 roborantibus
2672 2823 2869 2870 curatio

1698 2886 1939 2944 innititur,
1957 2887 2189 2944 officiunt,
2210 2888 2333 2940 4303
2368 2887 2419 2932 in
2443 2886 2699 2948 apoplexia
2714 2887 2865 2934 febri·

1698 2951 1791 2998 bus
1814 2951 2067 2998 intermitt.
2092 2950 2473 3014 superveniente,
2500 2953 2625 3004 2893
2660 2950 2712 2997 in
2745 2951 2867 2998 cho-

1700 3016 1813 3073 lera,
1842 3017 1955 3071 1643
1991 3015 2043 3062 in
2061 3016 2191 3063 febre
2210 3029 2337 3062 nova
2358 3015 2581 3076 epidem„
2600 3015 2711 3070 494,
2730 3017 2833 3063 405
2852 3035 2867 3070 3

1698 3080 1751 3126 in
1770 3080 1984 3127 febribus
2004 3079 2274 3136 intermitt„
2296 3081 2406 3137 280,
2426 3081 2517 3127 282
2538 3098 2549 3134 3
2572 3079 2625 3125 in
2648 3079 2871 3127 febribus

1698 3144 1953 3191 intermitt.
1973 3144 2149 3192 cortice
2176 3143 2351 3190 Peruv.
2386 3143 2583 3200 curatis,
2608 3146 2736 3198 2883
2770 3143 2867 3191 ite-

1700 3216 1805 3256 rata
1836 3209 1889 3255 in
1923 3209 2137 3256 febribus
2159 3223 2334 3270 corpus
2356 3207 2624 3263 debilitant,
2649 3211 2777 3263 5053
2812 3207 2869 3255 ιιι

1700 3273 1928 3336 hydrope,
1946 3274 2058 3329 457,
2079 3273 2206 3326 469;
2230 3273 2281 3319 in
2300 3272 2547 3334 hysterica
2562 3271 2733 3330 effect..
2752 3274 2868 3329 378,

1702 3338 1829 3393 3793
1874 3338 1925 3384 in
1948 3337 2220 3400 nephritide
2242 3337 2401 3384 febres
2432 3337 2683 3384 intermitt.
2708 3337 2868 3385 corni-

1702 3407 1849 3459 tante,
1891 3404 2014 3458 302ς
2070 3403 2121 3448 in
2166 3401 2395 3464 podagra,
2436 3403 2548 3458 419,
2590 3403 2703 3458 422,
2736 3403 2869 3457 4233

1701 3465 2875 3592 ffesszlsssstnzsszffffiuffbffidssizffii

1702 3603 1799 3709 tur-7,
1824 3597 1934 3653 346,
1960 3594 2087 3651 3473
2132 3595 2186 3642 in
2220 3593 2519 3656 quibusnam
2548 3595 2875 3657 denegentur,

1771 3723 2126 3771 Evacuationes
2159 3721 2412 3784 sanguinis
2448 3722 2691 3770 indebitae
2720 3722 2879 3771 affie—

1706 3795 1811 3836 tum
1846 3789 2023 3850 hyster.
2048 3787 2257 3835 excitare
2278 3787 2457 3844 valent,
2480 3789 2591 3836 201.

1771 3852 2133 3900 Exanthemata
2164 3853 2214 3898 in
2242 3851 2483 3900 merbillis
2512 3865 2641 3898 anno
2674 3851 2757 3902 ’70
2790 3851 2878 3899 fn-

1705 3917 1829 3964 ciem
1854 3917 2024 3980 primo,
2038 3931 2169 3964 anno
2186 3915 2511 3966 '74humeros
2531 3915 2705 3978 primo,
2720 3930 2877 3963 oceu-

1704 3983 1898 4044 pabant,
1934 3982 2057 4036 2173
2093 3982 2235 4044 nigra
2266 3981 2318 4028 in
2352 3980 2592 4028 morbillis
2625 3981 2883 4041 quomodo

1706 4046 1971 4104 tractanda,
1993 4047 2083 4095 185
2106 4063 2117 4101 3
2152 4045 2498 4107 pestilentialis
2518 4045 2765 4106 quomodo
2788 4061 2880 4093 ex·

1706 4111 1932 4169 citantur,
1962 4112 2068 4166 108,
2097 4112 2205 4159 109.

1774 4175 2080 4223 Exci-citium
2133 4174 2345 4236 corporis
2393 4173 2683 4236 sanguinem
2726 4173 2881 4221 robo-

1708 4248 1831 4297 rant,
1856 4255 1912 4288 ac
1934 4239 2284 4287 firmitudinem
2306 4237 2581 4294 conciliant,
2604 4239 2734 4292 44ος
2769 4238 2881 4285 eal-

1708 4305 1877 4352 culum
1908 4319 2101 4367 quoque
2132 4303 2369 4366 prohibet,
2397 4305 2521 4356 4403
2552 4303 2687 4364 J'usto
2722 4303 2883 4350 vehe-

1708 4371 1925 4417 mentius
1954 4369 2287 4416 concoctiones
2320 4367 2483 4423 laedit,
2508 4369 2630 4421 44ος
2680 4366 2735 4414 ιιι
2778 4367 2884 4430 hy-

1690 4435 1871 4510 ‘dr-ope,
1894 4435 2018 4489 4693
2070 4432 2279 4480 validius
2312 4433 2364 4480 in
2398 4433 2696 4494 gonorrhoea
2725 4432 2887 4480 vix-ul.

1708 4499 1855 4547 scroti
1872 4499 2306 4546 inflammationem
2322 4497 2533 4546 excitare
2552 4502 2726 4559 potest,
2744 4499 2805 4545 31
2822 4499 2889 4552 13
