3138 5006
696 274 827 335 310
1324 270 1714 335 THOMAE
1761 269 2278 335 SYDENHAM

420 453 503 501 Da
530 450 647 499 Luc
696 435 939 500 scilicet
968 434 1099 499 vidi
1128 434 1516 499 virulentam
1554 433 1926 517 hujusmodi
1957 432 2295 497 materiam
2323 453 2438 517 per
2465 433 2902 499 substantiam

388 517 663 565 vannum.
696 538 949 622 glandis
976 559 1271 623 perosam
1292 536 1592 617 exudare,
1615 558 1750 601 non
1769 556 1886 620 per
1905 536 2240 601 urethram
2269 536 2560 621 ejectam,
2591 536 2902 621 nulloque

694 642 909 706 ulcere
936 641 1037 705 vel
1068 640 1370 724 glandem
1401 644 1776 723 occupante,
1807 640 1908 703 vel
1935 639 2364 723 praeputium.
2432 639 2723 705 Tandem
2752 662 2902 705 vero

698 746 890 809 altius
924 751 1293 828 penetrans,
1324 742 1664 826 glandulas
1698 748 2017 827 prostatas
2053 742 2320 807 efferato
2351 742 2566 807 ulcere
2595 744 2762 808 solet
2791 744 2897 808 de-

696 868 991 931 pascere;
1039 847 1211 931 quod
1238 846 1414 911 haud
1442 866 1588 910 raro
1617 845 1906 910 cernitur
1943 844 2015 909 in
2044 866 2269 911 eorum
2297 846 2712 911 cadaveribus
2741 868 2898 932 quos

696 951 804 1015 hic
834 951 1096 1015 morbus
1126 970 1165 1013 e
1190 949 1405 1014 medio
1436 948 1720 1013 sustulit.

394 1060 587 1137 Quibus
800 1055 920 1139 [9.]
940 1064 965 1093 ⁰
1011 1054 1336 1120 Gradibus
1364 1074 1515 1119 mox
1543 1052 1832 1117 dicendis
1860 1052 2152 1137 procedit
2179 1052 2286 1117 hic
2315 1052 2599 1117 morbus.
2683 1054 2900 1138 Aeger

389 1126 622 1253 ἓξὲξ-’ξ
698 1180 895 1245 ocyus
948 1165 1062 1224 aut
1122 1158 1323 1223 serius
1380 1158 1596 1242 (prout
1645 1157 1898 1237 mulier,
1955 1178 2234 1241 quacum
2285 1157 2636 1237 consuevit,
2691 1158 2898 1242 magis

696 1264 991 1329 minusve
1036 1262 1232 1327 fuerit
1288 1262 1649 1345 inquinata,
1701 1282 1818 1345 pro
1869 1261 2122 1326 ratione
2173 1261 2370 1326 etiam
2421 1268 2898 1345 temperaturae

694 1364 1015 1447 μιάσματι
1052 1364 1425 1449 excipiendo
1452 1364 1660 1446 magis
1690 1364 1982 1428 minusve
2021 1363 2335 1447 idoneae,)
2369 1363 2651 1449 primum
2681 1364 2898 1429 dolore

696 1468 1079 1552 genitalium
1120 1467 1381 1533 insolito
1428 1466 1772 1547 cruciatur,
1819 1488 1969 1531 cum
2022 1467 2301 1551 quadam
2346 1467 2668 1532 rotatione
2717 1467 2898 1551 quasi

694 1572 1183 1650 testiculorum3
1244 1578 1487 1655 postea,
1538 1570 1592 1633 si
1649 1570 1964 1634 recutitus
2023 1591 2158 1634 non
2211 1570 2315 1650 sit,
2367 1570 2640 1650 macula,
2687 1572 2899 1654 primo

697 1674 1067 1739 morbillum
1090 1676 1227 1758 jam
1256 1680 1704 1756 erumpentem
1726 1671 2176 1755 magnitudine
2205 1679 2273 1737 et
2303 1672 2512 1737 colore
2543 1673 2895 1749 aemulans,

699 1777 951 1861 glandis
980 1784 1234 1861 partem
1278 1776 1558 1859 aliquam
1602 1774 1866 1839 invadit.
1951 1774 2202 1839 ‘Statim
2246 1774 2328 1839 ab
2368 1774 2566 1858 hujus
2609 1775 2898 1839 maculae

698 1888 925 1945 exortu
952 1881 1164 1964 liquor
1200 1879 1461 1964 quidam
1503 1878 1680 1943 lente
1719 1878 1986 1957 extillat,
2019 1876 2281 1941 seminis
2319 1878 2546 1957 instar,
2577 1878 2710 1961 qui,
2745 1898 2897 1961 quo-

696 1984 855 2048 tidie
884 2006 925 2048 a
952 1983 1213 2048 seminis
1242 1989 1379 2046 tam
1408 1982 1618 2047 colore
1649 2002 1842 2065 quam
1881 1980 2299 2045 consistentia
2323 1981 2649 2059 recedens,
2679 1981 2899 2044 flaves-

698 2088 785 2150 cit
814 2085 1081 2151 tandem
1126 2085 1455 2168 aliquanto
1492 2083 1761 2148 dilutius
1801 2083 1902 2147 ovi
1938 2083 2190 2162 vite1103
2237 2091 2304 2148 et
2345 2083 2416 2147 in
2435 2084 2594 2167 4Lue
2621 2083 2898 2147 virulen-

684 2189 859 2253 tiore
898 2188 1373 2271 intensioreque
1418 2208 1553 2251 non
1593 2186 1786 2250 modo
1827 2186 2100 2266 virescit,
2132 2185 2244 2251 sed
2288 2192 2356 2251 et
2399 2206 2604 2270 aqueo
2642 2184 2899 2249 humori

698 2290 1117 2373 permiscetur
1174 2288 1489 2371 sanguine
1558 2288 1808 2353 affatim
1863 2288 2088 2353 tincto,
2207 2289 2482 2353 Pustula
2529 2290 2670 2373 jam
2729 2288 2899 2352 dicta

698 2393 883 2456 ulcus
919 2390 1187 2455 tandem
1214 2391 1310 2471 fit,
1340 2390 1565 2476 primo.
1585 2391 1763 2455 haud
1793 2390 2082 2456 absimile
2112 2390 2368 2476 aphthis
2405 2391 2758 2455 infantium
2789 2412 2899 2455 ora

700 2493 1159 2574 obsidentibus,
1208 2494 1381 2579 quod
1430 2493 1637 2560 indies
1687 2494 1880 2560 latius
1932 2502 1999 2560 et
2043 2494 2426 2579 profundius
2474 2492 2894 2580 depasciturd,

699 2601 1293 2687 supervenientibus
1328 2602 1547 2666 orificii
1579 2602 1740 2667 callo
1779 2611 1846 2666 et
1883 2600 2138 2665 duritie.
2231 2601 2896 2666 Animadvertendum

697 2712 797 2770 est
836 2712 1075 2786 autem,
1108 2705 1279 2789 quod
1312 2713 1670 2769 memorata
1706 2705 1970 2789 pustula
2005 2725 2152 2768 raro
2184 2705 2672 2769 Gonorrhoeam
2703 2705 2894 2769 comi-

696 2814 833 2872 tem
861 2807 1057 2872 habet
1086 2808 1156 2872 in
1194 2807 1271 2872 iis
1302 2809 1411 2893 qui
1450 2816 1563 2872 aut
1601 2809 1740 2892 jam
1766 2807 2018 2891 pridem
2050 2808 2470 2872 Gonorrhoea
2498 2806 2892 2886 laborarunt,

694 2918 811 2976 aut
842 2911 1104 2976 recutiti
1132 2917 1322 2990 sunt3
1369 2918 1595 2995 utpote
1641 2931 1916 2994 quorum
1948 2910 2131 2994 glans
2165 2918 2311 2975 tum
2349 2909 2432 2973 ab
2473 2915 2620 2974 aere
2650 2909 2756 2974 cui
2791 2931 2893 2974 ex-

691 3015 902 3098 posita
944 3022 1061 3096 est,
1106 3023 1253 3079 tum
1304 3037 1343 3078 a
1384 3013 1710 3098 frequenti
1752 3013 2102 3077 linteorum
2153 3013 2403 3090 attritu,
2454 3010 2891 3091 indurescens,

690 3137 926 3180 noxam
955 3139 1089 3182 non
1116 3117 1212 3180 ita
1248 3116 1431 3181 facile
1460 3117 1744 3200 suscipit.
1841 3115 2232 3199 Hujusmodi
2261 3113 2434 3198 verpi
2473 3115 2676 3196 igitur
2710 3116 2889 3198 glan-

692 3217 790 3280 dis
833 3218 1045 3282 ulcere
1090 3218 1223 3282 fere
1265 3238 1401 3281 non
1442 3227 1822 3296 tentantur3
1870 3219 2004 3282 sola
2035 3218 2455 3282 Gonorrhoea
2483 3218 2656 3283 dicto
2701 3217 2892 3282 modo

388 3335 537 3384 varia
558 3351 669 3386 enu.
695 3319 1033 3384 nascitur&
1137 3320 1300 3405 [10.]
1359 3320 1552 3385 Hanc
1597 3321 1720 3386 alia
1757 3343 1907 3386 mox
1939 3327 2372 3406 symptomata
2413 3321 2780 3405 excipiunt3
2815 3328 2892 3385 ut

386 3409 637 3528 getssaer
694 3423 919 3505 prime,
942 3444 1219 3507 magnus
1242 3422 1475 3488 doloris
1504 3445 1730 3488 sensus
1757 3425 1828 3488 in
1849 3446 2014 3509 pene
2039 3425 2286 3508 quoties
2315 3423 2604 3507 erigitur,
2629 3425 2894 3508 perinde

389 3537 534 3578 mata.
696 3545 769 3588 ac
820 3525 875 3588 si
922 3525 1130 3590 valida
1177 3547 1378 3589 manu
1424 3533 1822 3592 transversus
1869 3527 2122 3591 fortiter
2168 3526 2739 3610 constringeretur,
2785 3527 2892 3611 qui

389 3647 635 3724 comario-
694 3633 895 3690 noctu
922 3628 1261 3712 praecipue
1304 3636 1517 3713 urget,
1549 3630 1798 3712 quoties
1835 3630 1908 3694 in
1949 3631 2116 3694 lecto
2155 3650 2348 3713 aeger
2389 3629 2598 3714 coepit
2625 3629 2890 3695 incales-

386 3719 641 3825 {mmvtffessst
693 3746 874 3892 l(iere3
922 3749 1116 3810 quam
1155 3728 1413 3811 quidem
1460 3729 1986 3794 constrictionem
2027 3731 2212 3814 penis
2250 3731 2642 3796 dolorificam
2685 3733 2890 3797 morbi

384 3841 629 3892 dolorifiea
738 3831 884 3894 u'us
912 3830 982 3894 in
1011 3831 1135 3896 hoc
1163 3839 1342 3898 statu
1368 3833 1700 3898 existentis
1729 3834 1782 3896 si
1872 3855 1988 3898 um
2009 3831 2149 3898 παθ
2395 3833 2702 3900 νικά-ατο
2766 3836 2890 3901 exi-

382 3907 668 4032 ξῗθῗξῖᾆω
694 3853 905 3999 stiinO.
998 3936 1388 4000 Incurvatur
1408 3937 1604 4000 etiam
1632 3855 1952 4000 vereffrnum
1971 3959 2010 4001 a
2031 3859 2414 4022 &semitm
2444 3861 2888 4018 contractiore,

382 4037 639 4094 μονικόπν
694 4038 884 4121 quod,
917 4059 1067 4103 cum
1108 4038 1181 4102 in
1224 4037 1544 4104 erectione
1589 4040 1959 4104 extenditur
1994 4063 2113 4125 pro
2156 4049 2394 4106 natura
2431 4063 2566 4122 sua,
2604 4043 2890 4107 acutissi-

382 4117 544 4228 2⁰:301·
562 4181 662 4230 uri-
688 4162 869 4204 mum
912 4141 1195 4206 dolorem
1240 4141 1467 4205 adfert.
1556 4142 1825 4207 Accedit
1870 4144 2066 4208 etiam
2111 4143 2303 4209 ardor
2329 4144 2574 4224 urinae,
2607 4145 2720 4229 qui
2755 4146 2886 4230 ple-

686 4265 962 4328 rumque
990 4244 1161 4308 inter
1194 4244 1620 4326 mingendum
1649 4245 1750 4308 vix
1783 4246 2150 4330 percipitur,
2183 4253 2250 4312 at
2278 4268 2429 4311 vero
2459 4269 2650 4331 aeger
2677 4249 2814 4333 jam
2845 4271 2884 4312 a

754 4409 772 4432 ⁶
812 4403 887 4452 cf.
912 4405 1115 4452 Process.
1144 4407 1232 4452 Im.
1258 4421 1298 4452 c.
1324 4407 1400 4453 34.
1833 4407 2008 4454 mendo
2035 4408 2138 4455 sort.
2164 4417 2352 4471 typogr.

750 4467 774 4495 ⁴¹
809 4468 1014 4530 depasta]
1040 4469 1119 4516 Sic
1137 4470 1206 4518 ed.
1228 4473 1323 4529 ¹80,
1343 4479 1541 4519 —z-atur
1559 4472 1632 4519 ed.
1647 4473 1741 4530 ⁹85,
1897 4478 1915 4502 ⁸
1951 4473 2100 4534 mesa]
2126 4481 2262 4535 atque
2285 4479 2482 4535 augetur
2505 4471 2613 4520 add.
2640 4472 2713 4520 ed.
2739 4474 2832 4520 ’80.
