3138 5006
883 309 1394 375 PROCESSUS
1441 311 1849 377 INTEGRI.
2340 317 2467 379 599

1131 598 1324 662 CAP.
1373 598 1617 663 XLVI.

1153 762 1252 824 De
1287 762 1585 825 Chlorosi.

355 897 638 959 Ausum·
659 896 876 961 vultus
907 903 973 960 et
1001 896 1203 961 totius
1233 897 1513 981 corporis
1537 897 1944 977 decoloratio,
1967 898 2471 965 intumescentia
2495 916 2655 966 Morbi
2678 920 2762 968 de-

269 995 340 1058 in
379 998 559 1077 facie,
589 998 909 1083 palpebris
953 1006 1020 1063 et
1063 999 1394 1077 malleolis,
1427 1000 1704 1083 gravitas
1748 999 1949 1065 totius
1992 1002 2293 1085 corporis,
2324 1024 2468 1067 cru-
2494 983 2707 1047 scriptio.

269 1123 418 1165 rum
469 1124 543 1167 ac
588 1104 827 1188 pedum
877 1105 1130 1169 tensiva
1170 1103 1503 1183 lassitudo,
1546 1104 1884 1189 respiratio
1924 1105 2214 1186 difficilis,
2261 1107 2469 1172 cordis

267 1203 622 1287 palpitati0,
676 1207 902 1290 capitis
956 1207 1156 1285 dolor,
1204 1207 1427 1290 pulsus
1485 1207 1751 1287 febrilis,
1804 1209 2251 1288 somnolentia,
2304 1210 2467 1293 pica,

270 1313 336 1370 et
365 1309 688 1372 mensium
719 1310 1100 1393 suppressio.

359 1410 591 1475 Sumat
635 1410 866 1495 pilulas
910 1411 1340 1497 chalybeatas,
1385 1414 1486 1477 vel
1528 1413 1859 1496 pulverem
1902 1413 2355 1496 chalybeatum
2398 1416 2470 1478 in
2498 1429 2759 1477 cnam-10.

268 1513 612 1595 Affectione
662 1517 1000 1597 Hystem'ca
1047 1516 1534 1600 praescriptum,
1586 1517 1733 1601 plus
1784 1517 2002 1581 minus
2048 1538 2167 1601 pro
2217 1518 2470 1582 ratione

270 1616 519 1695 aetatis,
551 1617 1024 1701 superbibendo
1061 1617 1370 1683 haustum
1399 1618 1534 1682 vini
1574 1619 1919 1703 cujuslibet
1950 1619 2033 1683 ad
2058 1619 2340 1699 libitum,
2370 1622 2473 1684 vel

269 1718 658 1784 infusionem
701 1720 1224 1785 corroborantem
1268 1742 1419 1785 cum
1455 1721 1672 1786 radice
1718 1721 2043 1804 angelicae
2080 1721 2322 1786 ibidem
2362 1722 2469 1787 de-

270 1822 592 1906 scriptam.
650 1823 817 1908 [sup.
844 1846 898 1887 c.
925 1825 1017 1908 1.]
1120 1824 1192 1887 Si
1221 1846 1411 1907 aegra
1436 1845 1574 1887 non
1603 1823 1787 1889 valde
1818 1825 2043 1890 debilis
2073 1826 2288 1905 fuerit,
2318 1848 2469 1910 pur-
2526 1870 2533 1876 -

271 1931 462 2008 getur
491 1927 690 1991 semel
715 1927 816 1991 vel
844 1927 944 1991 bis
976 1933 1130 1991 ante
1157 1927 1700 2011 praescriptorum
1728 1948 1940 1992 usum.

1107 2166 1301 2230 CAP.
1349 2166 1635 2231 XLVII.

899 2329 1001 2391 De
1031 2328 1473 2411 Suppressione
1501 2330 1837 2393 Men-sium.

354 2463 590 2529 Ouum
622 2462 964 2530 fastidiunt
985 2463 1437 2543 mulierculae3
1478 2464 1705 2529 foedus
1727 2462 1911 2529 faciei
1941 2463 2115 2529 color
2144 2469 2281 2543 est,
2324 2485 2467 2548 gra·
2496 2477 2659 2557 Mqrbi·
2680 2481 2764 2530 de.

266 2568 429 2631 vitas
459 2568 660 2631 totius
689 2567 1006 2651 corporis3
1053 2567 1302 2631 dolores
1332 2567 1666 2651 sincipitis,
1694 2568 2087 2646 lumborum,
2109 2589 2372 2632 crurum
2402 2574 2468 2632 et
2494 2551 2707 2608 ⁸⁰¹²an

265 2671 384 2734 imi
410 2669 690 2750 ventris,
735 2669 975 2753 pedum
1002 2677 1290 2733 tumores
1320 2670 1655 2734 infestant.

353 2774 599 2838 Eadem
649 2772 1141 2856 praescribenda
1197 2795 1272 2837 ac
1321 2773 1395 2836 in
1443 2774 1766 2856 hysterica
1816 2774 2189 2838 affectione⁸
2204 2801 2224 2852 ;
2286 2781 2355 2838 at
2414 2775 2467 2838 si
2495 2797 2757 2846 Cuma-10.

265 2879 497 2942 iisdem
542 2877 840 2942 remediis
887 2877 1156 2942 affectus
1206 2899 1343 2942 non
1401 2877 1681 2956 cesserit,
1732 2885 1879 2942 tum
1930 2878 2269 2961 sequentia
2313 2886 2466 2942 sunt

267 2981 761 3065 praescribenda
780 3007 884 3044 :—

353 3083 644 3167 Singulis
668 3084 933 3163 auroriS,
965 3089 1032 3148 et
1063 3091 1294 3167 quarta
1319 3083 1781 3167 pomeridiana,
1814 3089 2027 3148 sumat
2051 3085 2093 3146 J
2096 3083 2295 3167 ulapii
2326 3083 2466 3168 Hy-

269 3187 521 3251 stericib
557 3187 700 3252 sine
729 3193 1016 3251 castoreo
1047 3186 1402 3250 cochlearia
1433 3186 1737 3269 quinque,
1781 3185 2164 3250 instillando'
2209 3186 2469 3269 spiritus

266 3311 470 3354 cornu
508 3290 677 3354 cervi
716 3295 935 3373 guttas
972 3288 1333 3354 duodecim.
1426 3289 1713 3371 Singulis
1756 3287 2060 3353 noctibus
2099 3294 2314 3352 sumat
2357 3311 2465 3352 cu-

263 3392 478 3458 bitum
514 3394 689 3457 itura
726 3391 1191 3457 trochiscorum
1231 3392 1312 3456 de
1351 3391 1621 3475 myrrha
1656 3391 2032 3473 scrupulum
2066 3411 2275 3453 unum
2318 3411 2467 3454 cum

269 3518 504 3581 syrupo
533 3496 614 3561 de
645 3495 970 3561 artemisia
993 3495 1068 3561 in
1095 3495 1371 3559 formam
1399 3492 1533 3557 boli
1561 3493 1661 3557 vel
1688 3493 2037 3577 pilularum
2065 3493 2419 3558 redactum.

1064 3780 1258 3844 CAP.
1305 3779 1661 3846 XLVIII.c

547 3942 646 4006 De
685 3943 930 4008 Vomitu
961 3941 1318 4023 San-quinia,
1349 3941 1448 4004 vel
1471 3942 1658 4004 etiam
1690 3941 1766 4002 de
1791 3940 2183 4022 Haemoptoez

351 4079 438 4142 IN
487 4078 892 4161 Haemoptoe
925 4076 1106 4142 dolor
1133 4082 1201 4140 et
1244 4077 1417 4141 calor
1443 4082 1671 4160 pectus
1700 4075 2017 4154 obsident,
2049 4094 2199 4137 cum
2237 4073 2461 4139 debili-

266 4189 402 4247 tate
477 4180 732 4245 uadam.

365 4205 486 4368 [il]
543 4283 854 4348 Mittatur
883 4282 1144 4366 sanguis
1184 4303 1260 4346 ex
1294 4280 1556 4346 brachio
1588 4281 1813 4345 dextro
1844 4281 1926 4345 ad
1955 4280 2178 4345 uncias
2218 4280 2459 4345 decem.
2489 4304 2749 4351 cunum.

270 4387 582 4472 Sequenti
620 4408 814 4452 mane
853 4391 1067 4451 sumat
1096 4385 1436 4450 Potionem
1468 4383 1885 4468 Purgativam
1916 4383 2365 4462 Communem,
2396 4391 2463 4447 et

333 4521 360 4549 ⁸
396 4516 471 4565 cf.
497 4531 604 4578 sup.
628 4532 668 4564 c.
695 4519 736 4566 1.
985 4510 1016 4548 b
1050 4514 1126 4562 ΟΕ
1151 4513 1290 4564 form.
1320 4515 1429 4562 133.
1661 4519 1685 4546 θ
1727 4511 1803 4560 cf.
1833 4515 2015 4562 Observ.
2040 4512 2167 4560 Mea.
2192 4511 2256 4560 vi.
2282 4511 2326 4563 7.
2350 4513 2396 4560 9.
