3138 5006
375 444 460 490 De
487 442 657 490 Valu-

376 500 659 569 oLsCo-1«

412 584 635 619 rausnr.

395 2799 509 2848 Non
522 2798 675 2862 phan-

392 2865 557 2922 tasiae,
574 2863 657 2911 sed

390 2929 684 2991 phaenome-

398 2993 476 3040 nis
499 3007 637 3055 prac-

397 3057 523 3113 ticis,
543 3055 653 3104 litat

399 3121 607 3170 Author.

679 269 809 333 362
1148 336 1159 349 ‚
1304 266 1697 333 ΤΗΟΜΑΕ
1745 266 2264 337 sYDENHAM

681 448 831 491 vero
882 426 1053 491 idem
1112 427 1393 491 amicitia
1448 427 1610 491 mihi
1667 427 1751 490 sit
1809 424 2386 510 conjunctissimus,
2439 434 2688 509 quanto
2743 446 2908 489 cum

686 530 884 595 animi
928 529 1221 614 prolubio
1265 536 1331 593 et
1376 530 1628 593 veritati
1676 536 1742 593 et
1789 528 1927 591 Viri
1975 528 2420 591 Amantissimi
2468 529 2682 593 famae
2735 528 2908 591 mihi

685 631 1007 697 litandum
1042 632 1225 695 erat?
1305 630 1433 695 Hic
1472 631 1648 695 enim
1675 631 1784 694 ille
1820 637 1938 708 est,
1970 630 2100 713 qui,
2131 652 2274 693 cum
2305 632 2495 714 pauci
2538 632 2908 695 admodum

687 756 793 798 me
810 734 912 798 vel
930 732 1276 797 minimum
1300 734 1453 817 quid
1480 733 1550 796 in
1573 734 1670 797 Re
1691 732 1954 796 Medica
1980 733 2110 796 sive
2130 732 2516 815 indaganda,
2541 734 2674 797 sive
2697 735 2910 797 etiam

688 835 1053 915 excolenda,
1084 836 1423 920 profecisse
1459 855 1738 899 asserere
1769 834 2099 913 auderent,
2130 834 2588 899 maledicorum
2617 836 2912 900 torrenti

687 958 755 1001 se
784 938 1069 1002 medium
1098 935 1373 1021 objicere
1402 937 1725 1015 sustinuit,
1759 943 1952 1020 atque
1991 958 2096 1001 me
2125 936 2264 1019 pari
2293 937 2429 1001 zelo
2460 959 2534 1000 ac
2563 938 2694 1001 fide
2725 945 2910 1001 tuta-

687 1041 897 1119 batur,
945 1062 1071 1124 quo
1113 1046 1450 1124 parentem
1491 1039 1684 1103 filius.
1773 1038 2271 1105 Quantumlibet
2316 1049 2536 1104 autem
2577 1040 2912 1104 beneficio

686 1152 825 1206 tam
866 1142 1107 1225 insigni
1150 1141 1499 1219 devinctae,
1540 1161 1882 1223 nunquam
1925 1148 2146 1204 tamen
2189 1141 2317 1203 nisi
2366 1162 2474 1205 eas
2518 1164 2678 1225 quas
2725 1164 2914 1206 com-

690 1245 927 1309 meruit
968 1244 1191 1308 laudes
1234 1243 1688 1326 praedicarem,
1727 1264 1876 1306 cum
1916 1242 2183 1326 perinde
2226 1243 2358 1307 fere
2401 1243 2486 1307 sit
2527 1244 2916 1328 improbum

692 1348 821 1411 sive
864 1345 1202 1430 opprobrio
1248 1346 1377 1409 sive
1418 1344 1790 1409 laudatione
1839 1344 2140 1429 indignos
2183 1345 2451 1424 afficere,
2495 1347 2914 1430 quandoqui-

694 1450 843 1513 dem
870 1448 1175 1531 utrinque
1204 1469 1244 1511 a
1269 1445 1537 1511 ⁴veritate
1579 1446 1960 1510 discedatur.
2049 1446 2264 1510 Nemo
2291 1447 2508 1531 itaque
2547 1449 2712 1511 mihi
2741 1450 2916 1513 vitio

695 1560 922 1633 vertat,
954 1552 1009 1616 si
1045 1552 1277 1615 Virum
1319 1552 1494 1615 hunc
1538 1572 1660 1634 ego
1705 1551 1951 1614 nemini
1989 1552 2160 1623 inter
2197 1572 2304 1615 eos
2339 1552 2450 1635 qui
2486 1554 2648 1616 mihi
2677 1554 2914 1617 hacte-

695 1678 823 1720 nus
843 1656 1198 1735 innotuere,
1222 1654 1544 1737 probitate
1575 1653 1926 1717 secundum
1955 1653 2232 1718 fidenter
2259 1654 2730 1735 affirmaverim,
2751 1678 2916 1720 cum

696 1758 768 1821 in
807 1764 908 1821 tot
954 1778 1272 1821 annorum
1317 1756 1522 1839 spatio
1577 1756 1806 1839 quibus
1851 1777 1927 1819 eo
1971 1756 2366 1820 familiariter
2407 1780 2563 1821 usus
2603 1759 2752 1835 sim,
2781 1780 2918 1823 nec

700 1860 873 1923 dicto
904 1878 1292 1943 quemquam
1320 1856 1594 1934 laedere,
1627 1864 1870 1940 quanto
1904 1856 2120 1921 minus
2141 1857 2330 1935 fact0,
2361 1858 2483 1921 sibi
2512 1860 2911 1941 permiserit.

700 1960 1039 2027 Quantum
1072 1981 1223 2024 vero
1260 1960 1331 2023 in
1370 1981 1448 2023 ea
1486 1981 1681 2042 quam
1707 1962 2048 2043 profitetur
2086 1960 2250 2023 Arte
2277 1954 2638 2044 praecellat,
2683 1964 2914 2045 (modo

698 2065 938 2129 DEUS
969 2064 1168 2127 vitam
1198 2060 1257 2147 ei
1279 2061 1704 2144 concesserit,)
1731 2061 1910 2125 brevi
1937 2061 2090 2126 satis
2113 2062 2464 2141 elucescet3
2507 2084 2657 2127 cum
2689 2066 2913 2128 erudi-

698 2166 862 2230 tioni
888 2165 1065 2228 haud
1092 2162 1359 2247 vulgari,
1393 2186 1521 2247 qua
1549 2184 1773 2229 omnes
1802 2163 2168 2228 Medicinae
2201 2173 2340 2228 tam
2370 2166 2672 2249 antiquae
2705 2189 2912 2250 quam

697 2267 1045 2332 modernae
1110 2270 1355 2329 tractus
1422 2266 1923 2349 perlustraverit,
1987 2266 2544 2350 exquisitissimam
2611 2268 2683 2331 in
2751 2268 2911 2333 sub-

697 2368 1014 2433 tilioribus
1065 2372 1335 2449 praxeos
1366 2367 1672 2431 minutiis
1736 2367 2122 2451 indagandis
2171 2360 2494 2433 solertiam
2543 2369 2708 2451 (sine
2779 2393 2914 2454 qua.

700 2490 895 2538 nemo
938 2491 1229 2554 unquam
1279 2469 1677 2534 Medicinam
1719 2469 1954 2535 merita
1999 2490 2148 2535 cum
2197 2470 2388 2536 laude
2430 2471 2662 2553 faciet,)
2719 2480 2914 2537 catus

702 2573 1034 2640 attulerit.
1092 2573 1267 2638 unde
1307 2573 1503 2638 etiam
1560 2595 1896 2657 aegrorum
1955 2595 2218 2637 suorum
2261 2575 2424 2640 votis
2464 2575 2678 2676 bonus
2721 2577 2915 2641 felix·

704 2698 828 2761 que
858 2698 1007 2742 cum
1036 2675 1259 2761 primis
1287 2676 1654 2761 respondet.

802 2780 967 2865 [56.]
1025 2780 1209 2844 Haec
1252 2780 1513 2843 demum
1558 2786 1711 2843 sunt
1752 2801 1916 2863 quae
1953 2780 2088 2864 ipse
2124 2779 2206 2845 de
2233 2780 2356 2846 hoc
2399 2779 2625 2847 morbo
2667 2785 2914 2863 sentio,

710 2905 871 2967 quae
902 2905 1037 2947 non
1072 2881 1232 2944 mihi
1268 2881 1588 2964 suggessit
1629 2881 2006 2965 phantasiae
2047 2883 2506 2965 imaginatricis
2547 2885 2916 2970 temeritas,

709 2984 821 3050 sed
865 2983 1311 3067 phaenomena
1350 2982 1633 3065 practica
1673 2981 2004 3046 edocuere.
2091 2983 2325 3067 Neque
2365 3005 2520 3048 sane
2561 2985 2749 3068 capio
2797 2986 2918 3068 qui

708 3085 847 3150 fieri
874 3083 1075 3167 possit
1102 3090 1179 3147 ut
1207 3083 1469 3146 fallatur
1496 3081 1572 3160 is,
1596 3082 1714 3165 'qui
1744 3079 2164 3164 cogitationes
2193 3105 2341 3146 suas
2369 3105 2593 3148 omnes
2619 3106 2810 3150 mera
2839 3107 2920 3150 ae

708 3185 887 3250 nuda
914 3184 1053 3268 ejus
1082 3183 1212 3247 sive
1241 3183 1399 3247 artis
1428 3183 1557 3247 sive
1575 3182 1897 3246 facultatis
1925 3183 2106 3267 praxi
2133 3184 2371 3250 limitat
2400 3193 2466 3250 et
2496 3187 2916 3268 determinat,

710 3307 905 3370 quam
950 3284 1074 3349 sibi
1121 3283 1608 3400 perdiscendam
1659 3291 1727 3348 et
1774 3305 1922 3348 cum
1968 3285 2161 3349 laude
2211 3288 2628 3352 exercendam
2673 3307 2918 3373 propo·

710 3387 877 3463 suit3
922 3391 1037 3449 aut
1096 3405 1132 3449 e
1175 3391 1417 3464 contra,
1461 3385 1578 3468 qui
1617 3386 1820 3470 possit
1868 3388 2010 3451 fieri
2049 3397 2127 3452 ut
2169 3410 2305 3452 non
2347 3397 2486 3454 tam
2535 3390 2609 3453 in
2650 3391 2797 3474 ipso
2847 3413 2920 3456 se

713 3509 906 3572 quam
934 3486 1007 3553 in
1036 3486 1176 3550 aliis
1206 3484 1598 3571 decipiendis
1627 3509 1851 3552 omnes
1877 3490 2047 3554 vitae
2077 3511 2279 3555 annos
2309 3493 2606 3577 prodigat
2634 3493 2763 3571 ille,
2801 3495 2918 3577 qui

711 3591 783 3653 in
831 3589 909 3652 iis
957 3587 1393 3670 excogitandis
1436 3609 1696 3672 operam
1737 3589 2066 3674 disperdit,
2111 3613 2278 3677 quae
2328 3615 2477 3658 cum
2519 3595 2702 3678 praxi
2743 3596 2922 3662 nihil

620 3727 627 3732 ·
712 3713 972 3777 prorsus
1015 3689 1261 3754 habent
1302 3711 1666 3756 commune.
1756 3694 1844 3757 Et
1883 3695 2076 3759 sicuti
2118 3696 2620 3781 haudquaquam
2655 3698 2934 3763 faustus

406 4215 553 4264 Probi
576 4209 685 4264 Me-

406 4280 503 4356 dici
526 4279 632 4328 offi-

404 4359 557 4396 cmm·

714 3795 1029 3881 probusve
1056 3795 1236 3858 navis
1266 3795 1347 3859 ad
1376 3796 1626 3861 clavum
1657 3797 2052 3880 gubernator
2075 3799 2271 3864 fuerit
2308 3801 2435 3880 ille,
2469 3801 2576 3884 qui
2607 3821 2745 3865 non
2771 3809 2918 3866 tam

716 3898 801 3968 ad
841 3898 1059 3962 brevia
1096 3905 1162 3964 et
1192 3921 1343 3964 saxa
1381 3899 1752 3964 submarina
1789 3902 2197 3983 agnoscenda
2227 3903 2674 3986 evitandaque,
2715 3925 2920 3986 quam

716 4001 805 4066 ad.
827 4001 1287 4081 causas,fluxus
1324 4002 1731 4084 refluxusque
1767 4003 1964 4066 maris
1994 4005 2430 4088 speculandas,
2463 4006 2752 4069 animum
2803 4005 2920 4069 ad-

714 4103 1015 4182 verterit3
1061 4105 1257 4188 (quod
1298 4105 1581 4188 quidem,
1613 4125 1763 4168 cum
1794 4105 2176 4189 philosopho
2219 4107 2302 4170 sit
2332 4107 2802 4190 dignissimum,
2833 4108 2922 4172 ab

714 4227 793 4272 eo
820 4214 1046 4271 tamen
1069 4227 1379 4290 perquam
1418 4214 1517 4270 est
1546 4207 1845 4288 alienum,
1887 4209 1992 4272 cui
2017 4209 2088 4273 id
2124 4216 2383 4273 tantum
2415 4210 2661 4294 negotii
2688 4211 2924 4274 datum

717 4317 815 4378 est
848 4315 923 4375 ut
960 4309 1139 4374 navis
1178 4330 1315 4376 non
1354 4309 1808 4392 submergatur
1823 4311 1868 4392 ς)
1901 4310 1996 4375 ita
2037 4333 2246 4395 neque
2286 4311 2602 4392 Medicus,
2633 4312 2734 4376 cui
2775 4334 2925 4377 non

717 4411 841 4476 alia
867 4433 1057 4495 quam
1089 4412 1515 4478 curandorum
1544 4412 1918 4480 morborum
1945 4415 2270 4498 provincia
2298 4415 2682 4496 decernitur,
2709 4437 2926 4500 quan-
