3138 5006
415 443 615 494 Fennis

401 509 631 558 Coum«.

368 573 651 622 Armorum

676 268 808 334 216
1298 266 1687 334 THOMAE
1735 267 2256 334 SYDENHAM

678 429 901 492 statim
938 427 1231 513 perspexi
1269 430 1792 514 symptomaticas
1833 429 2032 494 fuisse
2073 429 2227 494 huic
2271 426 2483 508 Febri,
2517 449 2652 493 non
2695 449 2872 506 vero,

676 537 754 595 ut
794 532 867 595 in
917 532 1377 596 constitutione
1420 531 1850 615 praecedenti,
1894 531 2236 614 originales
2289 536 2356 594 et
2399 531 2607 614 primo
2655 535 2870 593 ortas:

406 637 613 688 ’⁷³-’⁷⁵·
677 653 807 716 quo
862 654 998 698 non
1055 633 1371 712 obstante,
1424 653 1575 698 cum
1631 633 1842 698 morbi
1901 653 2096 696 causa
2143 633 2215 695 in
2275 632 2607 715 sanguinis
2657 651 2874 694 massa

369 741 467 789 quo
490 735 631 790 pacto

369 790 644 841 tollebatur.

366 2379 635 2429 Dian-hoen

366 2461 396 2493 a
417 2459 585 2492 narco-

364 2510 474 2566 tico‚
499 2509 584 2557 ubi

365 2588 489 2635 opus
508 2580 625 2631 erat,

363 2638 634 2687 sistebatur.

362 3098 645 3149 Narcotico-

362 3179 474 3211 rum
496 3180 616 3213 usus

363 3227 454 3275 hoc
477 3227 579 3275 solo

362 3290 415 3338 in
433 3306 547 3339 casu
562 3292 643 3339 hic

360 3362 463 3401 erat
483 3370 591 3417 pro-

361 3418 562 3467 bandus.

360 3612 623 3665 Convales-

356 3682 572 3731 centium

358 3746 555 3794 sudores

357 3810 581 3858 nocturni

357 3873 487 3922 unde
507 3876 615 3932 orti,

353 3944 404 3985 et
426 3953 521 4001 quo

353 4002 497 4050 modo
518 4003 614 4053 tol-

354 4064 498 4118 leudi.

674 735 1101 814 clauderetur,
1159 735 1741 800 venae-sectionem
1805 755 1882 798 ea
1928 734 2296 812 indicabat;
2362 754 2527 817 quae
2584 733 2872 816 quidem,

673 836 1013 919 propinato
1058 836 1257 899 etiam
1304 841 1451 920 post
1498 834 1824 900 narcotico
1873 835 1954 900 ad
2007 835 2167 900 duas
2217 835 2407 914 vices,
2453 835 2872 920 symptomati

674 939 829 1003 huic
857 938 1239 1003 debellando
1266 959 1383 1022 par
1412 945 1567 1004 erat.

772 1041 937 1124 [24]
997 1040 1379 1124 Septembri,
1428 1042 1618 1120 16⁷5,
1665 1041 1784 1104 Dm
1833 1041 2157 1126 Conysby,
2198 1043 2390 1126 juxta
2437 1042 2695 1126 Equilia
2737 1043 2867 1106 Re-

674 1142 783 1226 gia
838 1141 1159 1220 habitans,
1217 1163 1324 1206 me
1398 1142 1767 1221 accersivit3
1839 1143 2238 1208 laboraverat
2297 1165 2374 1208 ea
2444 1145 2568 1208 hac
2637 1144 2870 1223 Febre,

671 1244 913 1310 ventris
958 1244 1349 1308 torminibus
1405 1241 1748 1328 derepente
1797 1245 1936 1328 jam
1987 1253 2296 1330 correpta,
2345 1267 2510 1328 quae
2567 1245 2868 1329 deinceps

673 1346 1075 1430 excipiebant
1114 1345 1502 1430 dejectiones
1542 1345 1936 1429 sanguineae
1976 1368 2050 1410 ac
2090 1367 2408 1412 mucosae.
2497 1348 2681 1412 Licet
2717 1370 2870 1433 pro-

672 1448 866 1514 tritae
908 1449 1046 1533 jam
1103 1449 1185 1512 ab
1243 1448 1489 1531 aliquot
1539 1447 1766 1512 diebus
1824 1447 1906 1513 ob
1967 1449 2267 1514 morbum
2324 1450 2654 1514 diutinum
2701 1450 2868 1514 vires

673 1557 909 1630 essent,
952 1551 1230 1615 maxime
1273 1571 1421 1614 vero
1465 1572 1505 1614 a
1546 1550 1981 1634 dejectionum
2036 1551 2404 1635 frequentia
2453 1573 2618 1636 quae
2673 1559 2868 1616 nocte

672 1674 1045 1736 praegressa
1070 1654 1351 1717 multum
1378 1651 1824 1736 fatigaverant,
1857 1653 2241 1736 sanguinem
2285 1661 2508 1718 tamen
2537 1676 2574 1718 e
2603 1654 2868 1719 brachio

674 1755 895 1820 statim
923 1755 1328 1820 educendum
1366 1754 1601 1834 curavi,
1631 1761 1700 1818 et
1726 1755 1919 1839 paulo
1957 1763 2102 1839 post
2130 1756 2530 1820 narcoticum
2559 1757 2868 1822 exhiben-

672 1857 871 1937 dum3
913 1857 1147 1942 quibus
1188 1857 1482 1943 peractis,
1512 1877 1591 1920 ea
1629 1856 1772 1941 ipsa
1810 1864 2004 1922 nocte
2047 1857 2434 1942 dejectiones
2477 1865 2868 1924 stercorosae

673 1959 1249 2045 conspiciebantur.
1338 1959 1541 2024 Mane
1599 1965 1666 2024 et
1715 1959 1962 2044 vesperi
2005 1961 2422 2043 sequentibus
2463 1963 2866 2026 narcoticum

670 2061 1041 2146 repetebam
1068 2061 1486 2146 praedictum,
1504 2060 1820 2145 imperato
1849 2061 2046 2126 etiam
2073 2061 2544 2128 medicamento
2573 2065 2869 2129 cardiaco

670 2163 1085 2230 moderatiori
1128 2183 1257 2246 quo
1286 2162 1547 2248 spiritus
1577 2163 2128 2244 refocillarentur3
2173 2172 2368 2250 atque
2397 2165 2478 2230 ab
2508 2166 2611 2230 his
2641 2168 2868 2232 statim

672 2265 1017 2331 convaluit.

770 2368 934 2452 [25.]
990 2364 1411 2432 Diarrhoeam
1470 2366 1644 2452 quod
1701 2367 1956 2447 attinet,
2011 2390 2173 2452 quae
2231 2369 2458 2435 eodem
2514 2371 2648 2436 fere
2705 2370 2866 2435 anni

670 2474 958 2554 tempore
999 2469 1153 2535 huic
1199 2469 1391 2536 Febri
1427 2470 1605 2536 haud
1641 2491 1788 2536 raro
1834 2471 2183 2552 accidebat,
2221 2473 2438 2537 minus
2485 2472 2697 2539 adhuc
2739 2474 2868 2539 ista

671 2573 1023 2639 facessebat
1060 2573 1344 2657 negotii3
1388 2594 1664 2658 cumque
1703 2595 1780 2638 ea
1808 2596 2018 2657 neque
2047 2596 2239 2658 aegro
2273 2576 2620 2659 prodesset,
2651 2598 2868 2661 neque

670 2677 868 2741 etiam
909 2678 1209 2757 officeret,
1247 2677 1588 2760 (quantum
1616 2676 1780 2739 mihi
1807 2676 2140 2741 observare
2181 2677 2408 2762 licuit,)
2443 2678 2572 2742 sive
2613 2678 2866 2743 adesset

670 2787 913 2864 stupor,
945 2779 1075 2843 sive
1111 2779 1306 2844 etiam
1345 2777 1614 2856 abesset,
1644 2778 1894 2841 nullam
1935 2778 2016 2843 ab
2043 2778 2158 2843 illa
2189 2779 2650 2845 indicationem
2679 2802 2862 2845 cura-

669 2882 869 2947 tivam
908 2882 1135 2947 elicere
1162 2880 1471 2959 valebam,
1500 2880 1695 2944 modo
1722 2880 1898 2944 intra
1933 2902 2041 2945 eos
2071 2888 2270 2946 staret
2298 2882 2538 2947 limites
2567 2889 2644 2947 ut
2673 2904 2864 2967 aeger

671 2986 752 3050 ab
782 3009 859 3051 ea
888 2987 967 3051 de
986 2986 1121 3051 vita
1146 3007 1283 3051 non
1309 2985 1816 3069 periclitam-etun
1863 3007 1989 3069 quo
2018 2985 2089 3049 in
2111 3006 2264 3051 casu
2291 2988 2694 3052 narcoticum
2722 2989 2864 3052 sine

672 3088 870 3153 dubio
910 3087 1336 3166 indicabatur,
1368 3094 1562 3168 atque
1608 3085 1681 3150 in
1710 3107 1787 3151 eo
1826 3087 1961 3151 solo
2006 3088 2374 3170 probandus
2415 3090 2862 3175 anodynorum

667 3212 822 3253 usus
865 3210 981 3273 per
1022 3208 1281 3251 omnem
1323 3187 1534 3251 morbi
1576 3188 1772 3272 hujus
1822 3188 2199 3268 decursum3
2242 3191 2475 3273 ingens
2527 3192 2704 3255 enim
2749 3192 2864 3256 illa

665 3290 1003 3374 propensio
1042 3310 1170 3372 qua
1210 3287 1333 3351 hac
1362 3287 1567 3353 Febre
1605 3288 1971 3355 laborantes
1998 3292 2072 3354 in
2111 3299 2438 3375 stuporem
2466 3293 2858 3373 ferebantur,

666 3390 747 3455 ab
786 3390 886 3455 his
929 3390 1407 3468 intendebatur,
1440 3412 1514 3455 ac
1556 3393 1826 3475 proinde
1867 3394 1995 3457 nisi
2040 3401 2316 3477 urgente
2360 3396 2742 3459 necessitate
2789 3395 2861 3460 in

664 3515 855 3557 usum
884 3514 1223 3577 nunquam
1251 3501 1435 3558 erant
1464 3495 1840 3559 revocanda.

763 3595 928 3679 [26.]
982 3596 1365 3659 Notandum
1394 3601 1493 3659 est
1521 3595 1699 3659 haud
1725 3618 1873 3660 raro
1911 3597 2197 3662 accidere
2225 3604 2362 3663 tam
2393 3598 2474 3663 ab
2502 3598 2626 3663 hac
2656 3598 2860 3664 Febre

666 3718 860 3780 quam
902 3696 1188 3761 febribus
1232 3697 1371 3761 aliis
1416 3698 2027 3778 convalescentibus,
2063 3699 2144 3763 iis
2186 3700 2466 3765 maxime
2511 3722 2670 3783 quos
2711 3701 2860 3765 illae

663 3798 907 3863 diutius
936 3806 1431 3877 maceraverant,
1455 3819 1576 3863 nec
1605 3799 1732 3863 nisi
1761 3808 1906 3883 post
1927 3801 2154 3883 longas
2178 3821 2574 3885 magnasque
2597 3820 2862 3866 evacua-

660 3900 873 3965 tiones
920 3900 1186 3965 tandem
1239 3901 1648 3979 demiserant,
1701 3901 2100 3985 (praesertim
2144 3902 2198 3966 si
2240 3902 2602 3968 invalidiori
2645 3910 2864 3967 essent

661 4004 940 4088 corporis
990 4002 1262 4086 habitu,)
1313 4010 1391 4066 ut
1440 4010 1642 4067 noctu
1689 4004 1761 4067 in
1811 4004 1980 4068 lecto
2038 4004 2348 4068 cubantes
2399 4005 2864 4069 incalescerent

659 4107 961 4189 primum,
991 4126 1143 4170 mox
1186 4105 1416 4170 sudore
1462 4105 1846 4185 diffluerent,
1878 4127 1918 4169 a
1961 4106 2194 4189 quibus
2223 4106 2639 4171 vehementer
2678 4107 2860 4170 infir-

658 4208 1023 4287 mabantur,
1048 4213 1115 4271 et
1143 4207 1306 4271 vires
1336 4206 1585 4271 tardius
1613 4206 2026 4291 recipiebant,
2057 4206 2361 4272 nonnulli
2390 4208 2590 4271 etiam
2615 4208 2855 4292 praeci-

656 4309 1033 4392 pitabantur
1060 4309 1132 4373 in
1161 4310 1397 4374 tabem.
1490 4309 1661 4372 Cum
1690 4315 2054 4394 symptoma
2079 4310 2202 4374 hoc
2221 4330 2358 4374 non
2389 4310 2650 4373 aliunde
2678 4309 2858 4373 nasci

658 4410 1087 4477 existimarem
1119 4432 1312 4495 quam
1343 4432 1383 4476 a
1410 4410 1725 4493 sanguine
1756 4411 1837 4476 ob
1873 4412 2172 4477 morbum
2203 4411 2748 4479 contumaciorem
2779 4432 2856 4475 eo
