3138 5006
1264 953 1367 1003 DE

730 1154 1107 1287 MICTOU
1194 1155 1888 1246 SANGUINEO

644 1403 692 1455 A
751 1403 1101 1489 (JALcULo
1160 1406 1505 1460 RENIBUS
1567 1405 1969 1460 IMPAcToa.

208 1634 215 1640 ,
296 1568 624 1634 QUAMVIS
665 1571 945 1639 hominis
982 1574 1196 1638 minus
1240 1576 1413 1639 cauti
1457 1583 1523 1640 et
1565 1575 1901 1659 prudentis
1931 1596 2066 1640 esse
2093 1575 2406 1657 videatur,
2506 1646 2510 1652 ,

206 1670 714 1739 ,observationem
758 1675 831 1737 in
872 1677 1101 1759 vulgus
1144 1699 1461 1761 spargere,
1512 1678 1697 1761 cujus
1739 1678 1811 1741 in
1855 1699 1923 1741 se
1964 1678 2103 1761 ipso
2140 1685 2404 1743 tantum

210 1772 714 1855 experimentum
757 1778 1037 1859 ceperit3
1081 1800 1275 1843 nemo
1311 1786 1534 1843 tamen
1583 1780 1874 1863 (opinor,)
1911 1800 2148 1863 aequus
2183 1802 2405 1843 rerum

210 1878 447 1942 arbiter
466 1901 676 1963 aegre
719 1881 901 1959 feret,
941 1903 1066 1961 me,
1098 1884 1209 1967 qui
1243 1884 1495 1947 tamdiu
1531 1891 1843 1967 tantaque
1893 1906 1934 1949 a
1979 1884 2191 1949 Mictu
2237 1885 2400 1948 San·

209 1980 462 2061 guineo,
486 2003 525 2045 a
547 1982 808 2046 Calculo
830 1984 1119 2047 Renibus
1147 1985 1427 2068 impacto
1456 1992 1616 2064 orto,
1639 1986 1869 2049 fuerim
1897 2006 2255 2069 perpessus,
2281 1987 2406 2050 hu·-

208 2083 517 2146 manitate
552 2091 618 2147 et
646 2084 1055 2149 miseratione
1084 2106 1237 2169 erga
1266 2087 1510 2151 sodales
1553 2088 1626 2150 in
1659 2087 1782 2151 hoc
1824 2087 1996 2150 malo
2025 2107 2407 2151 meoscom-

206 2191 475 2263 motum,
507 2186 585 2249 iis
625 2186 735 2268 qui
766 2186 996 2250 eodem
1032 2188 1257 2251 morbo
1296 2188 1644 2253 excruciari
1681 2189 2063 2271 quandoque
2100 2188 2405 2271 poterint,

196 2286 330 2353 ista
346 2287 629 2351 remedia
647 2288 928 2352 indicare
947 2309 1109 2372 quae
1125 2288 1287 2353 mihi
1308 2290 1566 2373 aliquali
1586 2289 1886 2354 levamini
1905 2290 2186 2369 fuerunt,
2209 2300 2408 2374 quan-

204 2389 505 2453 tumlibet
532 2390 818 2473 vulgaria
844 2399 910 2455 et
938 2391 1127 2455 nihili
1153 2391 1445 2455 facienda
1472 2392 1639 2456 forte
1667 2392 2023 2456 videantur.

304 2491 427 2574 [2.]
480 2492 681 2557 Anno
715 2493 886 2558 1660
918 2493 1203 2578 podagra
1241 2516 1347 2559 me
1387 2494 1638 2574 invasit,
1681 2517 2061 2580 paroxysmo
2103 2501 2248 2559 tum
2289 2495 2409 2560 im-

207 2593 494 2657 maniore
522 2600 667 2666 tum
696 2594 1112 2674 diuturniore,
1145 2618 1340 2680 quam
1367 2597 1545 2680 prius
1573 2619 1883 2680 unquam,
1915 2597 2222 2661 miserum
2252 2597 2410 2663 affli-

208 2716 387 2776 gens,
452 2695 621 2759 Cum
655 2717 735 2759 ex
770 2697 893 2760 hac
930 2718 1120 2760 causa
1158 2699 1397 2766 aestivo
1424 2705 1715 2781 tempore
1741 2699 1842 2762 vel
1875 2699 2050 2762 intra
2075 2698 2176 2762 vel
2220 2720 2412 2781 supra

208 2798 449 2861 lectum
479 2797 863 2862 submollem
882 2799 1129 2883 jugiter
1171 2801 1255 2864 ad
1294 2800 1454 2864 duos
1494 2821 1749 2865 menses
1792 2801 2262 2878 decumberem,
2293 2801 2409 2864 sub

206 2899 407 2963 finem
453 2901 817 2983 paroxysmi
864 2900 1149 2966 dolorem
1193 2901 1496 2966 hebetem
1546 2909 1614 2965 et
1667 2902 1968 2966 obtusum
2016 2901 2294 2966 maxime
2339 2902 2411 2967 in

205 3001 469 3065 sinistro
500 3002 701 3081 Rene,
730 3023 1203 3087 nonnunquam
1245 3003 1418 3087 (licet
1456 3003 1702 3085 rarius)
1740 3010 1804 3066 et
1845 3004 1918 3067 in
1957 3002 2199 3080 dextro,
2231 3005 2411 3086 coepi

202 3102 684 3186 persentiscere.
770 3105 837 3168 A
881 3105 1168 3188 podagra
1214 3105 1684 3170 convalescenti
1732 3104 2037 3169 haerebat
2081 3111 2410 3186 utcunque

207 3205 468 3269 Renum
498 3205 696 3284 dolor,
730 3204 841 3289 qui
876 3227 993 3289 per
1018 3207 1357 3272 intervalla
1386 3207 1722 3290 quaedam,
1751 3207 2122 3271 nullatenus
2159 3214 2406 3286 acutus,

182 3307 323 3371 -sed
362 3307 516 3372 satis
554 3307 922 3387 tolerabilis,
962 3330 1069 3374 me
1110 3309 1574 3388 submonebat;
1623 3308 1916 3372 nondum
1957 3308 2134 3372 enim
2172 3307 2408 3372 Parox-

202 3429 280 3492 ys
288 3429 391 3472 mo
428 3409 809 3492 Nephritico
846 3409 1062 3497 (cujus
1112 3418 1269 3475 sunt
1306 3401 1575 3476 comites
1621 3411 1804 3475 dolor
1843 3410 2076 3494 ingens
2120 3431 2235 3493 per
2261 3431 2406 3475 ure-

203 3519 424 3574 terum
454 3511 686 3576 ductus
712 3513 989 3578 vesicam
1016 3533 1235 3576 versus
1274 3513 1573 3590 tendens,
1603 3517 1750 3574 tum
1785 3511 2051 3575 vomitio
2079 3510 2404 3595 enormia)

184 3613 309 3678 ..vel
354 3613 551 3678 semel
594 3614 1051 3678 laboraveram.
1138 3613 1444 3679 Quamvis
1480 3633 1632 3676 vero
1668 3612 1962 3676 nondum
1989 3612 2258 3676 aderant
2285 3613 2412 3676 ista

184 3714 459 3779 ‚Calculi
504 3715 764 3779 Renum
808 3714 1062 3795 indicia,
1108 3736 1258 3779 cum
1309 3715 1556 3779 ratione
1613 3721 1836 3779 tamen
1873 3715 2244 3799 judicabam
2300 3736 2408 3779 me

208 3817 558 3883 Calculum
577 3818 748 3883 mole
773 3817 1189 3900 insigniorem
1217 3817 1289 3880 in
1310 3817 1566 3881 Renum
1593 3816 1762 3899 pelvi
1790 3823 2039 3899 gestare
2059 3840 2084 3896 ς
2127 3819 2239 3899 qui
2260 3838 2409 3881 cum

200 3924 416 4008 major
443 3929 611 3986 esset
641 3943 835 4006 quam
874 3927 949 3983 ut
988 3941 1067 3984 ex
1110 3919 1276 4004 pelvi
1314 3919 1486 3983 dicta
1511 3918 1582 3981 in
1610 3925 1942 3982 ureterum
1979 3918 2214 3982 ductus
2244 3919 2411 3983 elabi

200 4033 446 4112 posset,
492 4024 819 4110 praedicta
856 4029 1288 4106 symptomata
1326 4042 1463 4085 non
1505 4021 1750 4085 intulit.
1840 4019 1988 4085 Qua
2024 4020 2096 4083 in
2131 4041 2224 4098 re,
2263 4026 2410 4103 post

202 4150 415 4193 annos
444 4128 681 4191 multos
720 4125 986 4207 elapsos,
1014 4145 1121 4187 me
1148 4123 1616 4186 hallucinatum
1643 4143 1781 4186 non
1807 4121 2003 4185 fuisse
2033 4128 2208 4185 certo
2237 4142 2410 4184 com-

176 4231 383 4315 peri:
430 4227 671 4294 etenim
711 4247 863 4292 cum
905 4226 1139 4290 bruma
1181 4225 1337 4289 anni
1370 4225 1555 4302 1676,
1590 4222 1809 4286 statim
1843 4243 1884 4285 a
1925 4222 2131 4286 soluto
2158 4221 2412 4304 rigidis·

204 4333 375 4397 simo
396 4331 563 4415 gelu,
587 4331 701 4395 diu
720 4330 1129 4410 multumque
1150 4327 1685 4403 obambulassem,
1707 4324 1964 4389 urinam
1983 4346 2134 4389 mox
2159 4324 2411 4391 reddidi

993 4462 1019 4492 ⁸
1054 4455 1129 4504 Cf.
1154 4457 1361 4504 Procae.
1383 4455 1476 4502 [πε.
1500 4467 1539 4502 c.
1566 4455 1645 4501 21.

1256 4535 1296 4596 3
1332 4555 1373 4596 x
