3138 5006
706 277 839 342 434
1330 277 1722 343 'PHOMAE
1767 275 2290 342 SYDENHAM

418 449 502 498 Da
528 450 664 498 Pon-
704 439 1032 524 pensione,
1086 447 1153 505 et
1202 441 1559 505 ventriculo
1607 439 1872 504 tandem
1918 439 2003 505 ad
2043 439 2144 504 lac
2187 443 2564 518 nauseante,
2611 435 2924 502 absistere

459 529 621 564 Actu.

704 549 963 608 coactus
1006 547 1123 608 est.
1212 543 1535 608 Nonnulli
1577 564 1727 608 vero
1767 541 2330 630 hypochondriaci,
2375 563 2590 606 crasso
2633 541 2918 625 corporis

702 645 953 726 habitu,-
980 646 1084 710 vel
1112 647 1221 730 qui
1250 647 1405 710 alias
1440 646 1796 730 liquoribus
1830 646 2188 731 spirituosis
2226 644 2338 709 diu
2378 644 2788 728 multumque
2817 665 2922 709 as-

705 769 983 826 suevere,
1006 748 1189 812 lactis
1224 769 1417 812 usum
1444 749 1818 814 nullatenus
1848 748 2014 813 ferre
2042 754 2334 832 possunt.
2381 747 2646 812 Interea
2673 747 2916 812 emolu·

702 858 1001 915 mentum
1028 851 1189 915 illud
1216 851 1523 935 perbreve
1552 873 1628 916 ac
1655 852 1854 935 fugax
1883 851 2058 935 quod
2079 873 2156 915 ex
2176 851 2298 915 hac
2319 850 2534 915 diaeta
2554 851 2916 934 percipiunt

702 954 799 1017 illi
830 954 1061 1038 quibus
1091 975 1239 1018 cum
1268 955 1435 1019 lacte
1464 955 1784 1033 convenit,
1815 955 1970 1018 hinc
2001 955 2227 1033 oritur,
2249 953 2548 1018 videlicet
2579 954 2749 1037 quod
2775 975 2914 1019 non

702 1063 964 1121 tantum
994 1058 1205 1122 diaeta
1234 1059 1318 1123 sit
1338 1057 1833 1143 simplicissima,
1862 1058 2061 1141 (unde
2087 1057 2308 1121 nullus
2337 1056 2568 1122 dubito
2597 1058 2754 1140 quin
2773 1057 2912 1140 jus-

704 1160 921 1224 culum
941 1181 1347 1240 avenaceum,
1370 1161 1563 1226 modo
1584 1161 1980 1225 ventriculus
2001 1160 2164 1225 illud
2185 1161 2368 1238 ferat,
2389 1159 2565 1224 idem
2591 1167 2918 1244 praestare

702 1263 949 1346 possit)
984 1264 1095 1327 sed
1126 1264 1323 1327 etiam
1358 1263 1744 1347 sanguinem
1783 1263 2138 1328 dulciorem
2169 1262 2622 1346 mitioremque
2663 1263 2912 1340 reddat,

703 1363 1049 1444 particulas
1077 1364 1149 1426 in
1171 1384 1247 1428 eo
1270 1364 1541 1428 acriores
1573 1364 2116 1448 contemperando
2137 1391 2158 1443 3
2190 1371 2384 1448 atque
2404 1365 2688 1449 insuper,
2718 1365 2914 1449 (quod

564 1460 571 1466 ’
704 1486 825 1547 ego
840 1465 1223 1549 palmarium
1244 1466 1508 1550 judico,)
1533 1488 1684 1531 eum
1704 1467 1806 1531 lac
1828 1467 2122 1531 alimenti
2139 1487 2346 1551 genus
2369 1468 2454 1532 sit
2476 1466 2712 1532 adultis
2729 1489 2912 1552 pror-

394 2808 547 2856 Potus
567 2807 632 2855 sit

390 2873 621 2921 cerevisia

394 2938 555 2985 tenuis

394 3002 576 3050 Londi-

394 3069 571 3117 nensis.

388 4360 437 4403 et
455 4370 619 4421 quare.

704 1590 813 1632 sus
840 1569 1066 1654 impar,
1096 1570 1287 1634 istam
1316 1570 1664 1634 humorum
1697 1571 2202 1654 turgescentiam
2231 1570 2362 1634 sive
2389 1571 2782 1635 virositatem
2811 1591 2914 1634 re-

700 1672 923 1756 primit
964 1673 1069 1736 cui
1099 1673 1393 1757 Podagra
1436 1687 1654 1738 ortum
1684 1673 1896 1752 debet,
1929 1682 2122 1758 atque
2151 1695 2228 1738 eo
2257 1675 2522 1739 nomine
2547 1693 2786 1758 paucos
2827 1674 2918 1738 is-

700 1783 803 1840 tos
850 1776 1084 1860 quibus
1142 1777 1460 1860 congruit,
1508 1776 1762 1841 tamdiu
1809 1797 1850 1840 a
1893 1777 2190 1860 Podagra
2245 1777 2568 1841 immunes
2622 1783 2912 1860 praestat

702 1879 1013 1964 quamdiu
1036 1901 1111 1944 eo
1134 1881 1269 1946 solo
1288 1887 1656 1958 vescuntur,
1675 1900 1797 1944 nec
1813 1880 1998 1964 juvat
2018 1880 2312 1944 ulterius.
2358 1880 2528 1944 Cum
2545 1880 2720 1944 enim
2741 1879 2916 1944 Pod-

703 2003 894 2065 agrae
922 2003 1151 2047 causae
1186 1983 1483 2066 originali
1526 2003 1602 2047 ae
1642 1982 1982 2066 primariae
2015 1983 2270 2066 (nempe
2315 1983 2808 2047 concoctionum
2837 2002 2918 2046 ac

700 2085 1167 2151 fermentorum
1188 2086 1551 2170 debilitati,)
1577 2086 1848 2151 omnino
1869 2086 2317 2165 contrarietur,
2339 2085 2536 2170 longe
2555 2086 2760 2169 magis
2789 2085 2918 2150 hae

700 2188 955 2252 ratione
1000 2186 1183 2252 obest
1227 2209 1423 2272 quam
1468 2189 1672 2252 altera
1713 2189 2014 2272 prodest:
2091 2188 2263 2272 quod
2307 2209 2460 2252 cum
2499 2188 2717 2252 minus
2765 2209 2918 2272 per-

701 2297 991 2372 spectum
1029 2290 1244 2370 fuerit,
1283 2291 1586 2355 nonnulli
1623 2291 2010 2356 incautiores
2047 2291 2120 2355 in
2158 2311 2401 2355 errores
2428 2311 2818 2374 permagnos
2843 2297 2916 2354 et

700 2392 892 2475 plane
936 2390 1293 2456 exitiabiles
1335 2392 1748 2470 inciderunt3
1800 2393 1976 2470 dum,
2021 2392 2232 2458 morbi
2275 2413 2504 2457 causae
2549 2392 2918 2458 continenti

704 2495 1075 2575 (humorum
1104 2494 1347 2560 seilicet
1390 2495 1585 2560 calori
1629 2501 1696 2560 et
1739 2495 2066 2579 acredini,)
2101 2495 2356 2561 obviam
2389 2495 2486 2560 ire
2521 2501 2920 2579 satagentes,

699 2597 1147 2662 concoctiones
1182 2598 1757 2682 pessundederunt,
1789 2604 1856 2663 et
1883 2598 2248 2663 functiones
2277 2597 2604 2662 naturales
2631 2604 2918 2680 prostra-

697 2708 933 2765 verunt
960 2721 1207 2765 omnes.

798 2804 963 2889 [46.]
1018 2804 1333 2888 Liquores
1380 2804 1550 2889 quod
1592 2811 1855 2888 spectat,
1895 2805 1944 2868 ii
1989 2805 2116 2887 (me
2153 2804 2415 2889 judice,)
2461 2803 2692 2888 optimi
2731 2811 2920 2883 sunt,

700 2908 813 2992 qui
841 2929 1053 2993 neque
1082 2908 1165 2972 ad
1192 2908 1325 2973 vini
1362 2908 1854 2992 generositatem
1895 2906 2272 2987 ascendunt,
2303 2928 2424 2971 nec
2453 2906 2538 2971 ad
2565 2928 2770 2989 aquae
2800 2907 2924 2973 de-

698 3009 1020 3074 bilitatem
1045 3010 1534 3092 deprimuntur3
1577 3010 1679 3093 cuj
1687 3008 1938 3073 usmodi
1967 3016 2122 3073 sunt
2151 3009 2452 3073 cerevisia
2487 3010 2704 3073 tenuis
2733 3009 2924 3073 Lon-

699 3112 1003 3191 dinensis,
1036 3112 1165 3176 sive
1216 3112 1527 3196 lupulata,
1575 3112 1704 3175 sive
1753 3132 1892 3176 non
1938 3112 2248 3195 lupulata‚
2302 3132 2453 3176 cum
2495 3118 2786 3175 extrema
2825 3112 2920 3177 ab

698 3220 971 3298 utraque
998 3221 1183 3298 parte
1216 3220 1521 3279 noceant.
1593 3214 1888 3278 Primum
1916 3213 1996 3278 de
2034 3214 2206 3294 vino,
2237 3214 2388 3279 licet
2416 3214 2748 3298 proverbio
2770 3214 2922 3298 jac-

697 3324 893 3396 tetur,
955 3322 998 3353 “
1019 3318 1267 3382 Vinum
1324 3324 1559 3401 potans
1611 3318 1908 3401 Podagra
1963 3318 2302 3397 laborabis,
2363 3326 2432 3383 et
2488 3318 2710 3383 vinum
2769 3340 2926 3384 non

696 3428 929 3505 potans
972 3420 1293 3485 laborabis
1337 3421 1700 3505 Podagra‚”
1745 3428 1930 3485 extra
1973 3421 2470 3485 controversiam
2513 3428 2738 3486 tamen
2783 3428 2923 3502 est,

700 3530 767 3587 et
796 3523 983 3587 variis
1012 3520 1501 3611 Ποδωγρώντων
1528 3514 1982 3608 experimentis
2011 3524 2659 3605 confirmatissimam,
2679 3523 2936 3589 vinum·

700 3626 780 3691 de
814 3626 985 3691 facto
1028 3628 1315 3691 officere:
1360 3627 1513 3692 licet
1549 3628 1726 3692 enim
1757 3627 2060 3712 prodesse
2098 3627 2398 3691 credatur
2427 3627 2728 3710 juvandis
2761 3647 2918 3691 coc-

698 3728 1005 3808 tionibus,
1040 3729 1341 3813 (quarum
1368 3730 1527 3794 vitia
1554 3751 1816 3795 causam
1844 3730 2176 3813 Podagrae
2217 3730 2710 3795 antecedentem
2737 3728 2916 3813 jam-

700 3832 949 3897 dudum
1006 3832 1247 3915 statui,)
1309 3832 1561 3897 ratione
1619 3839 1842 3897 tamen
1907 3852 2135 3896 causae
2191 3832 2584 3897 continentis
2641 3832 2921 3897 omnino.

698 3934 921 4001 obesse
966 3934 1359 3999 censendum
1404 3941 1523 4013 est,
1564 3934 1865 4000 humores
1913 3934 2171 4013 seilicet,
2195 3934 2488 3999 fomitem
2513 3934 2744 4014 morbi,
2768 3935 2922 4018 jam

700 4038 771 4102 in
800 4038 1137 4123 procinctu
1172 4044 1421 4103 stantes
1460 4037 1867 4102 accendendo
1905 4038 2438 4123 exagitandoque.
2529 4037 2662 4102 Sed
2697 4058 2920 4121 neque

699 4140 946 4222 damus,
982 4141 1205 4206 vinum
1248 4163 1363 4226 pro
1406 4146 1567 4225 potu
1610 4140 1932 4205 ordinario
1973 4148 2360 4225 usurpatum
2401 4140 2726 4206 coctiones
2761 4162 2925 4225 pro-

696 4264 971 4324 movere,
996 4251 1064 4309 at
1090 4244 1307 4329 potius
1336 4242 1706 4308 subvertere
1727 4242 2020 4323 dicimus,
2043 4244 2172 4307 nisi
2190 4243 2262 4307 in
2283 4244 2400 4307 diu
2418 4244 2570 4308 vino
2599 4244 2880 4307 assuetis
2901 4268 2922 4309 ι

699 4345 987 4431 quamvis
1026 4348 1201 4413 enim
1240 4348 1517 4413 calorem
1556 4347 1901 4432 aliqualem
1937 4347 2010 4411 in
2057 4348 2344 4412 transitu
2379 4347 2730 4431 impertiat,
2771 4368 2926 4411 cer·

695 4448 1017 4513 tissimum
1046 4457 1147 4514 est
1174 4454 1395 4515 tamen
1415 4450 1738 4515 fermenta
1765 4449 2046 4533 corporis
2077 4448 2157 4513 ab
2189 4469 2265 4513 eo
2289 4448 2641 4533 subjugari,
2665 4454 2732 4513 et
2762 4469 2922 4514 avo-
