3138 5006
717 291 851 354 436
1342 287 1737 354 THOMAE
1783 286 2300 355 SYDENHAM

436 470 523 519 nn
546 469 683 518 Pon·
724 447 957 516 tudine
1006 454 1448 515 transvorsum
1498 457 1805 534 aguntur,
1856 449 2016 518 dum
2065 447 2403 516 adventitii
2455 446 2687 513 talium
2725 446 2940 531 liquo-

486 549 647 636 soni.
728 573 877 616 rum
922 551 1205 636 spiritus,
1236 574 1389 618 cum
1430 553 1766 638 spiritibus
1809 552 2194 618 animalibus
2235 549 2613 638 cogitationi
2651 549 2945 615 forman-

421 639 680 736 ssssffffic‘
730 656 849 720 dae
892 655 1390 722 inservientibus
1440 655 1825 741 complicati,
1867 664 2160 722 mentem
2211 656 2490 720 nimium
2545 655 2944 720 volatilisan-

422 753 525 800 *³¹¹¹
541 753 701 801 infert.
730 758 814 823 do
856 759 1259 842 perturbant,
1302 779 1470 824 vana
1514 781 1591 823 ac
1631 759 1849 823 futilia
1895 758 2038 823 loeo
2085 779 2304 824 rernm
2349 757 2700 822 solidarum
2741 762 2946 839 atque

730 863 1000 946 alicujus
1032 863 1349 927 momenti
1390 863 1902 946 subingerentes,
1933 868 2128 946 atque
2159 862 2256 925 ita
2297 861 2562 925 demum
2603 859 2944 942 ingeniose

727 965 973 1049 lepidos
1004 986 1078 1030 ae
1112 964 1357 1029 dicaces
1394 986 1512 1048 pro
1550 963 1950 1047 sapientibus
1977 984 2098 1027 nos
2125 960 2747 1040 reddentes,—inter
2775 980 2944 1042 quos

728 1065 954 1130 eadem
974 1065 1177 1130 ferme
1206 1065 1569 1128 differentia
1597 1063 1938 1128 intercedit
1967 1070 2162 1147 atque
2191 1068 2289 1128 est
2316 1064 2491 1128 inter
2511 1063 2948 1128 substantiam

728 1177 795 1236 et
822 1191 1081 1255 prorsus
1106 1169 1292 1234 nihil.
1382 1169 1514 1234 Sed
1540 1169 1623 1234 de
1650 1169 1753 1233 his
1781 1169 1958 1233 satis.

828 1272 995 1356 [48.]
1051 1273 1094 1336 J
1096 1292 1203 1335 am
1244 1291 1413 1350 vero,
1456 1270 1747 1354 quamvis
1797 1269 2072 1334 sufficiat
2115 1269 2177 1334 ei
2219 1269 2332 1353 qui
2375 1267 2674 1353 Podagra
2713 1267 2944 1333 mitius

734 1395 811 1440 ac
848 1380 1109 1440 tantum
1147 1393 1262 1457 per
1298 1373 1640 1438 intervalla
1674 1373 1944 1452 laborat,
1973 1373 2078 1436 vel
2117 1371 2421 1437 cerevisia
2464 1373 2650 1437 tenui
2685 1371 2806 1449 uti,
2839 1370 2946 1435 vel

734 1477 885 1542 vino
915 1476 1222 1555 dilutiori,
1254 1497 1405 1540 cum
1438 1475 1496 1540 is
1526 1476 1740 1540 morbi
1777 1475 2014 1559 gradus
2041 1475 2215 1540 tanti
2247 1495 2384 1539 non
2421 1475 2505 1539 sit
2534 1480 2612 1539 nt
2641 1475 2946 1538 severiori

734 1579 1040 1663 regimini
1082 1599 1153 1644 se
1196 1577 1533 1662 subjiciat,
1587 1585 1898 1658 attamen,
1929 1599 2081 1643 cum
2121 1579 2422 1642 universa
2465 1577 2744 1662 corporis
2787 1576 2946 1640 sub-

736 1683 976 1747 stantia
1022 1681 1097 1746 in
1140 1681 1505 1765 Podagram
1555 1680 1740 1765 quasi
1782 1681 2284 1766 degeneraverit,
2325 1681 2544 1744 minus
2587 1702 2782 1764 quam
2833 1701 2944 1743 ex·-

736 1791 921 1869 optet
968 1785 1043 1849 in
1092 1783 1491 1869 profligando
1537 1784 1764 1850 morbo
1806 1783 2226 1869 promovebit,
2271 1783 2386 1866 qui
2433 1804 2570 1848 non
2615 1805 2654 1848 a
2693 1783 2948 1866 liquore

736 1888 1125 1955 fermentato
1179 1909 1583 1974 quocunque,
1625 1889 2036 1972 quantumvis
2078 1888 2212 1952 leni
2255 1894 2322 1952 et
2365 1887 2572 1966 tenui,
2611 1887 2686 1950 in
2726 1893 2946 1952 totum

738 1991 1057 2057 abstinet:
1104 2013 1255 2056 cum
1280 1991 1356 2056 hi
1393 2013 1618 2057 omnes
1649 1992 1910 2077 spiritus
1939 1995 2324 2076 pungentes,
2355 1997 2424 2055 et
2454 1990 2735 2074 aliquem
2765 2009 2944 2054 acre-

736 2095 908 2158 dinis
940 2094 1214 2176 gradum
1242 2095 1315 2160 in
1343 2117 1413 2160 se
1441 2095 1842 2175 contineant,
1875 2102 1961 2175 et,
1999 2094 2198 2178 (quod
2225 2094 2410 2178 pejus
2439 2095 2582 2176 est,)
2624 2099 2944 2176 quatenus

736 2197 1057 2262 fermento
1076 2197 1335 2277 imbuti,
1364 2197 1655 2281 (perinde
1684 2219 1760 2262 ac
1787 2199 1976 2264 flores
2005 2197 2345 2262 cerevisiae
2373 2195 2730 2280 liquoribus
2747 2193 2946 2259 inditi

738 2299 870 2363 vim
900 2319 1083 2363 suam
1112 2299 1634 2365 fermentativam
1661 2301 1786 2366 toti
1808 2321 2058 2366 massae
2085 2299 2614 2381 communicant,)
2641 2298 2946 2362 humores

432 2403 495 2454 In
520 2401 678 2479 Ifoda-
736 2400 1225 2466 fermentationi
1254 2407 1603 2486 perpetuae
1637 2403 1967 2469 addicunt.
2060 2404 2264 2469 Potus
2292 2403 2512 2486 itaque
2543 2400 2944 2480 diaeteticus,

432 2483 688 2595 ffissfss.
739 2524 818 2622 ex
860 2503 1375 2588 ingredientibus
1417 2507 1613 2589 vulgo
1663 2507 1838 2572 notis
1889 2514 1956 2573 et
1999 2507 2152 2573 huic
2204 2506 2354 2570 usui
2395 2502 2645 2584 dicatis,
2663 2524 2806 2621 ’pro
2845 2510 2946 2567 ta-

431 2598 671 2711 &deffle-
738 2607 787 2671 11
830 2614 992 2692 potu
1040 2608 1369 2675 ordinario
1411 2609 1947 2694 praescribendus
1993 2617 2130 2675 estz
2201 2608 2397 2673 modo
2445 2629 2584 2672 non
2629 2614 2716 2671 s1t
2763 2614 2948 2691 Justo

436 2727 709 2789 (euJusmo-
739 2710 984 2791 fortior,
1030 2731 1157 2795 quo
1208 2712 1385 2776 haud
1428 2713 1636 2778 multo
1679 2712 1897 2777 minus
1941 2713 2294 2798 periculose
2338 2711 2773 2776 accendentur
2821 2709 2946 2774 hu-

435 2790 709 2917 ffiahffrssf'
740 2833 949 2877 mores
980 2834 1177 2898 quam
1196 2814 1337 2899 ipso
1367 2815 1555 2894 vino;
1599 2836 1722 2881 nec
1751 2836 1788 2880 e
1818 2824 2046 2881 contra
2073 2814 2368 2899 aquosior
2387 2814 2589 2898 justo,
2613 2812 2950 2877 naturales

434 2918 701 2995 scribitur)
738 2915 1107 2981 functiones
1156 2917 1359 2982 nimia
1406 2917 1894 3001 refrigeratione
1937 2924 2367 3003 prosternens.
2477 2913 2950 3000 Hujuscemodi

430 2984 717 3097 {Lffifflssm
740 3026 933 3104 potus
968 3020 1025 3085 si
1057 3021 1183 3085 rite
1222 3027 1504 3105 paretur,
1536 3022 1788 3088 selectis
1827 3020 2342 3106 ingredientibus
2375 3020 2518 3084 istis
2552 3040 2718 3104 quae
2751 3040 2952 3102 aegro

434 3114 652 3176 prodest:
743 3122 960 3186 minus
1012 3129 1166 3186 sunt
1215 3124 1492 3207 ingrata,
1539 3124 1692 3189 licet
1743 3124 1826 3189 ad
1875 3126 2302 3209 septimanam
2345 3144 2548 3187 unam
2571 3113 2580 3119 ⁰
2600 3122 2950 3185 alteramve

742 3246 879 3290 non
908 3225 1049 3289 sine
1078 3225 1339 3309 aliquali
1366 3226 1628 3291 fastidio
1655 3229 1751 3293 ita
1777 3229 2026 3313 jugiter
2058 3233 2442 3306 assumatur,
2471 3232 2696 3311 postea
2721 3232 2954 3290 tamen

741 3323 1012 3407 perinde
1056 3331 1278 3406 gratus
1322 3331 1389 3390 et
1430 3334 1730 3413 acceptus
1777 3337 1877 3393 est
1923 3350 1998 3394 ac
2041 3336 2197 3393 sunt
2235 3328 2346 3393 alii
2387 3328 2667 3412 liquores
2712 3326 2952 3410 quibus

744 3425 890 3508 quis
933 3426 1211 3491 maxime
1262 3430 1630 3495 assueverit.
1718 3432 1940 3515 Atque
1983 3432 2066 3495 ab
2115 3432 2240 3495 hoc
2281 3439 2473 3516 potus
2525 3449 2760 3514 genere
2809 3450 2952 3493 non

742 3534 1008 3593 tantum
1043 3551 1179 3595 non
1219 3531 1646 3597 imminuetur
1685 3536 2029 3619 appetitus,
2061 3535 2174 3599 sed
2211 3542 2278 3599 et
2315 3534 2696 3619 augebitur;
2737 3532 2952 3616 magis

744 3632 1011 3715 insuper
1051 3634 1366 3697 naturalis
1410 3641 1476 3699 et
1520 3637 1842 3719 genuinus
1887 3637 2113 3701 evadet
2155 3658 2350 3721 quam
2399 3658 2550 3701 eum
2591 3634 2952 3718 liquoribus

742 3733 1147 3799 fermentatis
1175 3736 1277 3799 uti
1306 3737 1557 3802 soleret.
1652 3739 1797 3803 Hoc
1825 3740 2091 3823 insuper
2117 3739 2439 3804 commodi
2467 3738 2746 3817 acoedet,
2773 3736 2952 3821 quod

744 3834 859 3919 qui
901 3836 1273 3922 hujusmodi
1322 3845 1552 3923 potum
1605 3840 2022 3906 diaeteticum
2065 3842 2206 3906 loeo
2256 3842 2565 3906 ordinarii
2613 3841 2950 3917 hauriunt,

741 3938 1008 4005 liberius
1050 3941 1123 4003 in
1172 3950 1425 4006 caetero
1468 3943 1645 4007 victu
1687 3943 1812 4007 sibi
1860 3944 2110 4028 possint
2158 3942 2517 4027 indulgere,
2559 3962 2756 4026 quam
2797 3961 2954 4005 cum

746 4043 1116 4107 cerevisiam
1160 4044 1458 4109 biberent
1494 4051 1610 4109 aut
1647 4046 1911 4125 vinum3
1961 4066 2112 4110 cum
2155 4066 2420 4111 errores·
2439 4045 2512 4109 in
2545 4044 2722 4108 victu
2765 4044 2956 4126 (quos

750 4164 977 4208 omnes
1005 4145 1264 4228 penitus
1298 4146 1535 4211 evitare
1564 4168 1730 4231 pene
1767 4170 1961 4233 supra
1985 4148 2344 4213 humanam
2379 4154 2620 4211 sortem
2649 4146 2792 4227 est,)
2825 4144 2958 4209 hoe

747 4252 939 4329 pacto
969 4247 1372 4331 aliquatenus
1407 4250 1815 4334 corrigantur
1841 4257 2485 4336 compensenturque.
2575 4246 2772 4314 Quod
2798 4266 2959 4311 vero

750 4349 1043 4413 omnium
1080 4350 1363 4433 primum
1398 4360 1516 4432 est,
1550 4376 1741 4437 aeger
1778 4354 1901 4420 hoe
1938 4354 2132 4419 modo
2171 4354 2294 4418 sibi
2333 4375 2374 4417 a
2409 4352 2654 4418 calculo
2691 4370 2958 4435 praeca·

747 4450 940 4529 vebit,
973 4453 1084 4535 qui
1114 4453 1442 4538 Podagrae
1482 4456 1616 4521 fere
1654 4456 2023 4523 individuus
2059 4462 2158 4521 est
2187 4476 2436 4535 comes,
2483 4476 2633 4518 cum
2667 4454 2955 4538 liquores
