3138 5006
731 258 863 321 394
1350 259 1744 324 ΤΗΟΜΑΕ
1792 258 2310 325 SYDENHAM

458 428 543 477 Dr.
567 428 671 476 Ar·
728 420 1127 499 sollicitetur,
1185 420 1258 484 in
1320 420 1605 485 furorem
1673 426 1953 505 agantur
2017 420 2298 504 spiritus,
2361 428 2427 485 et
2487 442 2716 505 aegrae
2774 420 2962 486 vires

426 494 704 605 Zss‘ssgf
732 522 1005 585 nimium
1048 518 1469 606 dejiciantur,
1522 524 1644 587 hoc
1687 524 1760 586 in
1797 520 1950 587 casu
1991 523 2344 611 laudanum
2385 524 2524 587 sine
2565 546 2752 588 mora
2793 546 2958 607 prob

426 648 551 694 dano
572 646 693 694 inci·
731 624 942 707 pium-i
993 625 1204 703 debet,
1251 646 1326 689 eo
1373 626 1541 690 dosis
1593 625 1786 689 modo
1837 647 2236 709 numeroque
2279 646 2444 710 quae
2491 626 2956 710 symptomatis

422 711 671 774 piendum.
733 726 1249 807 magnitudinem
1286 720 1367 789 'ac
1406 724 1814 791 durationem
1850 748 1987 791 non
2028 734 2288 791 tantum
2325 728 2676 809 exaequare
2713 727 2954 809 possit,

729 827 841 891 sed
876 835 943 891 et
971 826 1244 892 vincere.
1376 826 1385 834 ’
1931 828 1938 833 ’

830 928 1039 1013 [124]
1095 932 1245 993 Duo
1296 936 1515 995 autem
1563 931 1670 995 hic
1711 952 1864 1015 prae
1915 931 2182 995 caeteris
2233 930 2578 1012 diligenter
2621 937 2779 994 sunt
2826 950 2954 994 no-

729 1032 966 1097 tanda:
1036 1033 1274 1111 Primo,
1330 1032 1537 1116 quod,
1571 1054 1721 1097 cum
1779 1033 1981 1095 semel
2028 1039 2175 1115 post
2227 1031 2670 1096 evacuationes
2727 1032 2952 1114 justas

726 1142 799 1198 et
848 1136 1233 1198 necessarias
1289 1133 1567 1199 laudano
1625 1135 1726 1197 uti
1775 1134 2190 1217 coeperimus,
2248 1155 2326 1197 ea
2383 1132 2522 1197 dosi
2577 1139 2777 1216 atque
2833 1133 2954 1197 illa

730 1237 925 1301 toties
963 1238 1237 1319 repetita
1284 1237 1671 1301 sumendum
1710 1242 1808 1300 est
1846 1236 2036 1299 istud
2056 1236 2492 1319 pharmacum,
2526 1237 2734 1300 donec
2767 1240 2952 1321 sym'·

731 1346 954 1421 ptoma
996 1339 1260 1403 omnino
1289 1340 1484 1403 fuerit
1528 1338 1938 1417 debellatum,
1971 1339 2311 1421 interjecto
2353 1346 2615 1402 tantum
2663 1340 2954 1422 spatiolo

731 1440 905 1505 inter
934 1441 1218 1523 singulas
1249 1440 1451 1519 doseS,
1481 1448 1558 1504 ut
1591 1442 1745 1524 quid
1777 1442 1954 1523 prior
1981 1441 2372 1524 praestiterit
2402 1447 2554 1504 ante
2597 1462 2954 1507 noscamus

726 1566 927 1627 quam
972 1544 1237 1608 alteram
1287 1553 1690 1628 repetamus;
1757 1544 1894 1626 (sed
1942 1543 2022 1607 de
2074 1544 2196 1608 hoc
2239 1543 2444 1607 fusius
2490 1542 2642 1607 alibi
2702 1545 2952 1627 [Epist.

728 1646 1027 1726 ‚Re-spons.
1051 1646 1106 1708 I.
1138 1647 1173 1728 ξ
1205 1648 1267 1723 8,
1302 1646 1394 1727 9.]
1428 1646 1678 1727 egimus
1695 1646 1740 1726 3)
1792 1645 2112 1729 deinceps,
2147 1646 2304 1709 dum
2331 1646 2612 1709 laudano
2639 1646 2952 1711 morbum

731 1747 1163 1829 aggredimur,
1192 1746 1356 1811 nihil
1394 1768 1654 1830 prorsus
1690 1747 2082 1812 movendum
2119 1755 2238 1826 est,
2271 1748 2435 1811 nihil
2474 1748 2950 1825 evacuandum,

728 1870 881 1913 cum
930 1851 1031 1915 vel
1080 1852 1492 1914 mitissimum
1538 1852 1702 1915 illud
1745 1874 1975 1917 enema
2027 1874 2064 1917 e
2108 1853 2274 1917 laete
2323 1854 2694 1918 saccharato
2737 1853 2950 1937 possit

730 1951 1062 2017 destruere
1097 1953 1400 2038 quicquid
1438 1962 1840 2037 reparaverat
1877 1957 2341 2040 paregoricum,
2373 1964 2439 2020 et
2475 1962 2614 2020 tam
2653 1955 2948 2023 dolorem

724 2074 927 2135 quam
954 2054 1370 2118 vomitionem
1400 2055 1798 2137 postliminio
1826 2078 2143 2123 revocare.

424 2173 661 2285 Χὲηὲῑῐιιῐέἕ
830 2156 1039 2239 [125]
1096 2158 1267 2221 Utut
1296 2178 1443 2221 vero
1474 2158 1722 2223 dolores
1759 2161 1954 2242 (quod
1987 2162 2124 2245 jam
2163 2161 2542 2245 innuimus,)
2579 2184 2780 2245 supra
2809 2184 2948 2226 me·

426 2318 531 2348 mes
553 2302 690 2349 dosia
730 2259 968 2323 morati
994 2258 1349 2341 importuni
1390 2260 1522 2324 sint
1562 2262 1636 2323 in
1681 2262 1979 2345 anodyno
2017 2262 2448 2346 efflagitandO,
2481 2270 2703 2327 tamen
2736 2264 2950 2327 vomi-

424 2366 708 2442 maximam,
730 2359 941 2423 tiones
972 2382 1263 2425 enormes
1308 2368 1374 2424 et
1418 2362 1606 2426 dosin
1649 2363 1938 2447 ejusdem
1981 2364 2173 2448 longe
2215 2366 2565 2430 maximam
2603 2374 2672 2431 et
2702 2368 2950 2449 saepis-

426 2436 706 2557 ξξῃξξῖῖξζ,
732 2460 893 2526 sime
929 2462 1291 2545 'repetitam
1348 2462 1661 2543 indicant,
1716 2486 1862 2530 cum
1922 2466 2003 2531 ab
2055 2468 2310 2534 inverso
2357 2476 2544 2534 motu
2599 2470 2950 2534 ventriculi

426 2559 634 2614 thannin

428 2629 555 2670 cant.
641 2560 711 2606 di·
730 2571 1122 2653 peristaltico
1157 2571 1308 2654 (quo
1335 2572 1408 2634 in
1438 2593 1514 2635 eo
1542 2581 1852 2638 contenta
1879 2595 2096 2639 versus
2129 2576 2434 2641 inferiora
2461 2582 2647 2640 erant
2676 2583 2940 2659 protru-

726 2675 988 2760 denda,)
1037 2677 1396 2742 remedium
1452 2679 1898 2761 paregoricum
1947 2681 2126 2763 prius
2177 2681 2552 2746 eliminetur
2601 2703 2720 2764 per
2763 2703 2952 2746 oeso-

732 2781 1039 2864 phagum,
1073 2801 1267 2862 quam
1310 2781 1447 2863 opis
1492 2781 1734 2864 aliquid
1779 2783 2008 2846 afferre
2046 2789 2260 2865 queat,
2289 2783 2416 2846 nisi
2457 2792 2605 2866 post
2649 2784 2952 2866 singulas

734 2886 1113 2949 vomitiones
1142 2885 1542 2948 narcoticum
1589 2884 1669 2947 de
1708 2905 1874 2948 novo
1913 2887 2105 2950 toties
2137 2885 2386 2968 quoties
2421 2886 2713 2964 iteretur,
2743 2886 2953 2968 idque

428 3006 681 3068 Pau-egori-
732 2988 803 3050 in
833 2988 1041 3051 forma
1076 2987 1481 3070 potissimum
1526 2985 1768 3063 solida3
1815 2991 1930 3049 aut
1967 2987 2022 3050 si
2062 2987 2135 3048 in
2163 2986 2408 3069 liquida
2436 2987 2644 3064 detur,
2677 2987 2949 3050 vehicu-

426 3086 539 3118 eum
564 3072 641 3118 ”³¹
733 3091 871 3153 lum
914 3090 1010 3153 ita
1050 3111 1314 3172 parcum
1359 3109 1495 3152 esse
1532 3087 1745 3166 debet,
1776 3095 1851 3150 ut
1891 3088 2323 3152 ventriculum
2359 3087 2610 3152 imbuat
2653 3095 2950 3166 tantum,

420 3135 478 3184 in
502 3135 659 3182 forma

429 3197 583 3274 sqlida
604 3215 688 3246 ex·
738 3197 803 3254 et
836 3211 991 3273 prae
1025 3191 1331 3253 materiae
1365 3189 1585 3272 inopia
1629 3189 1709 3252 ab
1739 3189 1849 3252 illo
1891 3211 2145 3253 sursum
2185 3189 2367 3253 evehi
2401 3195 2718 3272 nequeat;
2763 3190 2952 3254 verbi

428 3261 672 3374 ῗζῗῖῗζζ
739 3295 964 3376 gratia,
998 3301 1223 3376 guttae
1253 3294 1495 3377 aliquot
1525 3293 1597 3355 in
1638 3293 1952 3357 cochleari
1979 3315 2112 3358 uno
2147 3315 2351 3376 aquae
2391 3293 2788 3357 cinnamomi
2815 3295 2952 3358 for—

432 3390 542 3437 01110
554 3405 710 3451 parco.
736 3395 934 3470 tioriS,
968 3401 1081 3458 aut
1111 3394 1355 3457 similis·
1444 3393 1784 3457 Monenda
1821 3394 2086 3458 interim
2121 3401 2219 3459 est
2249 3413 2461 3478 aegra,
2490 3401 2567 3458 ut
2595 3394 2824 3458 statim
2865 3393 2953 3458 ab

433 3511 621 3574 capitis
738 3505 1065 3582 assumpto
1103 3498 1386 3562 laudano
1414 3499 1842 3581 conquiescat,
1873 3521 1950 3563 ac
1979 3506 2173 3583 caput
2215 3500 2593 3584 praesertim
2622 3505 2956 3582 quantum

430 3585 700 3688 Ξξὲξζζζ
740 3601 877 3664 fieri
918 3609 1131 3684 potest
1173 3601 1517 3665 immotum
1560 3607 1820 3679 teneat,
1874 3602 2131 3684 quando
2171 3602 2269 3664 vel
2311 3601 2668 3665 levissimus
2709 3600 2958 3682 capitis

432 3713 673 3767 provocat.
732 3711 952 3767 motus
969 3725 1123 3788 prae
1150 3704 1417 3767 caeteris
1446 3702 1748 3766 omnibus
1764 3703 2180 3768 vomitionem
2202 3708 2522 3784 provocet,
2541 3700 2716 3764 unde
2737 3700 2957 3763 medi-

730 3805 1020 3869 camenti
1047 3803 1238 3867 modo
1269 3803 1572 3886 deglutiti
1595 3805 1848 3888 jactura
1875 3804 1970 3867 fit.
2063 3802 2395 3880 Quinimo,
2425 3801 2622 3866 etiam
2653 3809 2960 3866 cessante

438 3929 675 3981 Recidiva
738 3914 805 3971 et
822 3907 1003 3992 quasi
1019 3905 1381 3991 perdomita
1396 3906 1896 3984 vomituritione,
1918 3905 2176 3988 expedit
2199 3905 2500 3988 anodyno
2530 3902 2612 3966 ad
2634 3904 2962 3987 pauculos

434 4003 661 4112 2:33⁸·-
733 4009 877 4074 dies
905 4030 1106 4095 mane·
1120 4018 1187 4072 et
1217 4030 1356 4073 sero
1386 4007 1692 4087 exhibito,
1718 4029 1838 4072 ceu
1865 4008 2106 4090 injecto
2129 4007 2372 4085 fraeno,
2391 4006 2738 4069 recidivam
2763 4027 2962 4089 prae-

736 4134 994 4177 cavere:
1044 4111 1215 4195 quod
1257 4111 1483 4175 itidem
1516 4117 1664 4193 post
1700 4110 1986 4174 dolorem
2019 4109 2440 4194 Hystericum
2478 4108 2811 4172 narcotico
2853 4131 2964 4173 se-

741 4213 987 4291 datum,
1020 4220 1133 4276 aut
1163 4211 1584 4290 diarrhoeam,
1617 4212 1881 4275 omnino
1911 4211 2232 4275 observari
2262 4209 2476 4274 debet.

438 4326 485 4374 A
509 4325 671 4374 dolore
840 4315 1047 4399 [126.]
1102 4315 1320 4396 Atque
1354 4313 1449 4376 ita
1482 4313 1745 4376 demum
1780 4313 2087 4379 methodo
2110 4315 2247 4398 jam
2277 4313 2520 4377 tradita
2547 4318 2614 4376 et
2645 4311 2862 4377 dolori
2895 4321 2966 4378 et

437 4392 714 4503 ξζζῖῗέξζ,
738 4417 1073 4481 vomitioni
1119 4416 1626 4500 symptomaticis
1669 4415 1913 4479 mederi
1953 4417 2026 4480 in
2069 4422 2374 4500 promptu
2414 4421 2548 4493 est3
2613 4437 2654 4478 a
2689 4415 2966 4498 quibus,
