3138 5006
631 260 761 323 558
1247 257 1637 323 THOMAE
1686 249 2204 317 SYDENHAM

322 424 407 473 D!-
426 424 606 471 Fau
632 424 923 501 aegrotat
938 444 959 496 ς
1022 418 1211 482 urina
1254 417 1516 482 turbida
1562 423 1630 479 et
1675 416 1856 479 flava.
1945 409 2188 475 Iisdem
2230 402 2554 480 remediis,
2599 398 2838 483 quibus

316 489 605 537 Eanum..
630 519 915 603 pruritus
958 518 1275 597 femma,
1320 518 1495 583 cedit
1507 542 1527 595 ς
1573 517 1723 581 vino
1765 520 1988 579 utatur
2032 530 2223 593 aeger
2261 515 2327 573 et
2373 504 2676 569 carnibus
2719 522 2837 564 eu-

326 724 589 773 cvm-no.
628 627 857 806 Ρθῗὲἶῗ
884 722 1197 787 Mittatur
1218 721 1477 805 sanguis
1507 742 1544 785 e
1564 718 1828 785 brachio
1849 718 1933 782 ad
1961 698 2186 779 uiaeias
2211 730 2444 775 novem
2463 708 2565 771 vel
2585 706 2836 769 decem.

629 822 755 886 Die
784 824 1079 906 sequenti
1106 832 1320 888 sumat
1349 823 1690 888 Potionem
1719 822 2150 887 Communem
2179 810 2610 895 Purgativam.

634 956 834 1019 [Form-
866 960 1051 1023 1·7’1.]ιι
1104 955 1164 1035 ἢ
1204 957 1421 1011 Radicis
1444 958 1722 1022 Althaeae,

1202 1044 1475 1114 [Radicis]
1504 1044 1778 1105 Liliorum,
1801 1058 1907 1095 ana
1929 1038 2146 1093 unciam
2171 1050 2357 1097 unam,

1202 1128 1471 1183 Foliorum
1500 1129 1733 1193 Malva,

1198 1212 1520 1280 [Foliorum]
1549 1214 1820 1277 sambuci,

1201 1298 1521 1365 [Foliorum]
1550 1300 1819 1363 verbasci,

1204 1384 1418 1439 Florum
1444 1386 1824 1449 chamaemeli,

1206 1468 1478 1541 [Florum]
1506 1472 1757 1536 Meliloti,

1200 1553 1582 1609 Summitatum
1610 1554 1882 1626 Hyperici‚

1202 1639 1920 1708 [summitatumJCentaurii
1931 1640 2178 1701 Minoris,
2187 1654 2292 1691 ana
2305 1638 2636 1706 manipulum
2653 1651 2848 1697 unum,

1206 1726 1481 1781 Seminum
1506 1727 1651 1791 Lini,

1206 1812 1533 1883 [seminum]
1563 1812 1942 1881 Foenugraeci,
1965 1828 2070 1865 ana
2091 1810 2467 1871 semiunciam3

921 1896 1107 1966 Coque
1140 1897 1431 1951 sufficiente
1456 1899 1755 1967 quantitate
1787 1914 1956 1967 aquae
1981 1895 2050 1949 ad
2071 1895 2234 1968 libras
2259 1903 2390 1948 tres:
2429 1894 2632 1946 coletur
2653 1892 2852 1959 liquor,

921 1988 976 2033 et
1000 1990 1235 2051 tempore
1260 2000 1383 2036 usus
1406 1983 1543 2038 adde
1566 1984 1792 2053 singulis
1813 1983 1962 2036 libris
1985 1981 2188 2035 decocti

1203 2069 1433 2139 Spiritus
1454 2070 1584 2123 Vini
1607 2071 1793 2124 uncias
1816 2070 1965 2123 duas.

923 2154 1157 2225 Stuphae
1181 2172 1211 2209 e
1232 2174 1407 2226 panno
1424 2159 1577 2211 laneo
1593 2158 1720 2211 huic
1745 2158 1958 2211 decocto
1975 2157 2252 2209 immersae
2273 2171 2336 2207 ac
2361 2170 2654 2223 expressae,
2671 2151 2850 2205 aalide

919 2238 1295 2295 admoveantur
1328 2243 1489 2296 bisin
1513 2243 1620 2307 die,
1649 2250 1706 2297 et
1737 2260 1858 2313 pars
1881 2242 2074 2295 affecta
2107 2248 2228 2311 post
2247 2238 2418 2293 fotum
2441 2239 2682 2308 sequenti
2707 2238 2848 2289 mix-

918 2332 1038 2378 tura
1059 2326 1296 2379 illinatur
1308 2348 1395 2379 :--

644 2440 843 2506 [Form.
874 2446 1061 2514 1⁷2.]n
1112 2440 1173 2512 R
1217 2444 1445 2516 Spiritus
1470 2447 1600 2499 Vini
1623 2448 1811 2501 libram
1835 2445 2132 2510 dimidiam,

1204 2533 1493 2586 Theriacae
1515 2532 1878 2586 Andromacbi
1900 2531 2084 2585 uncias
2108 2528 2260 2591 duas,

1208 2624 1447 2678 Pulveris
1474 2626 1677 2695 Piper-is
1698 2626 1865 2694 longi,

1207 2709 1503 2782 [Pulveris]
1533 2711 2023 2782 Caryophyllorum,
2045 2725 2150 2762 ana
2174 2707 2456 2760 drachmas
2479 2707 2643 2769 duas3

924 2797 1048 2852 Fiat
1086 2799 1338 2862 mixtura,
1373 2815 1481 2868 qua
1520 2797 1702 2851 charta
1744 2797 2064 2866 emporetica
2103 2791 2400 2847 madefacta
2441 2793 2577 2862 parti
2619 2791 2850 2845 affectae

924 2885 1377 2937 circumvolvatur.

731 2993 801 3055 Si
829 2993 1073 3075 primae
1098 2993 1597 3057 venae-sectioni
1625 3014 1760 3056 non
1789 2993 1976 3057 cedat
2005 2991 2288 3069 morbus,
2317 2999 2462 3054 tum
2491 2999 2845 3074 repetatur,

642 3100 707 3156 et
737 3092 1027 3157 nondum
1056 3098 1361 3171 cessante,
1394 3093 1473 3156 ad
1504 3093 1662 3156 duas
1686 3093 1840 3157 alias
1867 3093 2032 3157 vices
2062 3093 2439 3171 celebretur,
2461 3093 2848 3177 interposito

642 3214 897 3276 semper
927 3193 1030 3259 die
1056 3215 1212 3258 uno.

727 3296 973 3361 Diebus
1002 3319 1042 3360 a
1068 3297 1582 3362 venae-sectione
1624 3295 1842 3361 liberis
1876 3319 2103 3361 enema
2138 3318 2174 3361 e
2206 3299 2377 3361 lacte
2421 3318 2570 3360 cum
2607 3318 2848 3380 syrupo

640 3393 967 3474 violarum,
1011 3397 1279 3462 emulsio
1321 3398 1727 3481 refrigerans,
1771 3405 1836 3462 et
1867 3399 2190 3483 julapium
2239 3398 2646 3481 refrigerans,
2689 3406 2848 3462 sunt

640 3495 1151 3577 praescribenda.

1164 3804 1171 3811 ‚
1517 3733 1710 3797 CAP.
1758 3734 1950 3798 XII.⁰

639 3870 739 3933 De
794 3872 1059 3934 Prnm’tu
1110 3873 1354 3953 Fen'no,
1408 3880 1469 3938 et
1525 3876 1887 3939 inveteratis
1949 3877 2128 3940 Cutis
2167 3877 2637 3958 Εηῳέἰοπίὁω,
2687 3899 2850 3958 quae

1076 3973 1567 4039 Venae-sectioni
1597 3981 1659 4040 et
1693 3979 1986 4041 Gathar-si
2013 3999 2136 4041 non
2163 3979 2403 4042 cedunt.

334 4121 597 4171 Cum-rio.
639 4113 839 4179 [Form.
873 4115 1053 4178 17:33⁹
1110 4111 1171 4192 R
1210 4114 1500 4169 Theriacae
1525 4113 1883 4169 Andromachi
1905 4115 2359 4178 semidrachmam‚

1198 4202 1485 4256 Electuarii
1512 4203 1580 4256 de
1605 4202 1720 4256 Ovo
1743 4203 2044 4273 scrupulum
2069 4220 2254 4267 unum,

698 4351 741 4378 m
780 4345 855 4391 cf.
879 4345 964 4391 inf.
991 4361 1029 4392 c.
1059 4347 1133 4393 12.
1844 4355 1869 4380 ⁰
1906 4347 1981 4393 Cf.
2009 4349 2190 4395 observ.
2218 4349 2342 4396 Med.
2369 4348 2430 4394 vi.
2459 4349 2502 4394 6.
2527 4349 2573 4395 6.

699 4415 726 4441 ¹¹
764 4409 838 4456 cf.
864 4409 1056 4456 formm.
1083 4413 1161 4464 43,
1186 4411 1265 4456 44.
1843 4417 1870 4454 Ρ
1907 4410 1982 4458 Cf.
2007 4412 2144 4458 form.
2171 4413 2247 4458 45.
