3138 5006
588 324 591 329 -
709 282 809 347 DI
817 280 1311 349 SSERTATIO
1356 286 1970 351 EPISTOLARIS.
2313 290 2442 353 403

520 444 719 514 Coque.
739 460 909 515 aquae
938 444 1187 499 fontanae
1220 445 1371 499 libris
1405 452 1632 514 quatuor
1661 443 1730 498 ad
1765 444 1926 499 libras
1959 444 2109 513 duas,
2145 447 2244 500 sub
2279 448 2438 501 finem

519 528 769 585 addendo

763 618 990 673 Corticis
1014 619 1371 673 Granatorum
1396 619 1603 672 contusi
1625 618 1839 673 unciam
1864 636 2050 685 unam,

764 704 1023 759 Rosasum
1050 705 1367 770 Rubrarum‚

760 789 977 844 Florum
1002 790 1379 855 Granum-um,
1401 808 1508 845 ana
1528 790 1826 861 manipulos
1850 790 2000 856 duos,

765 875 957 931 deinde
992 876 1129 931 adde
1151 877 1278 930 Vini
1310 876 1480 932 Rubri
1502 878 1694 931 libram
1719 876 2028 941 dimidiam;

513 963 767 1017 Colatura
787 963 857 1016 sit
889 980 985 1033 pro
1008 962 1137 1028 fotu,
1161 964 1252 1033 qui
1276 978 1399 1016 cum
1424 964 1615 1033 pannis
1647 962 1815 1016 laneis
1849 963 1987 1031 parti
2011 962 2228 1016 affectae
2252 962 2438 1016 admo-

512 1056 695 1101 veatur
737 1064 895 1103 mane
933 1049 1075 1103 horis
1112 1048 1318 1103 duabus
1352 1058 1639 1118 antequam
1672 1065 1704 1101 e
1733 1049 1870 1103 lecto
1901 1056 2162 1118 assurgat,
2198 1058 2254 1104 et
2283 1058 2438 1105 nocte

514 1142 633 1203 post
658 1133 982 1198 decubitum,
1005 1133 1175 1188 donec
1198 1142 1558 1205 symptomata
1579 1134 1792 1204 penitus
1815 1135 2140 1188 evanuerint.

236 1288 365 1357 Sed
399 1293 479 1357 de
507 1293 609 1357 his
638 1295 783 1377 plus
814 1294 988 1359 satis.

325 1484 533 1567 [140.]
593 1484 816 1550 Habes
844 1485 1130 1564 tandem,
1164 1482 1653 1549 Humanissime
1681 1484 1821 1563 Vir,
1853 1505 2077 1548 eorum
2115 1505 2433 1549 summam

228 1606 391 1668 quae
442 1608 481 1650 a
529 1608 636 1650 me
684 1587 758 1650 in
806 1586 1075 1670 hujusce
1125 1586 1336 1651 morbi
1386 1586 1515 1651 sive
1562 1586 1852 1665 historia,
1903 1587 2034 1651 sive
2079 1587 2431 1667 curatione,

224 1691 541 1757 hactenus
577 1692 819 1759 fuerint
850 1694 1201 1759 observata.
1292 1696 1541 1773 Restat,
1585 1700 1681 1773 ut,
1723 1695 1778 1759 si
1818 1695 1974 1778 quid
2010 1694 2179 1760 forte
2213 1717 2433 1778 pecca·

226 1793 445 1873 verim,
474 1795 601 1859 ista
627 1796 843 1860 minus
873 1806 1064 1879 quam
1095 1795 1381 1879 oportuit
1425 1802 1722 1860 accurate
1763 1796 2150 1875 describens»,
2179 1798 2434 1862 veniam

227 1917 267 1959 a
312 1896 402 1959 Te
452 1904 707 1980 petam3
752 1904 895 1961 tum
932 1904 1006 1961 ut
1051 1898 1326 1981 opellam
1368 1898 1558 1977 hanc,
1606 1918 1682 1962 eo
1726 1898 1944 1962 animo
1988 1904 2314 1963 exaratam
2355 1907 2434 1963 ut

227 1997 466 2079 gratias
513 1998 659 2063 Tibi
704 2000 1030 2077 referrem,
1090 2000 1286 2082 (quod
1336 2000 1462 2063 alia
1520 2007 1742 2064 nostra
1799 2000 2158 2079 conamina,
2220 2001 2434 2084 qualia

226 2100 441 2181 qualia
483 2100 596 2164 illa
638 2100 901 2179 fuerint,
956 2101 1096 2165 Tuo
1155 2101 1400 2165 calculo
1458 2101 1730 2184 probare
1779 2101 1958 2165 haud
2015 2102 2425 2186 dedigneris,)

223 2202 411 2284 aequi
443 2202 725 2286 bonique
776 2202 1092 2267 consulas.
1185 2201 1369 2268 Quae
1410 2203 1670 2286 quidem
1724 2204 2072 2286 gratulatio
2121 2204 2286 2267 mihi
2337 2205 2432 2269 ita

221 2323 366 2366 raro
416 2301 695 2382 obvenit,
726 2310 802 2368 ut
842 2304 945 2368 vel
988 2303 1155 2367 nihil
1191 2326 1453 2387 prorsus
1494 2304 1576 2367 ab
1618 2303 1992 2369 hominibus
2023 2306 2145 2367 sim
2173 2326 2426 2389 prome-

220 2404 406 2483 ritus,
436 2406 537 2468 vel
566 2406 823 2469 candidi
849 2405 1248 2490 ingenuique
1283 2407 1396 2470 isti
1433 2427 1592 2489 quos
1633 2427 1710 2470 ea
1751 2407 1990 2471 mentis
2030 2407 2429 2491 praestantia

222 2509 481 2573 Natura
508 2511 755 2574 effinxit
784 2517 860 2574 ut
892 2511 1060 2594 grati
1088 2533 1227 2576 esse
1255 2511 1495 2590 norint,
1525 2511 1829 2596 perpauci
1859 2517 2014 2576 sunt
2035 2537 2146 2590 3-

810 2687 840 2711 “
856 2684 941 2732 vix
962 2685 1181 2741 totidem,
1203 2691 1321 2747 quot

420 2765 451 2789 ‘⁸
474 2762 753 2812 Thebarum
775 2770 956 2827 portae,
978 2763 1057 2811 vel
1081 2763 1246 2811 divitis
1269 2764 1393 2811 ostia
1415 2762 1571 2811 Nili.”
1642 2762 1846 2826 [Juven.
1871 2767 1969 2812 Sat.
1994 2763 2094 2813 xiii.
2120 2762 2228 2826 26.]

223 2907 371 2974 Quo
420 2929 555 2971 non
606 2909 910 2973 obstante
966 2929 1165 2992 pergo
1212 2907 1443 2986 adhuc,
1491 2901 1623 2972 imo
1675 2915 1743 2971 et
1801 2929 2083 2991 pergam,
2135 2908 2209 2970 in
2258 2906 2422 2970 edis-

220 3009 425 3074 cenda
480 3011 1040 3126 promovendaque
1098 3009 1308 3126 quoad
1352 3016 1580 3093 potero
1630 3009 1938 3074 methodo
1991 3009 2424 3076 curandorum

218 3111 610 3191 morborum,
656 3119 849 3196 atque
893 3113 971 3175 iis
1024 3112 1137 3195 qui
1181 3133 1287 3176 me
1332 3111 1549 3175 minus
1598 3111 1667 3174 in
1705 3111 1888 3196 praxi
1916 3112 2134 3175 valent
2186 3111 2265 3193 (si
2312 3111 2424 3194 qui

220 3223 373 3280 sunt
402 3218 760 3301 ejusmodi,)
794 3215 1211 3280 instruendis.
1302 3217 1539 3280 Famae
1567 3237 1750 3280 meae
1785 3214 2048 3279 interim
2083 3214 2422 3279 arbitrium

218 3339 415 3402 penes
460 3320 615 3383 alios
653 3320 771 3383 sit:
819 3341 1023 3402 aequa
1064 3320 1241 3382 enim
1277 3318 1464 3382 lance
1508 3326 1575 3382 et
1619 3318 1988 3401 scrupulose
2033 3317 2421 3400 expendens,

216 3421 595 3486 hominesne
638 3424 862 3506 juvare
912 3428 1213 3504 praestet,
1275 3427 1389 3484 aut
1436 3420 1517 3485 ab
1577 3421 1805 3484 iisdem
1864 3419 2194 3499 celebrari,
2241 3420 2421 3504 prius

215 3522 377 3586 illud
412 3522 919 3606 praeponderare
961 3523 1299 3606 comperio,
1332 3529 1398 3586 et
1438 3521 1702 3586 maximi
1733 3543 1886 3586 sane
1930 3521 2244 3586 momenti
2283 3543 2421 3586 esse

217 3626 300 3690 ad
359 3627 560 3690 animi
617 3627 1192 3709 tranquillitatem3
1239 3625 1481 3689 famam
1538 3646 1688 3689 vero
1737 3625 2084 3709 populique
2141 3624 2420 3688 halitum

216 3729 440 3810 pluma
466 3729 769 3793 leviorem
805 3735 919 3792 aut
962 3728 1160 3805 bulla,
1192 3734 1387 3810 atque
1426 3726 1662 3790 umbra
1704 3726 2012 3790 insomnii
2039 3727 2248 3809 magis
2277 3748 2420 3790 eva-

216 3828 467 3892 nidum.
560 3828 752 3893 Quod
795 3828 852 3892 si
897 3849 1047 3911 opes
1095 3827 1409 3912 ejusmodi
1455 3827 1737 3892 nominis
1782 3827 2157 3892 celebritate
2197 3833 2420 3910 partae

215 3930 427 4014 majus
456 3929 713 4012 aliquod
740 3929 991 4013 pondus
1019 3929 1257 3994 habere
1284 3930 1644 4008 videantur,
1673 3930 1977 3994 fruantur
2017 3930 2143 3992 illis
2173 3950 2288 4011 per
2313 3950 2420 3991 me

213 4032 385 4110 lieet,
417 4032 527 4115 qui
548 4033 687 4116 jam
726 4031 1142 4097 corraserint:
1187 4031 1605 4096 meminerint
1642 4039 1865 4096 tamen
1899 4031 2419 4095 mechanicorum

213 4135 599 4212 nonnullos„
639 4141 809 4198 artes
854 4135 955 4198 vel
1013 4133 1477 4198 sordidissimas
1536 4133 1994 4210 exercentium,
2054 4131 2419 4195 uberiorem

214 4236 501 4319 quotidie
548 4243 886 4319 quaestum
929 4236 1156 4314 facere,
1202 4242 1269 4300 et
1314 4237 1626 4320 majorem
1674 4235 1816 4298 auri
1859 4234 2242 4316 argentique
2287 4232 2420 4296 vim

212 4339 482 4420 posteris
512 4339 763 4422 legare;
810 4359 1018 4422 neque
1047 4345 1269 4401 tamen
1298 4338 1369 4400 in
1405 4337 1529 4401 hoc
1566 4337 1778 4400 brutis
1816 4334 2201 4400 animalibus
2232 4356 2418 4419 supe-

212 4439 411 4504 riores
442 4441 727 4520 evadere‚
761 4441 871 4524 qui
893 4439 1013 4505 sibi
1045 4440 1301 4524 suisque
1330 4461 1446 4524 pro
1468 4461 1588 4503 sua
1610 4437 1827 4502 indole
1846 4436 2246 4522 prospiciunt
2269 4463 2288 4515 3
2334 4445 2416 4516 et,

2501 460 2586 509 Da
2609 462 2714 510 Ar·-

2467 538 2611 574 ηοω.
2634 526 2746 574 Hr-

2485 602 2725 640 trames.

2460 1500 2704 1551 Coactu-

2459 1579 2561 1613 sio.
