<?xml version="1.0" encoding="UTF-8"?>
<!DOCTYPE html PUBLIC "-//W3C//DTD XHTML 1.0 Transitional//EN"
    "http://www.w3.org/TR/xhtml1/DTD/xhtml1-transitional.dtd">
<html xmlns="http://www.w3.org/1999/xhtml" xml:lang="en" lang="en">
 <head>
  <title>
</title>
<meta http-equiv="Content-Type" content="text/html;charset=utf-8" />
  <meta name='ocr-system' content='tesseract 3.04.00' />
  <meta name='ocr-capabilities' content='ocr_page ocr_carea ocr_par ocr_line ocrx_word'/>
</head>
<body>
  <div class='ocr_page' id='page_1' title='image "./operaomnia00khgoog_0169.png"; bbox 0 0 3138 5006; ppageno 0'>
   <div class='ocr_carea' id='block_1_1' title="bbox 664 253 2252 321">
    <p class='ocr_par' dir='ltr' id='par_1_1' title="bbox 664 253 2252 321">
     <span class='ocr_line' id='line_1_1' title="bbox 664 253 2252 321; baseline -0.001 0"><span class='ocrx_word' id='word_1_1' title='bbox 664 260 789 321; x_wconf 81' lang='lat'><strong>132</strong></span> <span class='ocrx_word' id='word_1_2' title='bbox 1298 254 1688 319; x_wconf 81' lang='lat' dir='ltr'>THOMAE</span> <span class='ocrx_word' id='word_1_3' title='bbox 1735 253 2252 319; x_wconf 86' lang='lat' dir='ltr'><strong>SYDENHAM</strong></span> 
     </span>
    </p>
   </div>
   <div class='ocr_carea' id='block_1_2' title="bbox 352 413 2857 541">
    <p class='ocr_par' dir='ltr' id='par_1_2' title="bbox 352 413 2857 541">
     <span class='ocr_line' id='line_1_2' title="bbox 352 413 2857 541; baseline -0.002 -59"><span class='ocrx_word' id='word_1_4' title='bbox 352 429 634 541; x_wconf 37' lang='lat' dir='ltr'><strong>{azzanine</strong></span> <span class='ocrx_word' id='word_1_5' title='bbox 660 439 853 483; x_wconf 88' lang='lat' dir='ltr'><strong>suum</strong></span> <span class='ocrx_word' id='word_1_6' title='bbox 896 436 1015 481; x_wconf 87' lang='lat' dir='ltr'><strong>suo</strong></span> <span class='ocrx_word' id='word_1_7' title='bbox 1055 421 1343 499; x_wconf 88' lang='lat' dir='ltr'><strong>tempore</strong></span> <span class='ocrx_word' id='word_1_8' title='bbox 1387 414 1746 499; x_wconf 83' lang='lat' dir='ltr'><strong>exequitur,</strong></span> <span class='ocrx_word' id='word_1_9' title='bbox 1775 416 2242 498; x_wconf 76' lang='lat' dir='ltr'><strong>materiamque</strong></span> <span class='ocrx_word' id='word_1_10' title='bbox 2283 413 2504 479; x_wconf 77' lang='lat' dir='ltr'><strong>debito</strong></span> <span class='ocrx_word' id='word_1_11' title='bbox 2537 413 2758 479; x_wconf 83' lang='lat' dir='ltr'><strong>ordine</strong></span> <span class='ocrx_word' id='word_1_12' title='bbox 2783 434 2857 478; x_wconf 88' lang='lat' dir='ltr'><strong>ac</strong></span> 
     </span>
    </p>
   </div>
   <div class='ocr_carea' id='block_1_3' title="bbox 354 516 2872 1220">
    <p class='ocr_par' dir='ltr' id='par_1_3' title="bbox 354 516 2864 808">
     <span class='ocr_line' id='line_1_3' title="bbox 354 516 2858 605; baseline -0.003 -19"><span class='ocrx_word' id='word_1_13' title='bbox 354 559 635 605; x_wconf 66' lang='lat' dir='ltr'><strong>Ausonum</strong></span> <span class='ocrx_word' id='word_1_14' title='bbox 660 522 764 585; x_wconf 84' lang='lat' dir='ltr'><strong>via</strong></span> <span class='ocrx_word' id='word_1_15' title='bbox 790 526 936 585; x_wconf 87' lang='lat' dir='ltr'><strong>tmn</strong></span> <span class='ocrx_word' id='word_1_16' title='bbox 980 520 1275 595; x_wconf 81' lang='lat' dir='ltr'><strong>secernit,</strong></span> <span class='ocrx_word' id='word_1_17' title='bbox 1304 525 1451 582; x_wconf 91' lang='lat' dir='ltr'><strong>tum</strong></span> <span class='ocrx_word' id='word_1_18' title='bbox 1493 517 1692 582; x_wconf 85' lang='lat' dir='ltr'><strong>etiam</strong></span> <span class='ocrx_word' id='word_1_19' title='bbox 1735 518 2014 601; x_wconf 77' lang='lat' dir='ltr'><strong>expellit,</strong></span> <span class='ocrx_word' id='word_1_20' title='bbox 2043 525 2122 582; x_wconf 90' lang='lat' dir='ltr'><strong>ut</strong></span> <span class='ocrx_word' id='word_1_21' title='bbox 2155 519 2250 599; x_wconf 88' lang='lat' dir='ltr'><strong>(in</strong></span> <span class='ocrx_word' id='word_1_22' title='bbox 2285 516 2652 601; x_wconf 81' lang='lat' dir='ltr'><strong>junioribus</strong></span> <span class='ocrx_word' id='word_1_23' title='bbox 2681 538 2858 599; x_wconf 82' lang='lat' dir='ltr'><strong>prae-</strong></span> 
     </span>
     <span class='ocr_line' id='line_1_4' title="bbox 391 620 2863 705; baseline -0.002 -17"><span class='ocrx_word' id='word_1_24' title='bbox 391 622 595 672; x_wconf 77' lang='lat'><strong>&#39;6⁷·&#39;⁶9·</strong></span> <span class='ocrx_word' id='word_1_25' title='bbox 664 623 887 687; x_wconf 90' lang='lat' dir='ltr'><strong>sertim</strong></span> <span class='ocrx_word' id='word_1_26' title='bbox 916 623 1285 705; x_wconf 86' lang='lat' dir='ltr'><strong>vegetisque</strong></span> <span class='ocrx_word' id='word_1_27' title='bbox 1310 621 1882 703; x_wconf 86' lang='lat' dir='ltr'><strong>temperamentis,)</strong></span> <span class='ocrx_word' id='word_1_28' title='bbox 1908 629 2132 685; x_wconf 84' lang='lat' dir='ltr'><strong>nostra</strong></span> <span class='ocrx_word' id='word_1_29' title='bbox 2159 642 2299 704; x_wconf 89' lang='lat' dir='ltr'><strong>ope,</strong></span> <span class='ocrx_word' id='word_1_30' title='bbox 2322 621 2562 685; x_wconf 80' lang='lat' dir='ltr'><strong>nostris</strong></span> <span class='ocrx_word' id='word_1_31' title='bbox 2581 620 2863 684; x_wconf 83' lang='lat' dir='ltr'><strong>artificiis</strong></span> 
     </span>
     <span class='ocr_line' id='line_1_5' title="bbox 665 722 2864 808; baseline -0.002 -19"><span class='ocrx_word' id='word_1_32' title='bbox 665 732 861 808; x_wconf 89' lang='lat' dir='ltr'><strong>atque</strong></span> <span class='ocrx_word' id='word_1_33' title='bbox 905 724 1177 802; x_wconf 85' lang='lat' dir='ltr'><strong>auxiliis,</strong></span> <span class='ocrx_word' id='word_1_34' title='bbox 1216 743 1352 787; x_wconf 92' lang='lat' dir='ltr'><strong>non</strong></span> <span class='ocrx_word' id='word_1_35' title='bbox 1389 722 1718 805; x_wconf 77' lang='lat' dir='ltr'><strong>indigeat3</strong></span> <span class='ocrx_word' id='word_1_36' title='bbox 1777 723 1912 785; x_wconf 90' lang='lat' dir='ltr'><strong>suis</strong></span> <span class='ocrx_word' id='word_1_37' title='bbox 1959 722 2202 787; x_wconf 86' lang='lat' dir='ltr'><strong>viribus</strong></span> <span class='ocrx_word' id='word_1_38' title='bbox 2245 722 2486 806; x_wconf 87' lang='lat' dir='ltr'><strong>optime</strong></span> <span class='ocrx_word' id='word_1_39' title='bbox 2527 722 2864 797; x_wconf 82' lang='lat' dir='ltr'><strong>instructa,</strong></span> 
     </span>
    </p>

    <p class='ocr_par' dir='ltr' id='par_1_4' title="bbox 666 823 2866 909">
     <span class='ocr_line' id='line_1_6' title="bbox 666 823 2866 909; baseline -0.003 -18"><span class='ocrx_word' id='word_1_40' title='bbox 666 828 797 891; x_wconf 88' lang='lat' dir='ltr'><strong>suis</strong></span> <span class='ocrx_word' id='word_1_41' title='bbox 826 826 1055 909; x_wconf 87' lang='lat' dir='ltr'><strong>opibus</strong></span> <span class='ocrx_word' id='word_1_42' title='bbox 1083 825 1384 909; x_wconf 88' lang='lat' dir='ltr'><strong>locuples,</strong></span> <span class='ocrx_word' id='word_1_43' title='bbox 1412 846 1529 889; x_wconf 87' lang='lat' dir='ltr'><strong>suo</strong></span> <span class='ocrx_word' id='word_1_44' title='bbox 1559 826 1838 908; x_wconf 88' lang='lat' dir='ltr'><strong>denique</strong></span> <span class='ocrx_word' id='word_1_45' title='bbox 1867 825 2130 909; x_wconf 85' lang='lat' dir='ltr'><strong>ingenio</strong></span> <span class='ocrx_word' id='word_1_46' title='bbox 2159 825 2314 889; x_wconf 86' lang='lat' dir='ltr'><strong>satis</strong></span> <span class='ocrx_word' id='word_1_47' title='bbox 2343 824 2589 889; x_wconf 85' lang='lat' dir='ltr'><strong>edocta.</strong></span> <span class='ocrx_word' id='word_1_48' title='bbox 2635 823 2866 905; x_wconf 88' lang='lat' dir='ltr'><strong>Neque</strong></span> 
     </span>
    </p>

    <p class='ocr_par' dir='ltr' id='par_1_5' title="bbox 359 925 2872 1220">
     <span class='ocr_line' id='line_1_7' title="bbox 360 925 2868 1011; baseline -0.003 -17"><span class='ocrx_word' id='word_1_49' title='bbox 360 936 597 985; x_wconf 82' lang='lat' dir='ltr'><strong>Nondum</strong></span> <span class='ocrx_word' id='word_1_50' title='bbox 666 952 820 994; x_wconf 87' lang='lat' dir='ltr'><strong>sane</strong></span> <span class='ocrx_word' id='word_1_51' title='bbox 851 929 949 993; x_wconf 90' lang='lat' dir='ltr'><strong>vel</strong></span> <span class='ocrx_word' id='word_1_52' title='bbox 976 929 1111 1011; x_wconf 86' lang='lat' dir='ltr'><strong>ipse</strong></span> <span class='ocrx_word' id='word_1_53' title='bbox 1140 928 1291 1005; x_wconf 77' lang='lat' dir='ltr'><strong>vidi,</strong></span> <span class='ocrx_word' id='word_1_54' title='bbox 1318 927 1421 991; x_wconf 85' lang='lat' dir='ltr'><strong>vel</strong></span> <span class='ocrx_word' id='word_1_55' title='bbox 1462 927 1660 991; x_wconf 88' lang='lat' dir='ltr'><strong>fando</strong></span> <span class='ocrx_word' id='word_1_56' title='bbox 1695 928 1930 1011; x_wconf 80' lang='lat' dir='ltr'><strong>accepi,</strong></span> <span class='ocrx_word' id='word_1_57' title='bbox 1961 948 2330 1011; x_wconf 77' lang='lat' dir='ltr'><strong>quenquam</strong></span> <span class='ocrx_word' id='word_1_58' title='bbox 2375 948 2451 991; x_wconf 82' lang='lat' dir='ltr'><strong>ex</strong></span> <span class='ocrx_word' id='word_1_59' title='bbox 2481 948 2560 991; x_wconf 89' lang='lat' dir='ltr'><strong>eo</strong></span> <span class='ocrx_word' id='word_1_60' title='bbox 2585 925 2868 1009; x_wconf 88' lang='lat' dir='ltr'><strong>periisse,</strong></span> 
     </span>
     <span class='ocr_line' id='line_1_8' title="bbox 359 1000 2869 1115; baseline -0.004 -16"><span class='ocrx_word' id='word_1_61' title='bbox 359 1000 639 1113; x_wconf 48' lang='lat' dir='ltr'><strong>aqtffitelel</strong></span> <span class='ocrx_word' id='word_1_62' title='bbox 666 1032 837 1115; x_wconf 88' lang='lat' dir='ltr'><strong>quod</strong></span> <span class='ocrx_word' id='word_1_63' title='bbox 856 1031 1155 1095; x_wconf 83' lang='lat' dir='ltr'><strong>Variolae</strong></span> <span class='ocrx_word' id='word_1_64' title='bbox 1181 1030 1390 1113; x_wconf 89' lang='lat' dir='ltr'><strong>primo</strong></span> <span class='ocrx_word' id='word_1_65' title='bbox 1416 1052 1553 1094; x_wconf 90' lang='lat' dir='ltr'><strong>non</strong></span> <span class='ocrx_word' id='word_1_66' title='bbox 1581 1030 1932 1113; x_wconf 87' lang='lat' dir='ltr'><strong>eruperint,</strong></span> <span class='ocrx_word' id='word_1_67' title='bbox 1955 1031 2079 1095; x_wconf 88' lang='lat' dir='ltr'><strong>etsi</strong></span> <span class='ocrx_word' id='word_1_68' title='bbox 2106 1030 2301 1093; x_wconf 90' lang='lat' dir='ltr'><strong>nimis</strong></span> <span class='ocrx_word' id='word_1_69' title='bbox 2329 1029 2522 1093; x_wconf 86' lang='lat' dir='ltr'><strong>multi</strong></span> <span class='ocrx_word' id='word_1_70' title='bbox 2541 1028 2869 1112; x_wconf 85' lang='lat' dir='ltr'><strong>perierint,</strong></span> 
     </span>
     <span class='ocr_line' id='line_1_9' title="bbox 362 1128 2872 1220; baseline -0.004 -16"><span class='ocrx_word' id='word_1_71' title='bbox 362 1128 639 1205; x_wconf 65' lang='lat' dir='ltr'><strong>⁰⁰P0¹³i⁸⁸f³⁹</strong></span> <span class='ocrx_word' id='word_1_72' title='bbox 668 1158 942 1220; x_wconf 92' lang='lat' dir='ltr'><strong>quorum</strong></span> <span class='ocrx_word' id='word_1_73' title='bbox 989 1135 1287 1199; x_wconf 82' lang='lat' dir='ltr'><strong>Variolae</strong></span> <span class='ocrx_word' id='word_1_74' title='bbox 1336 1133 1620 1217; x_wconf 87' lang='lat' dir='ltr'><strong>primum</strong></span> <span class='ocrx_word' id='word_1_75' title='bbox 1637 1142 1666 1180; x_wconf 79' lang='lat'><strong>⁸</strong></span> <span class='ocrx_word' id='word_1_76' title='bbox 1715 1131 2124 1197; x_wconf 82' lang='lat' dir='ltr'><strong>laudabiliter</strong></span> <span class='ocrx_word' id='word_1_77' title='bbox 2165 1139 2234 1197; x_wconf 92' lang='lat' dir='ltr'><strong>et</strong></span> <span class='ocrx_word' id='word_1_78' title='bbox 2275 1153 2424 1197; x_wconf 91' lang='lat' dir='ltr'><strong>cum</strong></span> <span class='ocrx_word' id='word_1_79' title='bbox 2463 1153 2720 1195; x_wconf 86' lang='lat' dir='ltr'><strong>summa</strong></span> <span class='ocrx_word' id='word_1_80' title='bbox 2761 1152 2872 1213; x_wconf 87' lang='lat' dir='ltr'><strong>spe</strong></span> 
     </span>
    </p>
   </div>
   <div class='ocr_carea' id='block_1_4' title="bbox 362 1193 2872 1322">
    <p class='ocr_par' dir='ltr' id='par_1_6' title="bbox 362 1193 2872 1322">
     <span class='ocr_line' id='line_1_10' title="bbox 365 1193 2149 1256; baseline -0.004 -15"><span class='ocrx_word' id='word_1_81' title='bbox 365 1193 638 1256; x_wconf 78' lang='lat' dir='ltr'><strong>quodvan-</strong></span> <span class='ocrx_word' id='word_1_82' title='bbox 1725 1236 1737 1248; x_wconf 71' lang='lat'>‚</span> <span class='ocrx_word' id='word_1_83' title='bbox 2136 1236 2149 1249; x_wconf 64' lang='grc'><strong>,</strong></span> 
     </span>
     <span class='ocr_line' id='line_1_11' title="bbox 362 1234 2872 1322; baseline -0.003 -17"><span class='ocrx_word' id='word_1_84' title='bbox 362 1258 467 1305; x_wconf 77' lang='lat' dir='ltr'><strong>olae</strong></span> <span class='ocrx_word' id='word_1_85' title='bbox 484 1257 643 1320; x_wconf 86' lang='lat' dir='ltr'><strong>primo</strong></span> <span class='ocrx_word' id='word_1_86' title='bbox 670 1244 1099 1322; x_wconf 89' lang='lat' dir='ltr'><strong>erumpentes,</strong></span> <span class='ocrx_word' id='word_1_87' title='bbox 1146 1244 1371 1321; x_wconf 84' lang='lat' dir='ltr'><strong>postea</strong></span> <span class='ocrx_word' id='word_1_88' title='bbox 1414 1235 1866 1301; x_wconf 84' lang='lat' dir='ltr'><strong>recedentibus</strong></span> <span class='ocrx_word' id='word_1_89' title='bbox 1911 1236 2186 1319; x_wconf 78' lang='lat' dir='ltr'><strong>pustulis</strong></span> <span class='ocrx_word' id='word_1_90' title='bbox 2232 1241 2642 1317; x_wconf 77' lang='lat' dir='ltr'><strong>praemature</strong></span> <span class='ocrx_word' id='word_1_91' title='bbox 2687 1234 2872 1299; x_wconf 80' lang='lat' dir='ltr'><strong>detu-</strong></span> 
     </span>
    </p>
   </div>
   <div class='ocr_carea' id='block_1_5' title="bbox 362 1336 1004 1433">
    <p class='ocr_par' dir='ltr' id='par_1_7' title="bbox 362 1336 1004 1433">
     <span class='ocr_line' id='line_1_12' title="bbox 362 1336 1004 1433; baseline -0.002 -28"><span class='ocrx_word' id='word_1_92' title='bbox 362 1336 645 1433; x_wconf 57' lang='lat' dir='ltr'><strong>ssffiempe&#39;</strong></span> <span class='ocrx_word' id='word_1_93' title='bbox 672 1347 1004 1407; x_wconf 86' lang='lat' dir='ltr'><strong>muerunt.</strong></span> 
     </span>
    </p>
   </div>
   <div class='ocr_carea' id='block_1_6' title="bbox 362 1441 2874 1528">
    <p class='ocr_par' dir='ltr' id='par_1_8' title="bbox 362 1441 2874 1528">
     <span class='ocr_line' id='line_1_13' title="bbox 362 1441 2874 1528; baseline -0.005 -15"><span class='ocrx_word' id='word_1_94' title='bbox 362 1465 605 1513; x_wconf 74' lang='lat' dir='ltr'><strong>Ebuuitio</strong></span> <span class='ocrx_word' id='word_1_95' title='bbox 770 1443 935 1528; x_wconf 85' lang='lat'>[36.]</span> <span class='ocrx_word' id='word_1_96' title='bbox 992 1441 1553 1508; x_wconf 79' lang='lat' dir='ltr'><strong>Quemadmodum</strong></span> <span class='ocrx_word' id='word_1_97' title='bbox 1611 1447 1830 1505; x_wconf 88' lang='lat' dir='ltr'><strong>autem</strong></span> <span class='ocrx_word' id='word_1_98' title='bbox 1879 1441 2320 1505; x_wconf 86' lang='lat' dir='ltr'><strong>inconsultum</strong></span> <span class='ocrx_word' id='word_1_99' title='bbox 2369 1448 2469 1506; x_wconf 88' lang='lat' dir='ltr'><strong>est</strong></span> <span class='ocrx_word' id='word_1_100' title='bbox 2513 1446 2714 1522; x_wconf 87' lang='lat' dir='ltr'><strong>atque</strong></span> <span class='ocrx_word' id='word_1_101' title='bbox 2767 1458 2874 1521; x_wconf 88' lang='lat' dir='ltr'><strong>pe-</strong></span> 
     </span>
    </p>
   </div>
   <div class='ocr_carea' id='block_1_7' title="bbox 362 1542 2875 1655">
    <p class='ocr_par' dir='ltr' id='par_1_9' title="bbox 362 1542 2875 1655">
     <span class='ocr_line' id='line_1_14' title="bbox 362 1542 2875 1655; baseline -0.003 -44"><span class='ocrx_word' id='word_1_102' title='bbox 362 1544 643 1655; x_wconf 37' lang='lat' dir='ltr'><strong>diffie-gfff·-</strong></span> <span class='ocrx_word' id='word_1_103' title='bbox 672 1547 1021 1611; x_wconf 89' lang='lat' dir='ltr'><strong>riculosum</strong></span> <span class='ocrx_word' id='word_1_104' title='bbox 1066 1544 1382 1609; x_wconf 88' lang='lat' dir='ltr'><strong>calidioris</strong></span> <span class='ocrx_word' id='word_1_105' title='bbox 1424 1544 1758 1627; x_wconf 86' lang='lat' dir='ltr'><strong>regiminis</strong></span> <span class='ocrx_word' id='word_1_106' title='bbox 1796 1542 1895 1607; x_wconf 82' lang='lat' dir='ltr'><strong>vel</strong></span> <span class='ocrx_word' id='word_1_107' title='bbox 1945 1543 2383 1607; x_wconf 76' lang='lat' dir='ltr'><strong>cardiacorum</strong></span> <span class='ocrx_word' id='word_1_108' title='bbox 2421 1562 2544 1625; x_wconf 92' lang='lat' dir='ltr'><strong>ope</strong></span> <span class='ocrx_word' id='word_1_109' title='bbox 2581 1547 2875 1625; x_wconf 86' lang='lat' dir='ltr'><strong>coeptam</strong></span> 
     </span>
    </p>
   </div>
   <div class='ocr_carea' id='block_1_8' title="bbox 366 1645 2900 3774">
    <p class='ocr_par' dir='ltr' id='par_1_10' title="bbox 366 1645 2882 2040">
     <span class='ocr_line' id='line_1_15' title="bbox 366 1645 2877 1723; baseline -0.003 -11"><span class='ocrx_word' id='word_1_110' title='bbox 366 1658 592 1716; x_wconf 71' lang='lat' dir='ltr'><strong>uteribus,</strong></span> <span class='ocrx_word' id='word_1_111' title='bbox 673 1649 1117 1713; x_wconf 88' lang='lat' dir='ltr'><strong>ebullitionem</strong></span> <span class='ocrx_word' id='word_1_112' title='bbox 1144 1647 1337 1710; x_wconf 88' lang='lat' dir='ltr'><strong>nimis</strong></span> <span class='ocrx_word' id='word_1_113' title='bbox 1378 1646 1681 1723; x_wconf 81' lang='lat' dir='ltr'><strong>evehere3</strong></span> <span class='ocrx_word' id='word_1_114' title='bbox 1729 1646 1824 1709; x_wconf 85' lang='lat' dir='ltr'><strong>ita</strong></span> <span class='ocrx_word' id='word_1_115' title='bbox 1851 1666 1888 1707; x_wconf 91' lang='lat' dir='ltr'><strong>e</strong></span> <span class='ocrx_word' id='word_1_116' title='bbox 1917 1645 2236 1709; x_wconf 88' lang='lat' dir='ltr'><strong>contrario</strong></span> <span class='ocrx_word' id='word_1_117' title='bbox 2275 1666 2410 1709; x_wconf 90' lang='lat' dir='ltr'><strong>non</strong></span> <span class='ocrx_word' id='word_1_118' title='bbox 2437 1646 2655 1709; x_wconf 88' lang='lat' dir='ltr'><strong>minus</strong></span> <span class='ocrx_word' id='word_1_119' title='bbox 2693 1651 2877 1707; x_wconf 84' lang='lat' dir='ltr'><strong>vacat</strong></span> 
     </span>
     <span class='ocr_line' id='line_1_16' title="bbox 366 1722 2880 1835; baseline -0.003 -20"><span class='ocrx_word' id='word_1_120' title='bbox 366 1722 644 1835; x_wconf 56' lang='grc' dir='ltr'><strong>ξὲῗζῗξὲῗὶ,</strong></span> <span class='ocrx_word' id='word_1_121' title='bbox 674 1751 977 1835; x_wconf 84' lang='lat' dir='ltr'><strong>pericul0,</strong></span> <span class='ocrx_word' id='word_1_122' title='bbox 998 1748 1433 1813; x_wconf 81' lang='lat' dir='ltr'><strong>mediantibus</strong></span> <span class='ocrx_word' id='word_1_123' title='bbox 1462 1748 1994 1825; x_wconf 87' lang='lat' dir='ltr'><strong>venae-sectione,</strong></span> <span class='ocrx_word' id='word_1_124' title='bbox 2019 1746 2419 1831; x_wconf 75' lang='lat' dir='ltr'><strong>clysteribus,</strong></span> <span class='ocrx_word' id='word_1_125' title='bbox 2443 1746 2754 1823; x_wconf 88' lang='lat' dir='ltr'><strong>emeticis,</strong></span> <span class='ocrx_word' id='word_1_126' title='bbox 2778 1765 2880 1807; x_wconf 86' lang='lat' dir='ltr'><strong>ca-</strong></span> 
     </span>
     <span class='ocr_line' id='line_1_17' title="bbox 368 1848 2882 1933; baseline -0.004 -15"><span class='ocrx_word' id='word_1_127' title='bbox 368 1867 395 1898; x_wconf 77' lang='lat' dir='ltr'><strong>e</strong></span> <span class='ocrx_word' id='word_1_128' title='bbox 414 1851 653 1899; x_wconf 77' lang='lat' dir='ltr'><strong>contrario</strong></span> <span class='ocrx_word' id='word_1_129' title='bbox 674 1854 988 1931; x_wconf 86' lang='lat' dir='ltr'><strong>tharticis,</strong></span> <span class='ocrx_word' id='word_1_130' title='bbox 1020 1859 1132 1916; x_wconf 89' lang='lat' dir='ltr'><strong>aut</strong></span> <span class='ocrx_word' id='word_1_131' title='bbox 1162 1851 1232 1914; x_wconf 89' lang='lat' dir='ltr'><strong>id</strong></span> <span class='ocrx_word' id='word_1_132' title='bbox 1248 1848 1278 1887; x_wconf 83' lang='lat'><strong>¹²</strong></span> <span class='ocrx_word' id='word_1_133' title='bbox 1314 1870 1519 1933; x_wconf 84' lang='lat' dir='ltr'><strong>genus</strong></span> <span class='ocrx_word' id='word_1_134' title='bbox 1550 1850 1690 1913; x_wconf 87' lang='lat' dir='ltr'><strong>aliis</strong></span> <span class='ocrx_word' id='word_1_135' title='bbox 1720 1849 1990 1913; x_wconf 88' lang='lat' dir='ltr'><strong>eandem</strong></span> <span class='ocrx_word' id='word_1_136' title='bbox 2021 1849 2332 1928; x_wconf 86' lang='lat' dir='ltr'><strong>minuere,</strong></span> <span class='ocrx_word' id='word_1_137' title='bbox 2361 1870 2512 1913; x_wconf 90' lang='lat' dir='ltr'><strong>cum</strong></span> <span class='ocrx_word' id='word_1_138' title='bbox 2541 1848 2664 1912; x_wconf 90' lang='lat' dir='ltr'><strong>hoc</strong></span> <span class='ocrx_word' id='word_1_139' title='bbox 2691 1854 2882 1930; x_wconf 86' lang='lat' dir='ltr'><strong>pacto</strong></span> 
     </span>
     <span class='ocr_line' id='line_1_18' title="bbox 368 1924 2880 2040; baseline -0.007 -11"><span class='ocrx_word' id='word_1_140' title='bbox 368 1924 650 2028; x_wconf 49' lang='lat' dir='ltr'><strong>ffilinissda.</strong></span> <span class='ocrx_word' id='word_1_141' title='bbox 676 1958 961 2040; x_wconf 76' lang='lat' dir='ltr'><strong>partium</strong></span> <span class='ocrx_word' id='word_1_142' title='bbox 978 1953 1427 2038; x_wconf 81' lang='lat' dir='ltr'><strong>separabilium</strong></span> <span class='ocrx_word' id='word_1_143' title='bbox 1448 1951 1786 2017; x_wconf 88' lang='lat' dir='ltr'><strong>commoda</strong></span> <span class='ocrx_word' id='word_1_144' title='bbox 1807 1952 2076 2015; x_wconf 88' lang='lat' dir='ltr'><strong>secretio</strong></span> <span class='ocrx_word' id='word_1_145' title='bbox 2097 1951 2448 2035; x_wconf 88' lang='lat' dir='ltr'><strong>plurimum</strong></span> <span class='ocrx_word' id='word_1_146' title='bbox 2467 1950 2880 2033; x_wconf 83' lang='lat' dir='ltr'><strong>impediatur.</strong></span> 
     </span>
    </p>

    <p class='ocr_par' dir='ltr' id='par_1_11' title="bbox 680 2053 2885 2137">
     <span class='ocr_line' id='line_1_19' title="bbox 680 2053 2885 2137; baseline -0.004 -16"><span class='ocrx_word' id='word_1_147' title='bbox 680 2058 863 2121; x_wconf 87' lang='lat' dir='ltr'><strong>Licet</strong></span> <span class='ocrx_word' id='word_1_148' title='bbox 902 2056 1077 2120; x_wconf 90' lang='lat' dir='ltr'><strong>enim</strong></span> <span class='ocrx_word' id='word_1_149' title='bbox 1106 2055 1367 2137; x_wconf 84' lang='lat' dir='ltr'><strong>vulgare</strong></span> <span class='ocrx_word' id='word_1_150' title='bbox 1405 2054 1569 2117; x_wconf 89' lang='lat' dir='ltr'><strong>illud</strong></span> <span class='ocrx_word' id='word_1_151' title='bbox 1607 2060 1802 2136; x_wconf 88' lang='lat' dir='ltr'><strong>atque</strong></span> <span class='ocrx_word' id='word_1_152' title='bbox 1831 2053 2218 2117; x_wconf 83' lang='lat' dir='ltr'><strong>tralatitium</strong></span> <span class='ocrx_word' id='word_1_153' title='bbox 2247 2058 2725 2136; x_wconf 84' lang='lat' dir='ltr'><strong>argumentum,</strong></span> <span class='ocrx_word' id='word_1_154' title='bbox 2756 2072 2885 2134; x_wconf 90' lang='lat' dir='ltr'><strong>quo</strong></span> 
     </span>
    </p>

    <p class='ocr_par' dir='ltr' id='par_1_12' title="bbox 376 2156 2900 3365">
     <span class='ocr_line' id='line_1_20' title="bbox 681 2156 2886 2240; baseline -0.004 -17"><span class='ocrx_word' id='word_1_155' title='bbox 681 2160 981 2223; x_wconf 86' lang='lat' dir='ltr'><strong>adversus</strong></span> <span class='ocrx_word' id='word_1_156' title='bbox 1002 2156 1505 2240; x_wconf 85' lang='lat' dir='ltr'><strong>phlebotomiam</strong></span> <span class='ocrx_word' id='word_1_157' title='bbox 1530 2156 1810 2238; x_wconf 86' lang='lat' dir='ltr'><strong>aliasque</strong></span> <span class='ocrx_word' id='word_1_158' title='bbox 1832 2156 2278 2219; x_wconf 87' lang='lat' dir='ltr'><strong>evacuationes</strong></span> <span class='ocrx_word' id='word_1_159' title='bbox 2299 2161 2597 2233; x_wconf 81' lang='lat' dir='ltr'><strong>utuntur,</strong></span> <span class='ocrx_word' id='word_1_160' title='bbox 2627 2156 2886 2236; x_wconf 88' lang='lat' dir='ltr'><strong>(nempe</strong></span> 
     </span>
     <span class='ocr_line' id='line_1_21' title="bbox 380 2256 2886 2344; baseline -0.001 -21"><span class='ocrx_word' id='word_1_161' title='bbox 380 2264 426 2311; x_wconf 82' lang='lat' dir='ltr'>A</span> <span class='ocrx_word' id='word_1_162' title='bbox 450 2278 625 2339; x_wconf 60' lang='lat' dir='ltr'><strong>vpnap-</strong></span> <span class='ocrx_word' id='word_1_163' title='bbox 684 2261 853 2344; x_wconf 90' lang='lat' dir='ltr'><strong>quod</strong></span> <span class='ocrx_word' id='word_1_164' title='bbox 895 2281 1028 2322; x_wconf 89' lang='lat' dir='ltr'><strong>non</strong></span> <span class='ocrx_word' id='word_1_165' title='bbox 1072 2258 1261 2322; x_wconf 88' lang='lat' dir='ltr'><strong>liceat</strong></span> <span class='ocrx_word' id='word_1_166' title='bbox 1299 2280 1339 2321; x_wconf 90' lang='lat' dir='ltr'><strong>a</strong></span> <span class='ocrx_word' id='word_1_167' title='bbox 1374 2257 1896 2323; x_wconf 82' lang='lat' dir='ltr'><strong>circumferentia</strong></span> <span class='ocrx_word' id='word_1_168' title='bbox 1921 2257 2004 2320; x_wconf 82' lang='lat' dir='ltr'><strong>ad</strong></span> <span class='ocrx_word' id='word_1_169' title='bbox 2032 2266 2328 2322; x_wconf 86' lang='lat' dir='ltr'><strong>centrum</strong></span> <span class='ocrx_word' id='word_1_170' title='bbox 2371 2278 2628 2321; x_wconf 87' lang='lat' dir='ltr'><strong>movere</strong></span> <span class='ocrx_word' id='word_1_171' title='bbox 2653 2256 2886 2321; x_wconf 86' lang='lat' dir='ltr'><strong>humo-</strong></span> 
     </span>
     <span class='ocr_line' id='line_1_22' title="bbox 377 2335 2882 2453; baseline -0.002 -26"><span class='ocrx_word' id='word_1_172' title='bbox 377 2335 632 2453; x_wconf 55' lang='grc' dir='ltr'><strong>ζῗξὲἕῃζῇ.</strong></span> <span class='ocrx_word' id='word_1_173' title='bbox 681 2384 805 2441; x_wconf 71' lang='lat' dir='ltr'><strong>ree,</strong></span> <span class='ocrx_word' id='word_1_174' title='bbox 830 2382 980 2427; x_wconf 89' lang='lat' dir='ltr'><strong>cum</strong></span> <span class='ocrx_word' id='word_1_175' title='bbox 1008 2361 1267 2423; x_wconf 84' lang='lat' dir='ltr'><strong>Natura</strong></span> <span class='ocrx_word' id='word_1_176' title='bbox 1292 2361 1365 2422; x_wconf 93' lang='lat' dir='ltr'><strong>in</strong></span> <span class='ocrx_word' id='word_1_177' title='bbox 1392 2360 1514 2423; x_wconf 87' lang='lat' dir='ltr'><strong>hoc</strong></span> <span class='ocrx_word' id='word_1_178' title='bbox 1542 2360 1772 2423; x_wconf 88' lang='lat' dir='ltr'><strong>morbo</strong></span> <span class='ocrx_word' id='word_1_179' title='bbox 1799 2360 2192 2423; x_wconf 87' lang='lat' dir='ltr'><strong>contrarium</strong></span> <span class='ocrx_word' id='word_1_180' title='bbox 2222 2360 2522 2423; x_wconf 87' lang='lat' dir='ltr'><strong>affectare</strong></span> <span class='ocrx_word' id='word_1_181' title='bbox 2542 2359 2882 2439; x_wconf 87' lang='lat' dir='ltr'><strong>videatur,)</strong></span> 
     </span>
     <span class='ocr_line' id='line_1_23' title="bbox 376 2462 2888 2569; baseline -0.002 -38"><span class='ocrx_word' id='word_1_182' title='bbox 376 2471 660 2569; x_wconf 49' lang='grc' dir='ltr'><strong>Ἑξοζζζ</strong></span> <span class='ocrx_word' id='word_1_183' title='bbox 683 2465 1011 2530; x_wconf 84' lang='lat' dir='ltr'><strong>nullarum</strong></span> <span class='ocrx_word' id='word_1_184' title='bbox 1051 2462 1242 2547; x_wconf 83' lang='lat' dir='ltr'><strong>plane</strong></span> <span class='ocrx_word' id='word_1_185' title='bbox 1270 2462 1504 2528; x_wconf 87' lang='lat' dir='ltr'><strong>virium</strong></span> <span class='ocrx_word' id='word_1_186' title='bbox 1532 2462 1636 2542; x_wconf 87' lang='lat' dir='ltr'><strong>sit,</strong></span> <span class='ocrx_word' id='word_1_187' title='bbox 1669 2484 1746 2528; x_wconf 88' lang='lat' dir='ltr'><strong>eo</strong></span> <span class='ocrx_word' id='word_1_188' title='bbox 1775 2462 1948 2546; x_wconf 89' lang='lat' dir='ltr'><strong>quod</strong></span> <span class='ocrx_word' id='word_1_189' title='bbox 1976 2482 2054 2527; x_wconf 82' lang='lat' dir='ltr'><strong>ex</strong></span> <span class='ocrx_word' id='word_1_190' title='bbox 2083 2462 2436 2528; x_wconf 87' lang='lat' dir='ltr'><strong>earundem</strong></span> <span class='ocrx_word' id='word_1_191' title='bbox 2473 2484 2600 2526; x_wconf 89' lang='lat' dir='ltr'><strong>usu</strong></span> <span class='ocrx_word' id='word_1_192' title='bbox 2631 2468 2888 2526; x_wconf 85' lang='lat' dir='ltr'><strong>contra-</strong></span> 
     </span>
     <span class='ocr_line' id='line_1_24' title="bbox 381 2565 2888 2649; baseline -0.003 -15"><span class='ocrx_word' id='word_1_193' title='bbox 381 2601 477 2634; x_wconf 72' lang='lat' dir='ltr'><strong>usu</strong></span> <span class='ocrx_word' id='word_1_194' title='bbox 498 2601 613 2649; x_wconf 84' lang='lat' dir='ltr'><strong>pro-</strong></span> <span class='ocrx_word' id='word_1_195' title='bbox 682 2571 818 2634; x_wconf 89' lang='lat' dir='ltr'><strong>rius</strong></span> <span class='ocrx_word' id='word_1_196' title='bbox 864 2567 1128 2632; x_wconf 88' lang='lat' dir='ltr'><strong>omnino</strong></span> <span class='ocrx_word' id='word_1_197' title='bbox 1172 2567 1457 2644; x_wconf 87' lang='lat' dir='ltr'><strong>effectus,</strong></span> <span class='ocrx_word' id='word_1_198' title='bbox 1496 2565 1836 2630; x_wconf 86' lang='lat' dir='ltr'><strong>subitanea</strong></span> <span class='ocrx_word' id='word_1_199' title='bbox 1881 2566 2123 2630; x_wconf 86' lang='lat' dir='ltr'><strong>scilicet</strong></span> <span class='ocrx_word' id='word_1_200' title='bbox 2161 2565 2570 2629; x_wconf 89' lang='lat' dir='ltr'><strong>Variolarum</strong></span> <span class='ocrx_word' id='word_1_201' title='bbox 2613 2565 2888 2648; x_wconf 83' lang='lat' dir='ltr'><strong>eruptio,</strong></span> 
     </span>
     <span class='ocr_line' id='line_1_25' title="bbox 378 2661 2890 2778; baseline -0.003 -42"><span class='ocrx_word' id='word_1_202' title='bbox 378 2661 663 2778; x_wconf 54' lang='grc' dir='ltr'><strong>Ξζζξζξζηθ</strong></span> <span class='ocrx_word' id='word_1_203' title='bbox 687 2669 1049 2754; x_wconf 79' lang='lat' dir='ltr'><strong>saepissime</strong></span> <span class='ocrx_word' id='word_1_204' title='bbox 1087 2670 1393 2752; x_wconf 86' lang='lat' dir='ltr'><strong>consequi</strong></span> <span class='ocrx_word' id='word_1_205' title='bbox 1422 2667 1979 2752; x_wconf 82' lang='lat' dir='ltr'><strong>deprehendatur3</strong></span> <span class='ocrx_word' id='word_1_206' title='bbox 2031 2667 2192 2732; x_wconf 76' lang='lat' dir='ltr'><strong>aliae</strong></span> <span class='ocrx_word' id='word_1_207' title='bbox 2235 2667 2656 2730; x_wconf 84' lang='lat' dir='ltr'><strong>nihilominus</strong></span> <span class='ocrx_word' id='word_1_208' title='bbox 2693 2667 2890 2730; x_wconf 87' lang='lat' dir='ltr'><strong>ratio-</strong></span> 
     </span>
     <span class='ocr_line' id='line_1_26' title="bbox 381 2769 2892 2856; baseline -0.005 -12"><span class='ocrx_word' id='word_1_209' title='bbox 381 2781 583 2844; x_wconf 61' lang='lat'><strong>011112502</strong></span> <span class='ocrx_word' id='word_1_210' title='bbox 686 2796 802 2839; x_wconf 87' lang='lat' dir='ltr'><strong>nes</strong></span> <span class='ocrx_word' id='word_1_211' title='bbox 830 2774 903 2837; x_wconf 89' lang='lat' dir='ltr'><strong>in</strong></span> <span class='ocrx_word' id='word_1_212' title='bbox 948 2779 1254 2856; x_wconf 87' lang='lat' dir='ltr'><strong>promptu</strong></span> <span class='ocrx_word' id='word_1_213' title='bbox 1281 2779 1453 2849; x_wconf 89' lang='lat' dir='ltr'><strong>sunt,</strong></span> <span class='ocrx_word' id='word_1_214' title='bbox 1486 2791 1652 2853; x_wconf 89' lang='lat' dir='ltr'><strong>quae</strong></span> <span class='ocrx_word' id='word_1_215' title='bbox 1679 2770 2092 2834; x_wconf 85' lang='lat' dir='ltr'><strong>vehementer</strong></span> <span class='ocrx_word' id='word_1_216' title='bbox 2121 2770 2397 2834; x_wconf 87' lang='lat' dir='ltr'><strong>suadent</strong></span> <span class='ocrx_word' id='word_1_217' title='bbox 2435 2775 2512 2833; x_wconf 90' lang='lat' dir='ltr'><strong>ut</strong></span> <span class='ocrx_word' id='word_1_218' title='bbox 2553 2769 2892 2852; x_wconf 88' lang='lat' dir='ltr'><strong>(siquidem</strong></span> 
     </span>
     <span class='ocr_line' id='line_1_27' title="bbox 380 2861 2892 2974; baseline -0.003 -32"><span class='ocrx_word' id='word_1_219' title='bbox 380 2861 659 2974; x_wconf 48' lang='grc' dir='ltr'><strong>ξ’ῃῖζὲἴῃᾞ</strong></span> <span class='ocrx_word' id='word_1_220' title='bbox 688 2879 823 2942; x_wconf 93' lang='lat' dir='ltr'><strong>ullo</strong></span> <span class='ocrx_word' id='word_1_221' title='bbox 864 2876 1058 2941; x_wconf 86' lang='lat' dir='ltr'><strong>modo</strong></span> <span class='ocrx_word' id='word_1_222' title='bbox 1098 2875 1288 2939; x_wconf 80' lang='lat' dir='ltr'><strong>vitari</strong></span> <span class='ocrx_word' id='word_1_223' title='bbox 1328 2873 1574 2957; x_wconf 88' lang='lat' dir='ltr'><strong>possit,)</strong></span> <span class='ocrx_word' id='word_1_224' title='bbox 1627 2871 1709 2935; x_wconf 90' lang='lat' dir='ltr'><strong>ab</strong></span> <span class='ocrx_word' id='word_1_225' title='bbox 1751 2872 1874 2936; x_wconf 82' lang='lat' dir='ltr'><strong>hac</strong></span> <span class='ocrx_word' id='word_1_226' title='bbox 1929 2873 2112 2955; x_wconf 82' lang='lat' dir='ltr'><strong>praxi</strong></span> <span class='ocrx_word' id='word_1_227' title='bbox 2155 2893 2386 2936; x_wconf 86' lang='lat' dir='ltr'><strong>manus</strong></span> <span class='ocrx_word' id='word_1_228' title='bbox 2432 2870 2892 2936; x_wconf 83' lang='lat' dir='ltr'><strong>abstineamus.</strong></span> 
     </span>
     <span class='ocr_line' id='line_1_28' title="bbox 383 2973 2896 3062; baseline -0.001 -24"><span class='ocrx_word' id='word_1_229' title='bbox 383 2992 663 3052; x_wconf 70' lang='lat' dir='ltr'><strong>Argumen-</strong></span> <span class='ocrx_word' id='word_1_230' title='bbox 690 2981 991 3062; x_wconf 86' lang='lat' dir='ltr'><strong>Namque</strong></span> <span class='ocrx_word' id='word_1_231' title='bbox 1042 2979 1143 3060; x_wconf 89' lang='lat' dir='ltr'><strong>(ut</strong></span> <span class='ocrx_word' id='word_1_232' title='bbox 1170 2997 1393 3041; x_wconf 87' lang='lat' dir='ltr'><strong>earmn</strong></span> <span class='ocrx_word' id='word_1_233' title='bbox 1430 2976 1804 3058; x_wconf 86' lang='lat' dir='ltr'><strong>praecipuas</strong></span> <span class='ocrx_word' id='word_1_234' title='bbox 1831 2975 2054 3057; x_wconf 87' lang='lat' dir='ltr'><strong>paucis</strong></span> <span class='ocrx_word' id='word_1_235' title='bbox 2084 2975 2526 3056; x_wconf 82' lang='lat' dir='ltr'><strong>attingamus,)</strong></span> <span class='ocrx_word' id='word_1_236' title='bbox 2558 2994 2674 3057; x_wconf 90' lang='lat' dir='ltr'><strong>per</strong></span> <span class='ocrx_word' id='word_1_237' title='bbox 2701 2973 2896 3037; x_wconf 83' lang='lat' dir='ltr'><strong>hasce</strong></span> 
     </span>
     <span class='ocr_line' id='line_1_29' title="bbox 381 3063 2896 3170; baseline -0.004 -24"><span class='ocrx_word' id='word_1_238' title='bbox 381 3063 623 3170; x_wconf 53' lang='grc' dir='ltr'><strong>ζῐζζᾎξῗ</strong></span> <span class='ocrx_word' id='word_1_239' title='bbox 692 3083 1135 3146; x_wconf 69' lang='lat' dir='ltr'><strong>evacuatione·</strong></span> <span class='ocrx_word' id='word_1_240' title='bbox 1178 3101 1313 3143; x_wconf 90' lang='lat' dir='ltr'><strong>non</strong></span> <span class='ocrx_word' id='word_1_241' title='bbox 1354 3085 1619 3142; x_wconf 79' lang='lat' dir='ltr'><strong>tantum</strong></span> <span class='ocrx_word' id='word_1_242' title='bbox 1667 3076 1958 3140; x_wconf 87' lang='lat' dir='ltr'><strong>ebullitio</strong></span> <span class='ocrx_word' id='word_1_243' title='bbox 2003 3077 2196 3140; x_wconf 89' lang='lat' dir='ltr'><strong>nimis</strong></span> <span class='ocrx_word' id='word_1_244' title='bbox 2239 3077 2668 3154; x_wconf 84' lang='lat' dir='ltr'><strong>imminuitur,</strong></span> <span class='ocrx_word' id='word_1_245' title='bbox 2707 3077 2896 3160; x_wconf 86' lang='lat' dir='ltr'><strong>cujus</strong></span> 
     </span>
     <span class='ocr_line' id='line_1_30' title="bbox 384 3177 2896 3264; baseline -0.002 -17"><span class='ocrx_word' id='word_1_246' title='bbox 384 3201 622 3262; x_wconf 67' lang='lat' dir='ltr'><strong>eyacuan-</strong></span> <span class='ocrx_word' id='word_1_247' title='bbox 691 3183 954 3247; x_wconf 89' lang='lat' dir='ltr'><strong>interim</strong></span> <span class='ocrx_word' id='word_1_248' title='bbox 982 3202 1101 3263; x_wconf 93' lang='lat' dir='ltr'><strong>ope</strong></span> <span class='ocrx_word' id='word_1_249' title='bbox 1128 3187 1344 3264; x_wconf 89' lang='lat' dir='ltr'><strong>partes</strong></span> <span class='ocrx_word' id='word_1_250' title='bbox 1374 3177 1852 3262; x_wconf 85' lang='lat' dir='ltr'><strong>despumandae</strong></span> <span class='ocrx_word' id='word_1_251' title='bbox 1881 3186 2176 3242; x_wconf 85' lang='lat' dir='ltr'><strong>accurate</strong></span> <span class='ocrx_word' id='word_1_252' title='bbox 2205 3179 2453 3242; x_wconf 85' lang='lat' dir='ltr'><strong>secerni</strong></span> <span class='ocrx_word' id='word_1_253' title='bbox 2480 3178 2845 3243; x_wconf 83' lang='lat' dir='ltr'><strong>debuerant</strong></span> <span class='ocrx_word' id='word_1_254' title='bbox 2861 3182 2896 3255; x_wconf 89' lang='lat'><strong>¹,</strong></span> 
     </span>
     <span class='ocr_line' id='line_1_31' title="bbox 386 3259 2900 3365; baseline -0.002 -17"><span class='ocrx_word' id='word_1_255' title='bbox 386 3259 465 3299; x_wconf 58' lang='grc' dir='ltr'><strong>ω’</strong></span> <span class='ocrx_word' id='word_1_256' title='bbox 608 3263 621 3274; x_wconf 52' lang='grc'><strong>”</strong></span> <span class='ocrx_word' id='word_1_257' title='bbox 693 3305 917 3348; x_wconf 85' lang='lat' dir='ltr'><strong>verum</strong></span> <span class='ocrx_word' id='word_1_258' title='bbox 954 3283 1151 3346; x_wconf 89' lang='lat' dir='ltr'><strong>etiam</strong></span> <span class='ocrx_word' id='word_1_259' title='bbox 1178 3281 1339 3344; x_wconf 85' lang='lat' dir='ltr'><strong>fflud</strong></span> <span class='ocrx_word' id='word_1_260' title='bbox 1368 3282 1584 3364; x_wconf 89' lang='lat' dir='ltr'><strong>ipsum</strong></span> <span class='ocrx_word' id='word_1_261' title='bbox 1615 3280 2016 3359; x_wconf 87' lang='lat' dir='ltr'><strong>subducitur,</strong></span> <span class='ocrx_word' id='word_1_262' title='bbox 2047 3282 2219 3364; x_wconf 90' lang='lat' dir='ltr'><strong>quod</strong></span> <span class='ocrx_word' id='word_1_263' title='bbox 2247 3287 2510 3365; x_wconf 88' lang='lat' dir='ltr'><strong>coeptae</strong></span> <span class='ocrx_word' id='word_1_264' title='bbox 2555 3280 2900 3345; x_wconf 87' lang='lat' dir='ltr'><strong>secretioni</strong></span> 
     </span>
    </p>

    <p class='ocr_par' dir='ltr' id='par_1_13' title="bbox 695 3383 2899 3470">
     <span class='ocr_line' id='line_1_32' title="bbox 695 3383 2899 3470; baseline -0.002 -20"><span class='ocrx_word' id='word_1_265' title='bbox 695 3387 878 3470; x_wconf 83' lang='lat' dir='ltr'><strong>quasi</strong></span> <span class='ocrx_word' id='word_1_266' title='bbox 918 3383 1229 3467; x_wconf 89' lang='lat' dir='ltr'><strong>pabulum</strong></span> <span class='ocrx_word' id='word_1_267' title='bbox 1268 3384 1682 3448; x_wconf 86' lang='lat' dir='ltr'><strong>continenter</strong></span> <span class='ocrx_word' id='word_1_268' title='bbox 1710 3383 2144 3467; x_wconf 86' lang='lat' dir='ltr'><strong>suppeditaret</strong></span> <span class='ocrx_word' id='word_1_269' title='bbox 2166 3410 2185 3462; x_wconf 80' lang='lat'>3</span> <span class='ocrx_word' id='word_1_270' title='bbox 2231 3384 2406 3448; x_wconf 90' lang='lat' dir='ltr'><strong>unde</strong></span> <span class='ocrx_word' id='word_1_271' title='bbox 2436 3403 2899 3466; x_wconf 82' lang='lat' dir='ltr'><strong>saepenumero</strong></span> 
     </span>
    </p>

    <p class='ocr_par' dir='ltr' id='par_1_14' title="bbox 694 3484 2900 3570">
     <span class='ocr_line' id='line_1_33' title="bbox 694 3484 2900 3570; baseline -0.001 -18"><span class='ocrx_word' id='word_1_272' title='bbox 694 3487 1015 3570; x_wconf 84' lang='lat' dir='ltr'><strong>contingit</strong></span> <span class='ocrx_word' id='word_1_273' title='bbox 1058 3492 1133 3550; x_wconf 92' lang='lat' dir='ltr'><strong>ut</strong></span> <span class='ocrx_word' id='word_1_274' title='bbox 1178 3485 1475 3549; x_wconf 83' lang='lat' dir='ltr'><strong>Varion</strong></span> <span class='ocrx_word' id='word_1_275' title='bbox 1517 3486 1801 3569; x_wconf 90' lang='lat' dir='ltr'><strong>primum</strong></span> <span class='ocrx_word' id='word_1_276' title='bbox 1841 3484 2150 3550; x_wconf 88' lang='lat' dir='ltr'><strong>laudabili</strong></span> <span class='ocrx_word' id='word_1_277' title='bbox 2191 3487 2441 3570; x_wconf 80' lang='lat' dir='ltr'><strong>impetu</strong></span> <span class='ocrx_word' id='word_1_278' title='bbox 2485 3495 2900 3570; x_wconf 56' lang='lat' dir='ltr'><strong>erumpent&amp;</strong></span> 
     </span>
    </p>

    <p class='ocr_par' dir='ltr' id='par_1_15' title="bbox 700 3588 2898 3673">
     <span class='ocr_line' id='line_1_34' title="bbox 700 3588 2898 3673; baseline -0 -20"><span class='ocrx_word' id='word_1_279' title='bbox 700 3589 925 3672; x_wconf 92' lang='lat' dir='ltr'><strong>(eoque</strong></span> <span class='ocrx_word' id='word_1_280' title='bbox 947 3589 1215 3652; x_wconf 87' lang='lat' dir='ltr'><strong>fortasse</strong></span> <span class='ocrx_word' id='word_1_281' title='bbox 1238 3588 1467 3651; x_wconf 85' lang='lat' dir='ltr'><strong>melius</strong></span> <span class='ocrx_word' id='word_1_282' title='bbox 1488 3588 1662 3672; x_wconf 90' lang='lat' dir='ltr'><strong>quod</strong></span> <span class='ocrx_word' id='word_1_283' title='bbox 1685 3588 2126 3652; x_wconf 87' lang='lat' dir='ltr'><strong>evacuationes</strong></span> <span class='ocrx_word' id='word_1_284' title='bbox 2142 3589 2280 3673; x_wconf 87' lang='lat' dir='ltr'><strong>jam</strong></span> <span class='ocrx_word' id='word_1_285' title='bbox 2303 3588 2513 3653; x_wconf 70' lang='lat' dir='ltr'><strong>dictae</strong></span> <span class='ocrx_word' id='word_1_286' title='bbox 2541 3609 2898 3671; x_wconf 85' lang='lat' dir='ltr'><strong>praecesse-</strong></span> 
     </span>
    </p>

    <p class='ocr_par' dir='ltr' id='par_1_16' title="bbox 694 3690 2896 3774">
     <span class='ocr_line' id='line_1_35' title="bbox 694 3690 2896 3774; baseline -0.001 -20"><span class='ocrx_word' id='word_1_287' title='bbox 694 3692 887 3772; x_wconf 85' lang='lat' dir='ltr'><strong>rant,)</strong></span> <span class='ocrx_word' id='word_1_288' title='bbox 922 3691 1114 3774; x_wconf 90' lang='lat' dir='ltr'><strong>paulo</strong></span> <span class='ocrx_word' id='word_1_289' title='bbox 1136 3698 1280 3773; x_wconf 86' lang='lat' dir='ltr'><strong>post</strong></span> <span class='ocrx_word' id='word_1_290' title='bbox 1304 3711 1382 3754; x_wconf 85' lang='lat' dir='ltr'><strong>ex</strong></span> <span class='ocrx_word' id='word_1_291' title='bbox 1401 3690 1744 3772; x_wconf 87' lang='lat' dir='ltr'><strong>improviso</strong></span> <span class='ocrx_word' id='word_1_292' title='bbox 1776 3690 1957 3772; x_wconf 88' lang='lat' dir='ltr'><strong>quasi</strong></span> <span class='ocrx_word' id='word_1_293' title='bbox 1978 3711 2383 3772; x_wconf 84' lang='lat' dir='ltr'><strong>repercussae</strong></span> <span class='ocrx_word' id='word_1_294' title='bbox 2407 3690 2896 3754; x_wconf 85' lang='lat' dir='ltr'><strong>detumescunt:</strong></span> 
     </span>
    </p>
   </div>
   <div class='ocr_carea' id='block_1_9' title="bbox 576 3792 2902 3983">
    <p class='ocr_par' dir='ltr' id='par_1_17' title="bbox 576 3792 2902 3983">
     <span class='ocr_line' id='line_1_36' title="bbox 696 3792 2902 3876; baseline -0 -20"><span class='ocrx_word' id='word_1_295' title='bbox 696 3793 891 3876; x_wconf 91' lang='lat' dir='ltr'><strong>idque</strong></span> <span class='ocrx_word' id='word_1_296' title='bbox 928 3793 1009 3858; x_wconf 93' lang='lat' dir='ltr'><strong>ob</strong></span> <span class='ocrx_word' id='word_1_297' title='bbox 1042 3815 1183 3857; x_wconf 86' lang='lat' dir='ltr'><strong>eam</strong></span> <span class='ocrx_word' id='word_1_298' title='bbox 1228 3793 1636 3876; x_wconf 89' lang='lat' dir='ltr'><strong>potissimum</strong></span> <span class='ocrx_word' id='word_1_299' title='bbox 1681 3813 1960 3869; x_wconf 90' lang='lat' dir='ltr'><strong>causam,</strong></span> <span class='ocrx_word' id='word_1_300' title='bbox 1993 3793 2162 3875; x_wconf 89' lang='lat' dir='ltr'><strong>quod</strong></span> <span class='ocrx_word' id='word_1_301' title='bbox 2201 3793 2474 3856; x_wconf 87' lang='lat' dir='ltr'><strong>materia</strong></span> <span class='ocrx_word' id='word_1_302' title='bbox 2519 3792 2703 3870; x_wconf 88' lang='lat' dir='ltr'><strong>desit,</strong></span> <span class='ocrx_word' id='word_1_303' title='bbox 2737 3813 2902 3875; x_wconf 89' lang='lat' dir='ltr'><strong>quae</strong></span> 
     </span>
     <span class='ocr_line' id='line_1_37' title="bbox 576 3896 2900 3983; baseline -0.001 -21"><span class='ocrx_word' id='word_1_304' title='bbox 576 3897 589 3906; x_wconf 82' lang='grc'><strong>’</strong></span> <span class='ocrx_word' id='word_1_305' title='bbox 700 3900 879 3983; x_wconf 88' lang='lat' dir='ltr'><strong>quasi</strong></span> <span class='ocrx_word' id='word_1_306' title='bbox 898 3921 937 3963; x_wconf 88' lang='lat' dir='ltr'><strong>a</strong></span> <span class='ocrx_word' id='word_1_307' title='bbox 953 3905 1137 3981; x_wconf 84' lang='lat' dir='ltr'><strong>tergo</strong></span> <span class='ocrx_word' id='word_1_308' title='bbox 1153 3903 1572 3982; x_wconf 87' lang='lat' dir='ltr'><strong>praeeuntem</strong></span> <span class='ocrx_word' id='word_1_309' title='bbox 1587 3896 2050 3979; x_wconf 87' lang='lat' dir='ltr'><strong>insequeretur,</strong></span> <span class='ocrx_word' id='word_1_310' title='bbox 2063 3903 2256 3980; x_wconf 88' lang='lat' dir='ltr'><strong>atque</strong></span> <span class='ocrx_word' id='word_1_311' title='bbox 2275 3919 2512 3982; x_wconf 84' lang='lat' dir='ltr'><strong>agmen</strong></span> <span class='ocrx_word' id='word_1_312' title='bbox 2527 3897 2900 3962; x_wconf 62' lang='lat' dir='ltr'><strong>clauderetl.</strong></span> 
     </span>
    </p>
   </div>
   <div class='ocr_carea' id='block_1_10' title="bbox 701 4109 2904 4298">
    <p class='ocr_par' dir='ltr' id='par_1_18' title="bbox 701 4109 2904 4298">
     <span class='ocr_line' id='line_1_38' title="bbox 765 4109 2902 4172; baseline -0 -14"><span class='ocrx_word' id='word_1_313' title='bbox 765 4117 789 4150; x_wconf 67' lang='grc' dir='ltr'>Ι</span> <span class='ocrx_word' id='word_1_314' title='bbox 822 4109 1043 4172; x_wconf 71' lang='lat' dir='ltr'><strong>primum]</strong></span> <span class='ocrx_word' id='word_1_315' title='bbox 1064 4113 1215 4172; x_wconf 77' lang='lat' dir='ltr'><strong>primo</strong></span> <span class='ocrx_word' id='word_1_316' title='bbox 1235 4110 1343 4157; x_wconf 87' lang='lat' dir='ltr'><strong>edd.</strong></span> <span class='ocrx_word' id='word_1_317' title='bbox 1371 4109 1469 4166; x_wconf 74' lang='lat'><strong>⁹66,</strong></span> <span class='ocrx_word' id='word_1_318' title='bbox 1494 4110 1589 4156; x_wconf 87' lang='grc'><strong><em>’68.</em></strong></span> <span class='ocrx_word' id='word_1_319' title='bbox 1844 4109 1940 4156; x_wconf 83' lang='lat' dir='ltr'><strong>alia</strong></span> <span class='ocrx_word' id='word_1_320' title='bbox 1957 4124 2082 4171; x_wconf 82' lang='lat' dir='ltr'><strong>quae</strong></span> <span class='ocrx_word' id='word_1_321' title='bbox 2098 4125 2210 4156; x_wconf 87' lang='lat' dir='ltr'><strong>cum</strong></span> <span class='ocrx_word' id='word_1_322' title='bbox 2227 4111 2278 4169; x_wconf 70' lang='lat'><strong>§5</strong></span> <span class='ocrx_word' id='word_1_323' title='bbox 2301 4111 2376 4166; x_wconf 81' lang='lat'><strong>59,</strong></span> <span class='ocrx_word' id='word_1_324' title='bbox 2397 4110 2461 4158; x_wconf 90' lang='grc'><strong>60</strong></span> <span class='ocrx_word' id='word_1_325' title='bbox 2477 4109 2768 4172; x_wconf 81' lang='lat' dir='ltr'><strong>plerumque</strong></span> <span class='ocrx_word' id='word_1_326' title='bbox 2785 4124 2902 4157; x_wconf 86' lang='lat' dir='ltr'><strong>con-</strong></span> 
     </span>
     <span class='ocr_line' id='line_1_39' title="bbox 765 4171 2902 4238; baseline -0.001 -16"><span class='ocrx_word' id='word_1_327' title='bbox 765 4172 789 4204; x_wconf 79' lang='lat'><strong>¹¹</strong></span> <span class='ocrx_word' id='word_1_328' title='bbox 822 4179 873 4223; x_wconf 73' lang='lat' dir='ltr'><strong>id</strong></span> <span class='ocrx_word' id='word_1_329' title='bbox 888 4192 1033 4238; x_wconf 80' lang='lat' dir='ltr'><strong>genus</strong></span> <span class='ocrx_word' id='word_1_330' title='bbox 1051 4173 1182 4236; x_wconf 71' lang='lat' dir='ltr'><strong>aliis]</strong></span> <span class='ocrx_word' id='word_1_331' title='bbox 1208 4171 1592 4236; x_wconf 69' lang='lat' dir='ltr'><strong>rafi-igerantibus</strong></span> <span class='ocrx_word' id='word_1_332' title='bbox 1613 4176 1755 4221; x_wconf 69' lang='lat' dir='ltr'><strong>medi·</strong></span> <span class='ocrx_word' id='word_1_333' title='bbox 1845 4187 2018 4234; x_wconf 79' lang='lat' dir='ltr'><strong>gruere</strong></span> <span class='ocrx_word' id='word_1_334' title='bbox 2047 4173 2287 4232; x_wconf 80' lang='lat' dir='ltr'><strong>videntur,</strong></span> <span class='ocrx_word' id='word_1_335' title='bbox 2310 4174 2484 4222; x_wconf 87' lang='lat' dir='ltr'><strong>deinde</strong></span> <span class='ocrx_word' id='word_1_336' title='bbox 2518 4189 2642 4236; x_wconf 82' lang='lat' dir='ltr'><strong>quae</strong></span> <span class='ocrx_word' id='word_1_337' title='bbox 2667 4183 2902 4235; x_wconf 83' lang='lat' dir='ltr'><strong>sequunt-</strong></span> 
     </span>
     <span class='ocr_line' id='line_1_40' title="bbox 701 4239 2904 4298; baseline -0.001 -11"><span class='ocrx_word' id='word_1_338' title='bbox 701 4244 919 4287; x_wconf 73' lang='lat' dir='ltr'><strong>eamentae&#39;s</strong></span> <span class='ocrx_word' id='word_1_339' title='bbox 940 4239 1045 4286; x_wconf 88' lang='lat' dir='ltr'><strong>edd.</strong></span> <span class='ocrx_word' id='word_1_340' title='bbox 1072 4239 1167 4295; x_wconf 80' lang='lat'><strong>’66,</strong></span> <span class='ocrx_word' id='word_1_341' title='bbox 1193 4239 1289 4284; x_wconf 91' lang='grc'><strong>’68.</strong></span> <span class='ocrx_word' id='word_1_342' title='bbox 1845 4240 2212 4286; x_wconf 66' lang='lat' dir='ltr'><strong>urz—Proximo</strong></span> <span class='ocrx_word' id='word_1_343' title='bbox 2257 4247 2408 4286; x_wconf 75' lang='lat' dir='ltr'><strong>autem</strong></span> <span class='ocrx_word' id='word_1_344' title='bbox 2452 4240 2546 4285; x_wconf 84' lang='lat' dir='ltr'><strong>loco</strong></span> <span class='ocrx_word' id='word_1_345' title='bbox 2595 4241 2638 4286; x_wconf 72' lang='lat' dir='ltr'><strong>u·</strong></span> <span class='ocrx_word' id='word_1_346' title='bbox 2681 4242 2904 4298; x_wconf 69' lang='lat' dir='ltr'><strong>torpuerit</strong></span> 
     </span>
    </p>
   </div>
   <div class='ocr_carea' id='block_1_11' title="bbox 700 4299 2906 4494">
    <p class='ocr_par' dir='ltr' id='par_1_19' title="bbox 700 4299 2906 4500">
     <span class='ocr_line' id='line_1_41' title="bbox 766 4299 2906 4364; baseline -0.001 -13"><span class='ocrx_word' id='word_1_347' title='bbox 766 4299 779 4333; x_wconf 79' lang='lat'><strong>¹</strong></span> <span class='ocrx_word' id='word_1_348' title='bbox 813 4301 1091 4364; x_wconf 78' lang='lat' dir='ltr'><strong>debuerant]</strong></span> <span class='ocrx_word' id='word_1_349' title='bbox 1115 4309 1289 4348; x_wconf 74' lang='lat' dir='ltr'><strong>—runt</strong></span> <span class='ocrx_word' id='word_1_350' title='bbox 1310 4301 1417 4348; x_wconf 85' lang='lat' dir='ltr'><strong>edd.</strong></span> <span class='ocrx_word' id='word_1_351' title='bbox 1444 4302 1541 4356; x_wconf 84' lang='lat'><strong>’66‚</strong></span> <span class='ocrx_word' id='word_1_352' title='bbox 1567 4302 1662 4348; x_wconf 90' lang='grc'><strong>’68.</strong></span> <span class='ocrx_word' id='word_1_353' title='bbox 1845 4303 2182 4362; x_wconf 72' lang='lat' dir='ltr'><strong>effervescentia</strong></span> <span class='ocrx_word' id='word_1_354' title='bbox 2213 4305 2467 4364; x_wconf 73' lang='lat' dir='ltr'><strong>sanguinis,</strong></span> <span class='ocrx_word' id='word_1_355' title='bbox 2503 4311 2640 4363; x_wconf 79' lang='lat' dir='ltr'><strong>atque</strong></span> <span class='ocrx_word' id='word_1_356' title='bbox 2677 4310 2771 4350; x_wconf 72' lang='lat' dir='ltr'><strong>tam</strong></span> <span class='ocrx_word' id='word_1_357' title='bbox 2805 4305 2906 4348; x_wconf 68' lang='lat' dir='ltr'><strong>Ica-</strong></span> 
     </span>
     <span class='ocr_line' id='line_1_42' title="bbox 764 4365 2901 4428; baseline -0.001 -14"><span class='ocrx_word' id='word_1_358' title='bbox 764 4367 780 4404; x_wconf 72' lang='lat'>1</span> <span class='ocrx_word' id='word_1_359' title='bbox 809 4365 1068 4428; x_wconf 74' lang='lat' dir='ltr'><strong>clauderet]</strong></span> <span class='ocrx_word' id='word_1_360' title='bbox 1118 4365 1212 4412; x_wconf 88' lang='lat' dir='ltr'><strong>Hic</strong></span> <span class='ocrx_word' id='word_1_361' title='bbox 1252 4365 1358 4412; x_wconf 83' lang='lat' dir='ltr'><strong>add.</strong></span> <span class='ocrx_word' id='word_1_362' title='bbox 1401 4365 1504 4412; x_wconf 82' lang='lat' dir='ltr'><strong>edd.</strong></span> <span class='ocrx_word' id='word_1_363' title='bbox 1542 4366 1640 4422; x_wconf 76' lang='lat'><strong>⁹66,</strong></span> <span class='ocrx_word' id='word_1_364' title='bbox 1678 4367 1756 4412; x_wconf 87' lang='grc'><strong>’68</strong></span> <span class='ocrx_word' id='word_1_365' title='bbox 1843 4369 1990 4427; x_wconf 71' lang='lat' dir='ltr'><strong>guida</strong></span> <span class='ocrx_word' id='word_1_366' title='bbox 2011 4369 2220 4422; x_wconf 75' lang='lat' dir='ltr'><strong>evaserit,</strong></span> <span class='ocrx_word' id='word_1_367' title='bbox 2245 4375 2294 4414; x_wconf 74' lang='lat' dir='ltr'><strong>ut</strong></span> <span class='ocrx_word' id='word_1_368' title='bbox 2318 4369 2478 4414; x_wconf 75' lang='lat' dir='ltr'><strong>merito</strong></span> <span class='ocrx_word' id='word_1_369' title='bbox 2509 4369 2794 4414; x_wconf 70' lang='lat' dir='ltr'><strong>metooendum</strong></span> <span class='ocrx_word' id='word_1_370' title='bbox 2822 4370 2901 4420; x_wconf 71' lang='lat' dir='ltr'><strong>sit,</strong></span> 
     </span>
     <span class='ocr_line' id='line_1_43' title="bbox 700 4427 2903 4494; baseline 0 -18"><span class='ocrx_word' id='word_1_371' title='bbox 700 4431 937 4494; x_wconf 80' lang='lat' dir='ltr'><strong>quaedam</strong></span> <span class='ocrx_word' id='word_1_372' title='bbox 965 4445 1087 4494; x_wconf 85' lang='lat' dir='ltr'><strong>quae</strong></span> <span class='ocrx_word' id='word_1_373' title='bbox 1120 4433 1142 4488; x_wconf 68' lang='lat'>5</span> <span class='ocrx_word' id='word_1_374' title='bbox 1171 4433 1233 4476; x_wconf 78' lang='lat'><strong>40</strong></span> <span class='ocrx_word' id='word_1_375' title='bbox 1264 4429 1563 4492; x_wconf 81' lang='lat' dir='ltr'><strong>respondere,</strong></span> <span class='ocrx_word' id='word_1_376' title='bbox 1590 4429 1760 4477; x_wconf 84' lang='lat' dir='ltr'><strong>deiude</strong></span> <span class='ocrx_word' id='word_1_377' title='bbox 1848 4447 1902 4476; x_wconf 82' lang='lat' dir='ltr'><strong>ne</strong></span> <span class='ocrx_word' id='word_1_378' title='bbox 1928 4431 2092 4491; x_wconf 70' lang='lat' dir='ltr'><strong>justae</strong></span> <span class='ocrx_word' id='word_1_379' title='bbox 2125 4434 2405 4492; x_wconf 67' lang='lat' dir='ltr'><strong>separationi</strong></span> <span class='ocrx_word' id='word_1_380' title='bbox 2437 4434 2498 4478; x_wconf 73' lang='lat' dir='ltr'><strong>n&#39;t</strong></span> <span class='ocrx_word' id='word_1_381' title='bbox 2533 4435 2682 4494; x_wconf 70' lang='lat' dir='ltr'><strong>impar</strong></span> <span class='ocrx_word' id='word_1_382' title='bbox 2713 4427 2903 4492; x_wconf 69' lang='lat' dir='ltr'><strong>sutum,</strong></span> 
     </span>
    </p>
   </div>
  </div>
 </body>
</html>
