3138 5006
591 275 720 338 226
1221 273 1609 340 THOMAE
1658 267 2171 337 SYDENHAM

1517 543 1712 608 CAP.
1759 541 1887 606 VJ

561 705 566 710 ’
605 707 820 769 Tunes
861 705 1265 788 Epidemt'cae
1309 705 1489 767 anni*
1537 704 1729 782 16⁷5,
1775 722 1913 766 cum
1958 697 2304 764 Pleuritide
2354 700 2416 759 et
2461 693 2803 776 Poeipneu-

1291 807 1499 870 monia
1526 804 2107 888 mpmenientibm.

683 941 844 1005 Con
875 947 1224 1024 tempestas
1253 941 1505 1025 placida
1532 962 1609 1006 ac
1636 948 1883 1024 tepens,
1904 937 2107 1002 immo
2134 955 2285 1000 vero
2314 932 2575 998 aestatis
2604 929 2803 994 simil·

597 1046 770 1124 lima,
793 1051 1048 1129 praeter
1077 1045 1336 1110 solitum
1369 1046 1452 1109 ad
1477 1052 1835 1128 postremos
1863 1063 2073 1127 usque
2096 1037 2394 1105 Octobris
2424 1036 2561 1100 dies
2588 1054 2805 1117 perse·-

602 1153 867 1226 veraret,
914 1168 1086 1211 anno
1141 1148 1330 1226 1675,
1375 1169 1520 1212 eam
1569 1167 1721 1212 vero
1778 1167 1927 1211 mox
1978 1144 2298 1226 exciperet
2348 1139 2473 1204 alia
2520 1138 2805 1200 multum

602 1247 867 1326 diversa,
897 1247 1132 1332 frigida
1167 1251 1407 1314 scilicet
1435 1257 1633 1335 atque
1661 1249 1932 1312 humida
1960 1246 2175 1311 subito
2210 1244 2540 1326 ingruens,
2570 1239 2806 1302 'bisses

599 1350 843 1436 ubique
865 1353 1331 1418 numerosiores
1355 1353 1813 1436 grassabantur
1833 1373 2031 1437 quam
2055 1347 2179 1413 alio
2197 1345 2420 1432 quovis
2448 1341 2648 1428 (quod
2667 1361 2805 1404 me-

601 1451 805 1535 mini,)
851 1459 1159 1536 tempore,
1189 1453 1438 1518 nemini
1477 1453 1611 1518 fere
1648 1459 2003 1537 parcentes,
2034 1449 2479 1534 cujuscunque
2516 1445 2570 1508 is
2606 1443 2807 1506 fuerit

604 1555 734 1618 sive
777 1555 1008 1620 aetatis
1053 1555 1182 1621 sive
1224 1558 1739 1642 temperamenti,
1779 1557 2064 1639 integras
2106 1574 2257 1618 vero
2301 1549 2493 1614 simul
2533 1547 2806 1612 familias

601 1657 1040 1740 pervadentes.
1130 1659 1368 1746 Neque
1396 1682 1670 1725 numero
1697 1667 1956 1724 tantum
1988 1663 2177 1722 erant
2206 1651 2601 1738 spectabiles,
2632 1651 2807 1730 (cum

605 1759 928 1842 quaelibet
945 1760 1171 1844 hyems
1198 1761 1377 1826 haud
1397 1784 1634 1846 paucas
1660 1761 1848 1826 nobis
1878 1758 2188 1844 generet,)
2216 1756 2330 1820 sed
2359 1754 2557 1820 etiam
2578 1752 2660 1816 ob
2690 1773 2806 1816 an-

603 1883 752 1945 ceps
781 1863 939 1927 illud
963 1863 1341 1946 periculum,
1359 1865 1432 1928 in
1461 1863 1635 1948 quod
1658 1885 1765 1928 eos
1792 1883 1951 1947 quos
1981 1860 2347 1936 affecerant,
2368 1875 2485 1940 per
2512 1852 2808 1918 accidens

603 1965 1050 2049 conjiciebant.
1141 1969 1310 2031 Cum
1347 1969 1524 2032 enim
1555 1967 1970 2044 Constitutio,
2000 1971 2069 2028 et
2105 1965 2243 2048 jam
2282 1968 2349 2025 et
2390 1981 2509 2044 per
2550 1964 2809 2023 autum-

603 2089 766 2131 num
807 2091 1065 2133 omnem
1103 2071 1296 2134 modo
1336 2073 1646 2155 elapsum,
1682 2071 1753 2133 in
1792 2065 2207 2154 producenda
2241 2063 2419 2129 febre
2458 2061 2812 2146 epidemica

605 2187 800 2250 supra
826 2166 1146 2250 descripta
1181 2187 1404 2232 omnes
1431 2189 1661 2232 nervos
1688 2167 2077 2245 intenderet,
2108 2183 2386 2246 cumque
2419 2163 2559 2246 jam
2584 2159 2808 2224 nullus

605 2270 906 2334 existeret
957 2271 1220 2335 morbus
1271 2271 1432 2335 alius
1491 2271 1901 2356 epidemicus,
1948 2271 2133 2355 cujus
2190 2265 2565 2332 contranisu
2610 2265 2809 2347 hujus

605 2373 770 2436 vires
809 2372 1268 2458 aliquantisper
1301 2374 1548 2458 possint
1584 2373 1873 2456 refringi,
1903 2373 2135 2435 Tusses
2169 2368 2333 2433 istae
2360 2365 2527 2431 febri
2562 2371 2809 2428 sterne·

603 2473 764 2539 bant
807 2475 996 2553 viam,
1038 2481 1232 2559 atque
1274 2475 1346 2539 in
1387 2497 1530 2540 eam
1575 2496 1769 2560 quam
1811 2471 2231 2537 libentissime
2276 2465 2805 2551 commigrabant.

603 2577 883 2656 Interea,
915 2576 1458 2659 quemadmodum
1487 2577 1707 2641 Tussis
1738 2574 2206 2640 constitutioni
2246 2570 2687 2656 opitulabatur
2736 2570 2811 2635 in

601 2678 780 2742 febre
807 2678 1237 2762 producenda,
1267 2678 1363 2744 ita
1391 2680 1587 2744 etiam
1615 2678 1809 2743 febris
1839 2677 2346 2742 occasionem-ex
2366 2674 2555 2738 Tussi
2583 2680 2809 2737 natam

603 2778 931 2864 arripiens,
964 2780 1102 2864 jam
1131 2780 1422 2865 pleuram
1451 2804 1524 2846 ae
1553 2782 1891 2865 pulmones
1918 2779 2097 2843 haud
2126 2779 2313 2843 aliter
2337 2776 2699 2855 invadebat,
2730 2796 2809 2841 ac

603 2892 799 2969 caput
825 2885 1144 2951 invaserat
1171 2888 1272 2951 vel
1302 2888 1663 2971 septimana
1689 2886 1801 2950 illa
1830 2908 1992 2969 quae
2020 2886 2255 2949 harum
2284 2883 2587 2948 Tussium
2624 2904 2807 2947 exor-

301 2992 384 3069 131
397 2992 579 3054 impro-
605 2992 748 3049 tum
785 2985 998 3049 fuerat
1036 3008 1424 3071 praegressa.
1513 2988 1699 3053 Quae
1738 2994 1875 3052 tam
1916 2988 2261 3071 improvisa
2298 2992 2809 3070 symptomatum

297 3071 572 3181 ζῖῒωῖζζ
605 3086 880 3149 mutatio
909 3088 1258 3166 nonnullis,
1290 3088 1402 3172 qui
1429 3088 1648 3152 minus
1686 3088 2029 3173 diligenter
2060 3089 2467 3153 adverterant
2496 3087 2809 3167 animum,

300 3184 562 3305 ἓῗῖῗὲἣ
607 3206 830 3249 ansam
845 3186 1142 3269 praebuit
1161 3187 1406 3252 febrem
1422 3190 1593 3253 hanc
1612 3212 1729 3273 pro
1750 3192 2093 3274 pleuritide
2112 3190 2453 3269 essentiali,
2464 3196 2577 3253 aut
2594 3210 2809 3254 essen-

303 3326 372 3373 qu
373 3326 530 3359 εεεεε
607 3288 748 3352 tiali
767 3290 1317 3373 peripneumonia,
1340 3290 1642 3370 habendi,
1666 3293 1817 3357 licet
1848 3294 2073 3357 eadem
2095 3293 2359 3357 omnino
2386 3292 2499 3355 illa
2518 3296 2813 3355 maneret

301 3374 415 3497 {222²
423 3390 590 3502 ἔξω
611 3398 805 3474 atque
839 3390 1052 3455 fuerat
1079 3412 1196 3474 per
1222 3392 1543 3475 integram
1571 3393 1741 3458 hane
1770 3394 2335 3459 Constitutionem.
2436 3392 2557 3475 [2.]
2610 3392 2813 3456 Nunc

305 3502 562 3580 pleurigidp
611 3490 804 3569 enim,
855 3493 957 3556 uti
1013 3492 1191 3575 prius
1251 3514 1520 3577 semper,
1574 3516 1725 3559 cum
1785 3496 2000 3561 dolore
2058 3496 2305 3579 capitis,
2366 3494 2555 3572 dorsi,
2616 3500 2813 3577 atque

302 3568 574 3683 ξζζῗξὲξζ
613 3600 890 3673 artuum,
946 3594 1264 3677 quoslibet
1323 3597 1855 3679 aggrediebatur-3
1925 3618 2089 3681 quae
2147 3603 2577 3682 symptomata
2632 3596 2813 3659 omni

305 3697 410 3745 tiali
427 3699 585 3776 perip-
610 3695 852 3781 ubique
901 3698 1170 3783 hujusce
1201 3699 1696 3765 constitutionis
1740 3702 1905 3766 febri
1954 3702 2441 3767 conveniebant.
2528 3700 2815 3765 Materia

304 3776 594 3878 ffffiffgffi’.
613 3808 872 3868 tantum
900 3805 1162 3885 febrilis,
1186 3828 1337 3869 eum
1359 3806 1733 3871 stimulante
1756 3807 1943 3870 Tussi
1970 3808 2041 3870 in
2062 3809 2353 3891 pleuram
2374 3825 2448 3868 ac
2474 3804 2813 3888 pulmones

303 3894 482 4009 {¹3¹3-
491 3902 568 3943 ‘⁸‘
617 3909 879 3974 uberius
938 3910 1383 3992 deponeretur,
1433 3916 1865 3993 symptomata
1927 3910 2131 3973 dietas
2194 3916 2409 3992 partes
2468 3906 2816 3971 attinentia

617 4013 970 4092 excitabat,
1015 4020 1305 4077 attamen
1353 4014 1550 4078 febris
1606 4016 1945 4098 (quantum
1988 4014 2151 4077 mihi
2198 4014 2385 4078 licuit
2429 4010 2808 4091 observare)

619 4119 843 4183 eadem
881 4140 1138 4201 prorsus
1169 4140 1318 4181 cum
1347 4118 1458 4181 illa
1485 4117 1629 4195 fuit,
1661 4139 1824 4200 quae
1862 4118 1945 4181 ad
1973 4138 2122 4182 eum
2159 4136 2365 4198 usque
2396 4114 2567 4177 diem
2600 4115 2813 4177 fuerat

619 4220 1004 4303 depopulata
1033 4240 1158 4303 quo
1187 4220 1308 4283 hae
1331 4221 1562 4283 Tusses
1592 4220 1875 4303 primum
1896 4216 2387 4301 comparebant3
2433 4216 2591 4298 quin
2620 4221 2687 4279 et
2712 4234 2814 4276 re-

617 4323 833 4387 media
877 4322 1108 4404 quibus
1143 4322 1617 4405 promptissime
1660 4322 1945 4407 parebat,
1974 4321 2148 4385 idem
2184 4319 2375 4401 plane
2419 4318 2815 4381 demonstra-

621 4506 628 4513 ἢ
753 4454 776 4487 5
811 4446 964 4495 Deest
979 4446 1072 4495 hoc
1097 4462 1198 4511 cap.
1221 4448 1274 4495 in
1297 4449 1401 4497 edd.
1426 4450 1524 4505 ‘66,
1547 4449 1643 4497 ⁹68.
2004 4454 2023 4477 ⁸
2054 4449 2165 4496 anni
2190 4442 2337 4505 1675]
2368 4460 2461 4493 om.
2486 4445 2561 4493 ed.
2585 4444 2682 4495 ’76.
