3138 5006
723 300 1470 367 OBSERVATIONES
1519 299 1959 366 MEDICAE.
2360 304 2438 366 15

242 466 466 526 tamen
501 460 608 525 καὶ
643 461 725 530 ὡς
764 459 872 526 ἐπὶ
901 462 975 525 τὸ
1003 461 1194 540 πολύ,
1232 462 1396 526 votis
1435 463 1781 546 respondet
1819 461 2304 541 exhibentium,
2349 463 2443 526 ita

241 584 484 627 sennae
517 562 684 628 foliis
725 563 925 646 (verbi
955 565 1207 647 gratia)
1253 564 1468 628 alvum
1507 564 1946 643 subducimus,
1986 581 2297 648 papavere
2340 565 2439 628 ιιι

237 665 518 729 vitamus
549 687 868 730 somnum.
959 666 1174 729 Non
1155 687 1212 729 ιε
1242 687 1387 730 sum
1417 667 1530 750 qui
1567 687 1802 749 negem
1833 665 2063 730 debere
2106 665 2441 730 Medicum

238 767 533 833 animum
577 765 921 848 diligenter
971 765 1302 832 advertere
1348 768 1431 831 ad
1472 767 1903 850 particularia,
1944 774 2089 831 tum
2118 767 2439 846 Methodi,

236 875 384 932 tum
412 867 682 932 remedii
710 874 942 932 eventa
981 867 1214 950 quibus
1250 876 1348 932 est
1385 890 1542 933 usus
1586 870 1659 931 in
1687 868 2060 932 morborum
2090 869 2437 948 curatione,

236 976 304 1034 et
355 971 428 1034 in
470 991 626 1034 usus
671 991 819 1034 suos
863 989 1192 1052 reponere,
1233 975 1372 1034 tam
1415 971 1498 1034 ad
1537 970 1999 1035 sublevandam
2042 971 2439 1050 memoriam,

235 1093 434 1155 quam
465 1079 540 1136 ut
569 1093 756 1135 ansas
797 1071 952 1136 inde
983 1072 1264 1173 arripiat,
1297 1072 1529 1154 quibus
1566 1073 1882 1156 paulatim
1919 1073 2185 1157 peritior
2213 1074 2441 1138 evadat

235 1175 558 1253 Medicus,
587 1174 982 1258 tandemque
1009 1183 1157 1258 post
1194 1175 1448 1240 diutina
1483 1183 1549 1240 et
1589 1176 1865 1258 repetita
1903 1177 2154 1259 saepius
2196 1177 2441 1261 aperi..

231 1285 463 1342 menta
499 1277 890 1342 Methodum
941 1279 1064 1343 sibi
1110 1281 1269 1361 figat
1315 1280 1674 1362 firmetque,
1724 1301 1763 1342 a
1810 1301 1936 1363 qua
1973 1281 2045 1342 in
2089 1281 2285 1364 hujus
2326 1287 2439 1345 aut

229 1381 410 1444 illius
477 1379 688 1444 morbi
755 1380 1086 1444 curatione
1144 1401 1228 1443 ne
1286 1380 1493 1444 hilum
1553 1381 1677 1444 sibi
1741 1381 2175 1446 recedendum
2229 1389 2437 1466 putet.

241 1483 414 1567 [17.]
457 1482 950 1547 Observationes
995 1488 1214 1546 autem
1256 1482 1675 1564 particulares
1717 1483 1791 1546 in
1831 1484 2046 1547 lucem
2084 1484 2255 1563 dare,
2304 1506 2441 1548 non

229 1585 332 1648 ita
363 1605 670 1667 magnam
707 1584 835 1666 (me
879 1583 1142 1667 judice‚)
1177 1583 1387 1648 adfert
1429 1584 1802 1648 utilitatem.
1892 1583 2069 1648 Nam
2101 1585 2155 1647 si
2182 1585 2252 1648 id
2292 1591 2437 1648 tan-

231 1693 384 1749 tum
423 1686 557 1768 agit
587 1685 994 1763 Observator,
1025 1692 1102 1748 ut
1130 1705 1250 1748 nos
1280 1685 1506 1749 doceat
1545 1685 1723 1748 hunc
1756 1685 2056 1750 morbum
2087 1686 2303 1764 semel,
2334 1687 2435 1752 vel

233 1787 438 1851 etiam
488 1787 760 1869 saepius,
809 1785 962 1849 huic
1019 1786 1303 1850 remedio
1355 1785 1638 1864 cessisse,
1690 1787 1846 1869 quid
1890 1787 2050 1850 mihi
2102 1786 2432 1870 (obsecro,)

231 1889 567 1973 profuerit,
588 1889 642 1951 si
663 1888 956 1952 infinitae
973 1889 1108 1951 fere
1125 1888 1745 1952 medicamentorum
1770 1889 2435 1953 decantatissimorum

232 1991 475 2073 copiae,
525 2011 652 2073 qua
702 1989 958 2073 jamdiu
1002 1989 1355 2068 obruimur,
1409 1990 1621 2054 adhuc
1674 1989 1849 2053 aliud
1908 1990 2071 2053 mihi
2120 1991 2439 2055 hactenus

229 2091 604 2156 inauditum
647 2097 964 2157 accrescat
981 2093 1011 2154 ?
1066 2092 1260 2158 Quod
1303 2092 1377 2170 si,
1422 2092 1777 2176 repudiatis
1818 2093 2087 2156 caeteris
2133 2093 2435 2158 omnibus

227 2193 665 2258 remediorum
700 2193 1010 2272 formulis,
1039 2192 1191 2257 huic
1219 2215 1324 2257 me
1357 2194 1548 2258 unice
1586 2193 1906 2272 addixero,
1949 2215 2034 2266 an
2068 2215 2203 2258 non
2240 2195 2434 2258 innu-

227 2295 430 2360 meris
450 2295 584 2359 fere
613 2295 1066 2378 experimentis
1095 2295 1428 2378 probanda
1449 2296 1610 2359 mihi
1632 2297 1808 2360 venit
1837 2296 1976 2380 ejus
1997 2297 2111 2374 viS,
2134 2297 2431 2362 innume-

225 2417 344 2461 rae
403 2396 600 2460 etiam
659 2397 1178 2460 circumstantiae
1241 2397 1680 2476 trutinandae,
1738 2405 1883 2462 tum
1944 2419 2229 2481 aegrum,
2287 2406 2433 2463 tum

225 2499 438 2582 ipsam
481 2497 868 2565 Methodum
909 2506 1293 2582 spectantes,
1325 2506 1672 2582 antequam
1704 2520 1783 2563 ex
1812 2499 2249 2566 observatione
2285 2500 2431 2565 soli-

225 2601 402 2665 taria
427 2601 714 2667 fructum
735 2602 1014 2684 aliquem
1037 2621 1267 2685 queam
1299 2601 1636 2685 decerpere
1652 2603 1682 2664 ?
1732 2601 1801 2665 Si
1824 2602 2233 2667 Observatori
2263 2625 2433 2667 nun-

227 2724 430 2786 quam
457 2724 594 2767 non
612 2703 1013 2786 responderit
1033 2702 1601 2782 medicamentum,
1622 2724 1819 2786 quare
1846 2704 1917 2767 in
1939 2704 2433 2787 particularibus

224 2809 542 2882 versatur,
586 2804 714 2867 nisi
773 2810 886 2868 aut
945 2804 1069 2867 sibi
1126 2804 1372 2868 diffidat
1423 2804 1579 2887 ipse,
1635 2811 1748 2869 aut
1795 2805 2170 2869 minutatim
2217 2806 2433 2889 potius

227 2925 430 2989 quam
459 2906 530 2970 in
561 2906 760 2975 solido
789 2906 1166 2988 imposuisse
1197 2906 1338 2971 orbi
1365 2906 1568 2971 videri
1594 2912 1929 2991 praeoptet
1947 2908 1977 2969 ?
2040 2907 2258 2972 Quam
2284 2928 2439 2971 vero

225 3008 302 3072 in
332 3008 598 3092 proclivi
626 3008 710 3072 sit
739 3008 1117 3072 densissima
1145 3008 1339 3092 hujus
1370 3008 1623 3091 generis
1654 3008 1983 3071 volumina
2012 3008 2443 3083 conscribere,-

225 3131 428 3174 nemo
468 3109 570 3173 vel
611 3109 1018 3173 mediocriter
1057 3109 1129 3171 in
1171 3110 1353 3193 praxi
1395 3116 1685 3173 versatus
1727 3110 2029 3191 ignorat;
2086 3110 2187 3174 uti
2230 3130 2352 3173 nec
2395 3130 2433 3173 e

227 3219 462 3277 contra
520 3232 714 3295 quam
773 3211 858 3275 sit
913 3210 1076 3274 illud
1134 3211 1409 3289 difficile,
1457 3211 1810 3294 perfectam
1869 3218 1935 3275 et
1986 3212 2433 3285 confirmatam

206 3312 521 3396 ·undique
565 3312 879 3377 Medendi
929 3312 1318 3376 Methodum
1365 3314 1438 3376 in
1490 3313 1710 3395 quovis
1758 3312 1981 3377 morbo
2034 3314 2307 3377 condere
2358 3335 2435 3377 ac

227 3414 538 3479 stabilire.
633 3414 703 3476 Si
749 3414 849 3477 vel
897 3434 1068 3477 unus
1116 3420 1374 3478 tantum
1425 3435 1540 3496 per
1592 3414 1849 3497 singula
1898 3415 2129 3478 mundi
2179 3416 2435 3479 saecula

229 3516 356 3581 hoc
415 3517 607 3580 modo
649 3516 917 3579 unicum
963 3517 1332 3580 tractaverit
1371 3516 1690 3593 morbum,
1728 3516 2043 3580 Medendi
2070 3517 2197 3580 Ars
2244 3518 2435 3602 (quae

228 3618 642 3683 Medicorum
692 3624 792 3682 est
847 3617 1214 3701 provincia)
1269 3639 1308 3681 a
1356 3618 1579 3681 multis
1636 3624 1811 3681 retro
1862 3619 2048 3681 annis
2096 3618 2179 3682 ad
2228 3617 2436 3700 ἀκμήν

229 3721 644 3804 pervenisset,
691 3719 990 3783 omnibus
1034 3719 1328 3783 absoluta
1370 3720 1679 3795 numeris,
1724 3719 1955 3783 saltem
1998 3720 2070 3781 in
2116 3726 2433 3802 quantum

230 3822 360 3886 fert
398 3820 773 3885 mortalium
811 3842 966 3884 sors.
1061 3820 1244 3885 Quae
1289 3840 1437 3884 vero
1465 3820 1655 3883 fundi
1693 3820 1899 3884 nostri
1939 3826 2039 3884 est
2082 3820 2433 3897 calamitas,

224 3923 485 4008 jamdiu
527 3923 606 3987 ab
653 3922 1098 4005 antiquissimo
1149 3928 1215 3985 et
1257 3921 1646 4005 peritissimo
1690 3922 1853 3985 duce
1904 3922 2319 4006 Hippocrate,
2368 3931 2440 3986 et.

229 4027 442 4109 prisca
495 4023 806 4089 Medendi
851 4023 1188 4101 Methodo,
1242 4043 1581 4087 causarum
1627 4024 2119 4107 conjunctarum
2185 4026 2435 4107 (utpote

233 4148 400 4211 quae
435 4132 610 4191 certo
649 4146 716 4189 se
751 4124 1070 4209 prodant,)
1113 4125 1470 4208 cognitioni
1507 4131 1964 4208 superstructa,
2006 4126 2387 4190 descivimus
2410 4152 2431 4202 ς

229 4228 410 4293 unde
449 4234 566 4306 est,
605 4234 684 4291 ut
728 4248 892 4310 quae
941 4226 1131 4291 hodie
1175 4232 1524 4305 exercetur,
1558 4248 1600 4289 a
1640 4225 2107 4309 logodaedalis⁹
2136 4227 2429 4305 conficta,

299 4402 914 4467 Ιο.ος,εοᾱ]λο’γοὸαίδαλ
1045 4407 1212 4464 artifici
1213 4408 1279 4451 osi
1367 4404 1662 4467 p..,266E.
1689 4404 1775 4451 Cic
1751 4418 1844 4451 cer.
1867 4406 2043 4452 Orat-c
2046 4404 2186 4459 1.2.;
2217 4401 2317 4451 Qui
2320 4402 2427 4452 nitl.

233 4466 1278 4529 sermonfbnt:vPlatnIhed
1369 4468 1727 4518 Imthwtoti
1728 4468 1843 4515 ii..1

2512 472 2711 520 Puer.

2468 534 2564 584 En.
2585 536 2749 584 Tea-r.
