3138 5006
702 290 833 351 412
1334 280 1726 348 THOMAE
1777 280 2294 346 SYDENHAM

414 462 499 510 Du
525 462 661 510 Pon-
704 460 816 524 pes
850 462 1022 503 unus
1064 439 1271 523 impar
1300 438 1404 517 sit,
1434 445 1744 522 utrosque
1787 438 1980 501 simul
2021 438 2160 522 pari
2188 437 2592 501 vehementia
2633 436 2903 520 fatigat;

460 541 618 575 ΛΟΜ·
706 542 819 607 sed
853 550 929 605 ut
972 543 1322 625 plurimum
1357 541 1550 624 pedes
1593 542 1940 605 successive
1985 541 2106 623 (uti
2149 541 2472 623 diximus)
2512 540 2902 623 aggreditur.

400 660 683 711 Dolorsem-
706 646 1061 727 Postquam
1098 651 1445 726 utrumque
1484 643 1716 727 pedem
1745 644 2118 721 exercuerit,
2153 644 2264 726 qui
2293 650 2651 726 sequuntur
2677 664 2904 726 parox-

396 734 661 839 ffgrffig?
704 747 873 831 ysmi
932 746 1271 809 abnormes
1331 752 1503 823 sunt,
1547 752 1693 809 tum
1753 746 1966 828 quoad
2022 752 2276 828 tempus
2333 745 2700 824 invasionis,
2757 750 2908 807 tum

398 857 478 912 cit,
506 872 649 903 mane
706 850 903 913 etiam
946 848 1157 931 quoad
1204 847 1649 925 durationem3
1693 848 1818 911 hoc
1859 854 2082 912 tamen
2127 848 2368 931 ubique
2413 854 2688 925 servant,
2731 847 2909 930 quod

396 936 623 1034 ζῗῇῗῑῖξξ
706 952 887 1015 dolor
934 957 1137 1014 noctu
1181 950 1605 1027 recrudescat,
1653 970 1846 1013 mane
1889 972 2040 1013 vero
2085 949 2474 1014 remittatur.
2563 952 2780 1033 Atque
2823 972 2908 1013 ex

399 1060 479 1108 Ex
504 1062 625 1108 serie
706 1055 866 1118 serie
894 1054 1127 1117 horum
1144 1054 1732 1134 paroxysmulorum
1765 1054 1875 1135 (sit
1903 1052 2096 1116 verbo
2126 1053 2358 1135 venia,)
2385 1059 2636 1116 constat
2667 1054 2907 1117 Parox-

396 1140 642 1237 Ξζῗζέζῖω
703 1179 923 1241 ysmus
964 1157 1077 1240 qui
1122 1155 1359 1219 dicitur
1405 1155 1756 1236 Podagrae,
1795 1155 2164 1219 diuturnior
2207 1155 2532 1219 breviorve
2569 1176 2688 1238 pro
2729 1154 2910 1237 aegri

393 1262 584 1302 ΜΒΝ
706 1266 953 1323 aetate:
1027 1279 1239 1341 neque
1284 1256 1459 1321 enim
1502 1257 1898 1321 censendum
1943 1263 2062 1335 est,
2111 1258 2360 1340 quoties
2407 1258 2550 1340 quis
2592 1278 2741 1321 cum
2783 1258 2912 1321 hoc

397 1333 631 1432 33:215&
702 1362 929 1427 morbo
980 1361 1063 1425 ad
1120 1382 1375 1425 menses
1428 1361 1588 1424 duos
1640 1362 1740 1425 vel
1789 1368 1923 1424 tres
1975 1361 2173 1424 fuerit
2223 1361 2647 1438 conflictatus,
2696 1382 2910 1424 unum

700 1464 887 1527 illum
909 1484 1360 1548 paroxysmum
1389 1460 1606 1540 fuisse,
1632 1461 1746 1525 sed
1775 1462 2004 1525 seriem
2025 1460 2239 1544 potius
2269 1468 2336 1525 et
2365 1467 2660 1524 catenam
2678 1481 2910 1543 parox-

700 1567 1120 1651 ysmulorum,
1159 1586 1432 1648 quorum
1478 1564 1794 1647 posterior
1834 1563 2106 1646 quilibet
2143 1564 2354 1646 priore
2403 1568 2470 1626 et
2513 1562 2734 1627 mitior
2775 1563 2910 1626 fuit

702 1676 769 1733 et
813 1668 1217 1746 contractior,
1257 1666 1462 1730 donec
1505 1666 1792 1744 tandem,
1831 1668 2100 1730 materia
2141 1672 2448 1748 peccante
2489 1687 2748 1749 prorsus
2791 1664 2907 1729 ab·

399 1784 461 1831 In
475 1785 679 1834 diversis
704 1778 980 1854 sumpta,
1012 1790 1200 1852 aeger
1227 1768 1567 1852 pristinam
1598 1766 1953 1832 obtinuerit
1989 1769 2371 1847 sanitatem3
2419 1768 2592 1851 quod
2621 1768 2693 1831 in
2720 1788 2906 1850 vege-

394 1849 614 1979 ῗέζξέζῗθ
702 1873 996 1950 tioribus,
1028 1879 1095 1936 et
1130 1872 1209 1935 iis
1242 1891 1399 1953 quos
1445 1870 1740 1953 Podagra
1767 1870 1974 1933 rarius
2005 1870 2244 1947 invisit,
2276 1869 2501 1933 diebus
2533 1890 2718 1953 saepe
2750 1890 2908 1952 qua-

396 1978 612 2029 solvitur.
700 1974 1062 2039 tuor-decim
1104 1974 1216 2051 fit3
1260 1973 1335 2035 in
1378 1971 1758 2050 senioribus,
1795 1978 1992 2055 atque
2034 1973 2114 2035 iis
2160 1993 2318 2055 quos
2363 1972 2616 2055 saepius
2659 1973 2906 2050 afflixit,

702 2078 952 2142 duobus
1010 2075 1377 2153 mensibus3
1443 2076 1523 2139 iis
1581 2096 1728 2137 vero
1788 2074 1898 2157 qui
1949 2076 2048 2138 vel
2107 2075 2294 2139 annis
2345 2076 2446 2138 vel
2504 2075 2908 2139 diuturniore

700 2179 910 2243 morbi
954 2200 1137 2242 mora
1176 2178 1507 2241 fractiores
1553 2178 1694 2261 jam
1738 2184 1912 2255 sunt,
1963 2199 2098 2241 non
2140 2178 2318 2261 prius
2361 2177 2659 2241 valedicit
2711 2199 2908 2261 quam

397 2296 655 2347 Quomodo
704 2288 910 2345 aestas
939 2282 1077 2365 jam
1109 2280 1387 2343 adultior
1416 2300 1559 2343 eam
1589 2280 1926 2363 fugaverit.
2017 2281 2124 2343 Ad
2155 2280 2638 2364 quatuordecim
2666 2280 2908 2363 primos

396 2362 679 2489 ζξὲζζδξζο,
704 2384 839 2447 dies
869 2384 1059 2446 urina
1087 2382 1425 2446 coloratior
1454 2387 1572 2458 est,
1605 2402 1767 2465 quae
1795 2388 1942 2465 post
1977 2383 2444 2466 separationem
2473 2382 2910 2447 sedimentum

395 2490 458 2538 ad
470 2505 675 2548 umam,
702 2487 973 2551 rubrum
1023 2492 1089 2550 et
1138 2485 1320 2569 quasi
1370 2485 1650 2549 arenulis
1701 2483 2010 2550 refertum
2057 2485 2364 2569 deponit3
2426 2507 2548 2550 nec
2595 2507 2786 2569 aeger
2831 2493 2912 2552 ut

702 2590 1055 2674 plurimum
1098 2590 1225 2652 nisi
1268 2590 1529 2653 tertiam
1572 2589 2057 2671 potulentorum
2087 2610 2252 2672 quae
2281 2589 2626 2672 assumpsit
2651 2592 2914 2672 partem

396 2711 578 2770 alvum,
607 2717 657 2761 et
701 2713 817 2775 per
858 2692 1131 2755 vesicam
1174 2689 1421 2769 reddit3
1487 2691 1665 2754 alvus
1710 2690 1870 2754 item
1921 2691 2004 2754 ad
2051 2691 2256 2756 dictos
2301 2692 2538 2775 primo·
2588 2692 2720 2755 fere
2767 2691 2915 2756 dies

396 2779 679 2842 ³PP²ffl¹¹¹¹¹⁴
703 2795 1065 2878 constipata
1120 2799 1238 2857 est.
1328 2792 1676 2876 Appetitus
1733 2794 2099 2876 prostrati0‚
2151 2794 2324 2876 rigor
2373 2795 2594 2858 totius‘
2625 2794 2914 2877 corporis

704 2898 825 2963 sub
856 2917 1202 2980 vesperam,
1232 2897 1517 2979 partium
1548 2893 1743 2958 etiam
1773 2915 1908 2958 non
1947 2896 2323 2960 affectatum
2367 2897 2642 2979 gravitas
2671 2905 2738 2960 et
2765 2917 2912 2960 mo-

396 3008 679 3058 Pmritusin
704 3002 870 3065 lesta
903 3000 1200 3077 sensatio,
1231 2999 1561 3080 integrum
1592 3018 2044 3081 paroxysmum
2073 2999 2484 3063 comitantur.
2577 2999 2914 3063 Receden-

393 3074 647 3201 ἓέεζξὲζᾟ,
704 3112 841 3169 tem
874 3123 1330 3187 paroxysmum
1369 3100 1603 3183 excipit
1640 3100 1820 3182 pedis
1866 3101 2077 3164 affecti
2119 3102 2406 3184 pruritus
2433 3102 2539 3164 vix
2580 3100 2915 3180 ferendus,

395 3203 602 3314 gfasgxss·
704 3207 982 3270 maxime
1024 3206 1197 3267 inter
1241 3202 1494 3284 digitos,
1536 3202 1712 3265 unde
1757 3201 2064 3267 decidunt
2107 3204 2405 3283 furfures,
2437 3210 2504 3268 et
2545 3204 2738 3288 pedes
2781 3205 2918 3288 ipsi

701 3309 887 3391 quasi
926 3306 1005 3369 ab
1042 3313 1231 3388 epoto
1258 3325 1507 3368 veneno
1542 3305 2064 3387 desquamantur.
2156 3306 2394 3370 Morbo
2428 3307 2568 3390 jam
2598 3307 2914 3385 discusse,

400 3414 495 3462 Pro
520 3418 675 3492 majo·
704 3410 877 3491 aegri
906 3415 1051 3472 tum
1081 3403 1305 3488 εὐεξία,
1336 3413 1479 3469 tum
1510 3407 1855 3489 appetitus,
1885 3409 2160 3472 redeunt
2195 3430 2311 3492 pro
2339 3417 2483 3474 rata
2511 3409 2746 3474 doloris
2777 3431 2917 3494 quo

396 3481 678 3592 ξοζξᾞζ,
704 3509 1022 3576 saeviebat
1050 3529 1466 3594 paroxysmus
1495 3530 1704 3592 nuper
1733 3511 2005 3592 elapsus,
2037 3518 2104 3575 et
2139 3512 2212 3574 in
2243 3513 2464 3576 eadem
2491 3514 2916 3598 proportione

390 3610 673 3730 {ggfgg‘mi
706 3620 955 3678 servata
1010 3613 1110 3675 vel
1174 3612 1564 3675 acceleratur
1621 3612 1722 3676 vel
1770 3612 2064 3677 differtur
2111 3635 2384 3697 sequens
2443 3636 2913 3701 paroxysmus:

394 3735 475 3783 vel
490 3739 647 3786 serius
704 3739 858 3781 nam
918 3716 972 3779 si
1027 3715 1135 3778 hic
1192 3715 1461 3778 ultimus
1520 3735 1786 3798 aegrum
1843 3716 2116 3799 pessime
2181 3719 2570 3798 multaverit,
2633 3740 2915 3802 sequens

394 3799 641 3914 ζξξεῇξὶξ*
700 3841 1117 3904 paroxysmus
1174 3841 1309 3884 non
1374 3819 1502 3883 nisi
1558 3841 1732 3884 anno
1798 3821 1881 3884 ad
1937 3821 2110 3885 idem
2167 3829 2485 3905 punctum
2541 3831 2916 3888 revertente

393 3931 662 3991 proximus.
704 3923 917 3987 denuo
948 3923 1223 3987 accedet.

396 4008 459 4056 In
484 4009 641 4057 Poda-
802 4027 922 4111 [6.]
977 4029 1197 4110 Atque
1240 4025 1363 4089 hoc
1410 4046 1477 4088 se
1523 4021 1722 4090 habet
1768 4025 1960 4090 modo
2005 4027 2302 4112 Podagra
2348 4029 2662 4112 regularis
2707 4028 2917 4112 phae-

394 4088 482 4137 gra
503 4073 640 4122 inve-

394 4144 562 4214 gerato‚
578 4138 657 4186 vel
703 4129 997 4194 nomenis
1045 4128 1345 4212 genuinis
1387 4128 1788 4210 propriisque
1835 4149 1901 4192 se
1945 4131 2312 4194 ostendens.
2403 4133 2573 4195 Cum
2615 4151 2766 4196 vero
2801 4133 2920 4196 vel

391 4203 643 4314 ἒέἕξζὲῗῑ,
703 4232 785 4296 ab
814 4231 1108 4296 indebita
1139 4230 1567 4295 medicatione
1597 4230 1918 4310 turbatur,
1947 4233 2049 4296 vel
2077 4233 2162 4298 ob
2195 4233 2666 4299 diuturniorem
2693 4233 2921 4298 morbi

393 4331 677 4456 ξὲἷιξὲζξζζ
701 4337 1119 4419 pertinaciam
1149 4334 1427 4418 corporis
1468 4333 1832 4398 substantia
1862 4337 2043 4419 quasi
2076 4337 2148 4400 in
2187 4338 2396 4402 morbi
2437 4338 2732 4402 fomitem
2761 4359 2921 4422 per-

392 4473 538 4570 aqena
562 4467 678 4508 sunt
698 4438 989 4516 vertitur,
1013 4459 1221 4522 neque
1250 4459 1367 4521 par
1389 4444 1485 4501 est
1508 4437 1766 4504 Natura
1795 4438 2003 4502 eidem
2025 4440 2331 4505 methodo
2361 4447 2670 4506 consueta
2697 4441 2919 4505 elimi-

428 4535 599 4570 Nersa.
1414 4553 1426 4560 ·
