3138 5006
528 274 1322 344 OBSERVATIONUM
1368 280 1938 345 MEDICARUM
1985 287 2066 341 ΙΙ.
2105 292 2158 341 2.
2337 282 2458 343 115

267 432 473 499 morbi
502 435 929 501 medicatione
963 439 1065 503 vel
1100 440 1433 505 tantillum
1470 448 1722 507 versato
1755 463 1892 506 non
1918 446 2132 525 potest
2161 462 2296 505 esse
2325 439 2463 504 ani-
2536 456 2733 509 Fanum

265 539 689 605 madversum.
753 540 931 607 Quid
950 562 1056 605 me
1084 542 1157 607 in
1178 543 1299 608 hac
1322 565 1393 609 re
1412 566 1567 609 usus
1592 551 1785 628 atque
1804 542 2200 627 experientia
2221 542 2460 633 docuit,
2505 519 2764 637 ἓξὲξ,

266 641 477 727 palam
516 644 729 727 eloqui
771 665 847 709 ac
881 644 1079 709 etiam
1122 668 1529 730 propugnare
1573 670 1709 713 non
1751 648 2035 713 verebor.
2126 645 2330 711 Multi
2359 667 2466 709 me
2493 648 2772 740 anaqam

267 746 535 810 authore
579 745 652 810 in
708 746 941 830 viginti
998 755 1277 831 quatuor
1333 750 1640 815 horarum
1698 749 2108 834 diaphoresin
2167 748 2463 833 conjecti,
2486 716 2748 869 ΝΞΞᾹΠΞΞ

264 856 525 913 tantum
554 849 735 915 abest
764 859 840 915 ut
870 872 938 917 se
967 852 1199 917 exinde
1232 853 1569 925 debiliores
1599 854 1801 919 factos
1833 861 2272 937 quererentur,
2305 850 2463 934 quin
2491 875 2586 927 tur,
2609 886 2723 920 con-

263 953 477 1035 potius
494 960 813 1037 quantum
830 957 1283 1039 supervacanei
1300 956 1588 1021 humoris
1601 956 1897 1021 sudando
1918 955 2308 1034 decessisset,
2319 962 2465 1019 tan-
2487 938 2714 1049 {353er

254 1056 537 1121 *tundem
564 1057 714 1121 novi
742 1058 987 1123 roboris
1018 1058 1141 1123 sibi
1163 1060 1505 1150 accrevisse
1525 1060 2002 1143 profiterentur.
2064 1058 2250 1123 Circa
2274 1057 2466 1123 horas
2488 1063 2690 1138 diapho-

263 1166 486 1223 autem
532 1159 776 1242 aliquot
818 1162 1199 1243 posteriores
1244 1182 1430 1245 saepe
1470 1183 1605 1225 non
1645 1162 1784 1225 sine
1831 1170 2092 1245 stupore
2140 1160 2466 1225 observavi
2489 1142 2781 1257 rggssgffitur

260 1282 599 1345 erumpere
627 1263 927 1328 sudorem
958 1264 1301 1348 quendam,
1332 1264 1543 1347 priore
1569 1265 1700 1344 illo,
1733 1286 1925 1347 quem
1967 1265 2062 1329 vis
2095 1262 2465 1329 medicami-
2491 1283 2658 1346 πει-ος

260 1386 426 1429 num
488 1373 902 1449 expresserat,
962 1367 1168 1449 magis
1233 1368 1616 1446 naturalem,
1679 1368 2058 1450 genuinum,
2116 1366 2462 1450 copiosum,
2490 1331 2756 1448 ἒζξξῗῑζῗξξ

260 1468 503 1550 quique
530 1468 739 1533 multo
766 1469 909 1552 plus
938 1469 1273 1533 levaminis
1302 1469 1578 1550 afferret,
1609 1469 1802 1553 plane
1831 1490 1905 1533 ac
1945 1470 2000 1533 si
2028 1489 2175 1532 vere
2205 1468 2464 1532 criticus
2487 1462 2640 1536 ‘5⁶⁶5’
2664 1473 2715 1513 “t

260 1570 429 1634 foret
458 1592 533 1635 ac
561 1572 764 1636 totius
798 1571 1008 1636 morbi
1047 1572 1489 1637 eradicativus.
1582 1573 1781 1637 Porro
1809 1571 1882 1635 in
1917 1592 2171 1636 summo
2216 1571 2466 1635 sudoris
2491 1541 2666 1667 {2333

256 1674 479 1755 vigore
500 1674 771 1758 jusculis
794 1696 869 1739 ac
891 1674 1234 1740 sorbilibus
1256 1675 1697 1741 confortativis
1721 1696 1987 1758 aegrum
2009 1675 2290 1753 reficere,
2311 1673 2468 1756 quid
2491 1670 2720 1749 reaper&

259 1797 485 1841 secum
510 1777 729 1843 trahat
758 1778 1150 1843 incommodi
1184 1777 1575 1867 nonyideo3
1618 1778 1892 1861 ideoque
1935 1777 2016 1841 ad
2059 1777 2340 1841 nihilum
2367 1798 2468 1841 re,
2493 1734 2729 1875 ssffierrism

259 1880 423 1945 cidit
464 1880 577 1944 illa
618 1881 897 1965 objectio
942 1882 1022 1946 de
1066 1882 1300 1946 virium
1344 1883 1427 1946 ad
1476 1881 1704 1965 longos
1751 1883 2014 1947 sudores
2058 1880 2468 1965 perferendos
2493 1867 2775 1977 {laggam-

258 1982 665 2067 impotentia.
760 1984 831 2048 Si
900 2006 1031 2071 qua
1084 1984 1287 2068 igitur
1346 1984 1622 2049 defectio
1693 1983 1814 2048 sub
1873 1986 2072 2048 finem
2129 1983 2468 2047 imminere
2495 1994 2756 2043 sorbilibus

256 2085 575 2165 videatur,
620 2087 860 2170 jusculi
918 2108 997 2151 ex
1048 2089 1226 2172 pullo
1286 2088 1640 2168 tantillum,
1703 2088 1994 2151 vitellum
2045 2086 2168 2167 ovi,
2220 2086 2323 2150 vel
2367 2085 2468 2149 his
2494 2060 2765 2174 ξξγῖξοξὲξζί

258 2189 501 2253 similia
537 2188 780 2255 sorberi
816 2191 1143 2274 permitto,
1176 2212 1342 2277 quae
1387 2213 1537 2255 cum
1578 2192 1884 2255 cardiacis
1923 2199 1990 2255 et
2017 2189 2356 2255 haustibus
2387 2188 2468 2253 ad
2493 2194 2666 2251 potest.
2793 2208 2812 2220 ·

257 2292 567 2356 sudorem
594 2293 1114 2357 continuandum
1143 2316 1223 2358 ex
1252 2316 1431 2359 more
1472 2294 1830 2373 destinatis,
1863 2294 2096 2357 virium
2125 2292 2472 2359 labefacta-

254 2395 431 2460 tioni
475 2393 735 2459 abunde
794 2404 1201 2461 succurrunt.
1290 2396 1636 2461 Caeterum
1677 2398 1750 2461 in
1793 2418 1864 2461 re
1911 2396 2070 2461 adeo
2127 2394 2473 2461 manifesta

256 2519 401 2563 non
439 2520 598 2583 opus
628 2505 727 2564 est
764 2509 842 2564 ut
883 2499 1071 2584 plura
1105 2507 1493 2584 argumenta
1523 2500 1861 2566 adducam.
1972 2499 2241 2564 Etenim
2279 2497 2475 2582 (quod

256 2600 461 2686 hujus
500 2623 776 2684 praxeos
811 2602 1165 2666 utilitatem
1204 2604 1417 2687 palam
1457 2604 1856 2688 proclamat,)
1892 2603 2107 2667 videre
2151 2608 2269 2680 est,
2302 2603 2478 2685 quod

260 2705 579 2788 quamdiu
618 2725 811 2788 aeger
843 2705 1075 2770 sudore
1106 2706 1359 2785 diffluit,
1390 2707 1557 2771 bene
1595 2729 1663 2772 se
1701 2707 1942 2771 habere
1976 2705 2319 2783 existimet,
2359 2725 2472 2768 ne-

259 2827 395 2889 que
436 2806 653 2882 minus
696 2829 777 2872 ex
820 2808 1177 2872 astantium
1204 2809 1451 2893 judicio
1484 2831 1589 2874 res
1633 2815 1775 2874 tota
1815 2810 1888 2872 in
1915 2807 2080 2874 vado
2119 2806 2475 2871 constituta

254 2909 595 2988 videatur,
628 2911 811 2993 atqui
840 2912 1321 2994 quamprimum
1342 2932 1574 2996 corpus
1605 2932 1890 2976 arescere
1917 2910 2146 2994 incipit
2175 2929 2250 2972 ac
2279 2908 2475 2973 sudor

258 3014 694 3098 abrumpitur,
740 3016 960 3080 omnia
998 3017 1072 3080 in
1111 3017 1294 3101 pejus
1332 3025 1550 3097 ruant,
1581 3017 1808 3082 morbo
1854 3016 2037 3102 quasi
2079 3015 2474 3100 postliminio

256 3118 603 3184 redeunte.

362 3221 533 3306 [45]
590 3222 712 3286 Per
747 3220 939 3286 horas
978 3245 1019 3286 a
1044 3222 1233 3288 finito
1276 3224 1506 3290 sudore
1536 3224 1769 3308 viginti
1809 3230 2086 3308 quatuor
2124 3243 2358 3288 moneo
2395 3228 2475 3286 ut

258 3325 473 3409 frigus
503 3332 691 3390 caute
718 3325 977 3404 vitetur,
1008 3326 1341 3392 indusium
1380 3335 1609 3412 sponte
1640 3328 1855 3392 suain
1885 3348 2147 3411 corpore
2192 3347 2475 3391 arescere

259 3428 701 3512 permittatur,
732 3429 1072 3511 potulenta
1106 3431 1327 3495 omnia
1368 3430 1784 3494 calidiuscule
1823 3430 2227 3509 hauriantur,
2259 3436 2326 3493 et
2365 3450 2472 3513 zy-

257 3530 569 3614 thogalae
598 3530 795 3594 salvia
816 3531 1127 3596 alteratae
1153 3553 1310 3596 usus
1340 3533 1700 3598 etiamnum
1731 3533 2169 3597 continuetur.
2259 3531 2346 3596 In
2375 3552 2470 3598 se·
2499 3549 2743 3597 Catharti-

261 3632 500 3717 quenti
526 3633 671 3699 luce
700 3653 1045 3699 commune
1080 3634 1511 3700 catharticum
1538 3634 1830 3714 exhibeo,
1864 3657 1943 3700 ex
1970 3632 2328 3700 infusiones
2353 3633 2471 3698 sci-
2496 3629 2617 3726 3:1¹ss
2633 3620 2766 3725 ξξζῖῑ·

257 3736 420 3801 licet
440 3736 973 3817 tamarindorum,
994 3737 1295 3804 foliorum
1325 3759 1583 3817 sennae,
1603 3737 1998 3816 rhabarbari,
2029 3759 2179 3802 cum
2209 3757 2470 3815 manna,
2496 3743 2778 3834 hibendum·

256 3845 333 3904 et
382 3859 623 3924 syrupo
660 3861 955 3905 rosarum
1000 3841 1273 3905 solutivo
1281 3853 1329 3905 8.
1408 3841 1637 3925 ‘Atque
1680 3841 1802 3906 hac
1850 3840 2154 3906 medendi
2198 3839 2470 3918 ratione,
2496 3823 2661 3935 ἓξὲξ
2675 3902 2780 3935 me-

256 3963 446 4007 anno
491 3964 531 4007 a
572 3941 765 4007 Peste
805 3943 1115 4026 proximo,
1148 3945 1584 4027 complurimis
1616 3945 1822 4009 Febre
1863 3943 2291 4009 Pestilentiali
2335 3962 2471 4006 cor·
2497 3903 2632 4000 thb'di
2654 3967 2766 4028 ³130-

250 4045 469 4130 teptis
529 4045 873 4110 sanitatem
930 4047 1206 4127 restitui,
1254 4048 1414 4112 adeo
1462 4054 1539 4112 ut
1590 4069 1676 4112 ne
1721 4069 1894 4112 unus
1945 4047 2206 4131 quidem
2263 4066 2344 4108 ex
2397 4066 2472 4108 eo
2499 4030 2664 4129 ‘ffiffi
2665 4032 2781 4128 1322-

256 4150 499 4218 morbo
564 4149 730 4214 mihi
787 4150 1185 4218 desideratus
1243 4159 1341 4216 est
1350 4149 1399 4233 ¹²,
1452 4158 1794 4237 postquam
1851 4152 2124 4216 eandem
2183 4169 2474 4214 exercere
2497 4145 2734 4195 tilentiali.

258 4256 663 4338 inceperam.

335 4405 354 4437 ¹
384 4424 445 4454 ex
460 4405 597 4470 infru.
624 4405 728 4470 αξη]
754 4421 846 4454 om.
872 4407 976 4455 edd.
996 4409 1093 4467 ⁹68,
1118 4407 1213 4460 ’75.
1478 4407 1503 4439 ¹¹
1536 4409 1630 4473 est]
1657 4409 1736 4458 Sic
1753 4409 1884 4472 Syd„
1899 4407 2075 4456 melius
2091 4411 2154 4456 sit
2176 4407 2280 4456 edd.
2299 4411 2474 4456 recent.

330 4479 357 4512 ⁸
395 4472 472 4520 Cf.
496 4473 687 4520 soi-mm.
713 4474 758 4528 8,
786 4473 849 4520 24
871 4473 959 4521 διο.
