3138 5006
504 305 1294 372 OBSERVATIONUM
1340 276 1911 369 MEDIcAauM
1958 311 2007 390 1.
2032 316 2084 364 4.
2332 307 2417 366 45

317 469 482 552 [15.]
541 468 758 551 Siquis
798 474 1018 531 autem
1065 473 1349 551 quaerat,
1395 487 1522 551 quo
1559 473 1849 550 tempore
1894 464 2116 530 Febris
2150 464 2420 528 vomito·
2488 483 2687 534 Fzmus

219 573 390 636 rium
426 571 712 636 exhiberi
739 571 969 649 velim
1016 571 1178 648 dico,
1216 571 1290 634 in
1328 570 1468 654 ipso
1495 571 1689 653 plane
1719 567 1941 633 Febris
1980 566 2189 645 initio,
2223 567 2417 649 siqui·
2445 549 2723 661 ,egga

217 675 367 738 dem
395 675 570 758 optio
600 673 881 751 daretur,
914 674 1258 736 emeticum
1286 673 1729 756 propinarem:
1774 670 1871 734 ita
1898 671 2074 735 enim
2088 671 2201 734 fiet
2230 675 2306 732 ut
2336 668 2418 732 ab
2448 733 2455 738 ,
2483 679 2688 727 ’δι-’σι

217 777 554 842 horrendis
601 777 728 840 illis
788 775 1345 861 symptomatibus,
1407 795 1486 839 ex
1542 774 1891 838 humorum
1945 773 2019 837 in
2062 773 2417 836 ventriculo
2444 767 2728 877 Emetissm

214 881 498 963 locisque
560 879 786 942 vicinis
861 878 1374 943 delitescentium
1445 877 1664 941 illuvie
1736 884 1953 941 ortum
2012 874 2416 952 ducentibuS,
2442 845 2718 958 {253¹sser

216 1003 484 1065 aegrum
510 981 1051 1065 praemuniamus.
1127 978 1338 1045 Immo
1365 999 1517 1044 vero
1552 987 1621 1044 et
1658 979 1927 1043 fortasse
1955 977 2028 1041 in
2055 975 2208 1060 ipsis
2238 976 2421 1059 quasi
2442 960 2731 1025 piundum,

214 1083 625 1149 incunabulis
654 1084 1088 1168 opprimamus
1116 1083 1435 1174 morbum,
1470 1083 1580 1166 qui
1620 1083 1775 1146 alias
1804 1101 1953 1145 cum
1982 1080 2227 1163 aegroti
2254 1081 2420 1164 peri-

214 1188 364 1251 culo
395 1187 791 1270 grandescet,
816 1207 890 1250 ac
909 1187 1258 1270 longaevus
1287 1185 1548 1262 evadet3
1579 1185 1865 1248 nutritus
1892 1182 2201 1246 nimirum
2232 1181 2421 1245 dictis

215 1289 345 1352 illis
375 1289 776 1366 humoribus,
811 1289 921 1372 qui
961 1289 1062 1352 vel
1101 1288 1466 1352 substantia
1504 1310 1621 1351 sua
1657 1288 1729 1350 in
1766 1287 2113 1370 penitiores
2142 1284 2421 1368 corporis

213 1397 432 1474 partes
471 1391 831 1454 transmissi
861 1411 1009 1455 cum
1049 1391 1382 1473 sanguinis
1417 1411 1630 1454 massa
1669 1389 2183 1466 commiscentur,
2214 1387 2315 1450 vel
2342 1408 2421 1450 ex

213 1493 358 1576 ipsa
386 1514 570 1557 mora
601 1495 848 1577 pejores
875 1493 1051 1572 facti,
1073 1501 1266 1577 atque
1288 1499 1606 1556 venenata
1638 1493 1953 1576 pravitate
1980 1489 2323 1574 inquinati,
2342 1509 2421 1552 ex

207 1596 356 1660 foco
386 1617 502 1660 suo
525 1596 771 1678 jugiter
785 1597 1266 1680 pertranseunti
1289 1595 1593 1678 sanguini
1620 1596 1975 1678 malignam
1996 1615 2218 1657 auram
2248 1593 2420 1656 affla-

211 1699 410 1763 bunt.
502 1699 722 1783 Hujus
793 1700 888 1763 rei
953 1700 1058 1784 (ne
1114 1699 1373 1782 longius
1433 1698 1782 1781 abeamus,)
1847 1698 2103 1761 cholera
2158 1696 2422 1760 morbus

215 1803 586 1886 exemplum
612 1801 800 1866 nobis
830 1803 1126 1881 exhibet3
1171 1803 1246 1867 fit
1287 1802 1460 1866 enim
1493 1801 1837 1884 aliquando
1870 1808 1948 1864 ut
1978 1798 2426 1882 intempestiva

214 1927 416 1990 opera
439 1907 754 1970 vomitum
792 1907 864 1970 in
891 1907 1003 1970 illo
1031 1907 1257 1970 morbo
1295 1905 1591 1969 cohibere
1636 1911 2021 1987 satagenteS,
2066 1905 2219 1986 (sive
2260 1901 2424 1966 illud

217 2008 539 2072 Laudano
567 2010 702 2086 fiat,
727 2009 856 2072 sive
879 2006 1432 2090 adstringentibus
1462 2006 1991 2088 medicamentis,)
2015 2026 2091 2069 eo
2119 2003 2421 2082 cohibitn,

216 2131 356 2174 non
401 2111 617 2174 minus
659 2110 1082 2194 periculosam
1123 2110 1442 2174 malorum
1489 2116 1811 2173 catervam
1857 2107 2185 2171 invehant.
2278 2107 2419 2170 Hu-
2447 2122 2467 2184 (
2478 2123 2673 2172 Pericu-

216 2233 432 2276 mores
462 2213 638 2276 enim
667 2233 839 2276 acres
870 2213 1298 2296 corruptique,
1339 2233 1613 2294 quorum
1650 2209 2081 2275 exclusionem
2107 2209 2423 2293 tantisper
2442 2187 2733 2301 fflffigtssw‘

215 2315 594 2398 permittere
623 2322 992 2399 oportuerat
1021 2322 1097 2379 ut
1119 2316 1274 2379 satis
1306 2322 1786 2394 evacuarentur,
1816 2313 1939 2377 hoc
1967 2319 2156 2396 pacto
2184 2312 2423 2396 repulsi
2448 2316 2673 2394 cohitgita,

214 2419 388 2481 vires
431 2439 580 2482 suas
639 2439 712 2482 ac
771 2419 1101 2482 saevitiam
1155 2418 1228 2481 in
1287 2417 1604 2501 sanguine
1662 2423 1979 2496 exercent,
2024 2415 2421 2498 Febremque
2447 2389 2703 2511 ῗξζζιῗοη

216 2520 607 2600 accendunt,
661 2542 842 2606 quae,
889 2528 968 2586 ut
1025 2522 1182 2585 mali
1237 2521 1434 2585 moris
1493 2527 1560 2584 et
1622 2520 1919 2603 gravibus
1978 2518 2425 2603 symptomatis
2452 2512 2677 2576 P¹⁸⁰Pi¹¹⁸·

217 2625 467 2707 stipata
493 2644 630 2688 esse
659 2625 840 2703 solet,
869 2625 964 2688 ita
1006 2624 1135 2688 nisi
1176 2624 1516 2707 propinato
1559 2622 1829 2686 emetico
1866 2622 2008 2686 tolli
2034 2622 2141 2685 vix
2167 2621 2425 2704 poterit,
2452 2577 2541 2639 to.)

219 2728 424 2792 etiam
455 2748 646 2812 aegro
668 2728 806 2811 jam
834 2748 920 2791 ne
952 2728 1212 2812 quidem
1239 2727 1712 2791 vomituriente.

323 2830 491 2914 [16.]
549 2830 741 2895 Quod
792 2832 847 2894 si
898 2830 1084 2894 nobis
1138 2830 1236 2914 (ut
1288 2850 1474 2913 saepe
1534 2829 1652 2912 fit,)
1710 2849 1852 2892 sero
1910 2827 2229 2892 accersitis
2291 2846 2427 2890 non
2451 2843 2530 2891 vel
2552 2844 2724 2905 quovis

219 2932 481 2996 licuerit
539 2934 886 2997 emeticum
941 2933 1343 3017 propinando
1403 2952 1743 3015 aegrorum
1800 2930 1995 2993 saluti
2040 2929 2159 2992 sub
2205 2927 2425 2992 Febris
2452 2907 2737 3034 32?ssssss

221 3035 490 3098 initium
537 3035 890 3114 consulere,
937 3042 1110 3099 certe
1151 3042 1372 3100 tamen
1423 3034 1764 3099 convenire
1808 3030 2303 3097 existimaverim
2352 3035 2429 3092 ut
2454 3006 2583 3083 vires'
2600 3037 2672 3085 fe-

225 3137 451 3221 quovis
479 3135 690 3201 morbi
717 3144 1006 3221 tempore
1035 3136 1199 3200 illud
1235 3138 1368 3215 fiat,
1399 3138 1593 3200 modo
1621 3135 1785 3199 vires
1815 3155 1891 3199 eo
1918 3154 2123 3217 usque
2166 3132 2429 3197 morbus
2452 3108 2577 3150 ’ω’

223 3263 364 3305 non
404 3240 723 3304 attriverit
765 3246 842 3303 ut
881 3241 1136 3304 emetici
1175 3241 1306 3304 vim
1343 3241 1510 3303 ferre
1547 3239 1685 3323 jam
1724 3238 1999 3322 amplius
2044 3244 2371 3321 nequeant
2379 3246 2433 3301 ὃ.

226 3342 552 3427 Equidem
595 3363 716 3426 ego
759 3342 864 3406 die
908 3342 1128 3407 Febris
1174 3342 1552 3407 duodecimo
1590 3343 1908 3406 vomitum
1940 3332 2255 3424 imperare
2296 3360 2435 3403 non

228 3445 540 3525 dubitavi,
593 3446 790 3509 etiam
841 3466 990 3509 cum
1033 3466 1220 3529 aeger
1257 3446 1633 3509 vomitur-ire
1679 3444 1989 3523 desiisset,
2036 3464 2247 3526 neque
2294 3443 2432 3506 sine

228 3548 487 3626 sructu3
533 3568 609 3612 eo
652 3568 932 3630 namque
976 3547 1382 3611 diarrhoeam
1429 3546 1682 3625 sustuli,
1729 3564 1891 3629 quae
1934 3544 2319 3627 sanguinem
2360 3544 2435 3607 in

227 3651 600 3733 peragenda
654 3649 1140 3733 despumatione
1207 3648 1576 3733 impedivit:
1649 3648 1806 3731 quin
1862 3652 1931 3711 et
1988 3648 2191 3711 serius
2258 3646 2435 3709 idem

228 3754 441 3817 facere
487 3752 755 3815 minime
798 3751 1180 3831 dubitarem,
1225 3752 1354 3815 nisi
1385 3752 1620 3815 virium
1666 3750 2035 3815 atti-starum
2076 3749 2242 3813 ratio
2288 3768 2432 3831 pro-

229 3856 506 3919 biberet.

329 3958 397 4041 [1
407 3960 446 4023 '7
452 3958 497 4041 .]
552 3958 842 4041 Voeperi,
891 3957 1212 4022 celebrata
1246 3956 1386 4041 jam
1423 3954 1792 4033 vomitione,
1824 3972 2073 4037 semper
2108 3950 2273 4015 illud
2310 3970 2433 4033 ago
2458 3968 2579 4044 Isost
2589 3983 2726 4019 eme:

233 4068 310 4124 nt
339 4060 698 4124 tumultum
727 4059 810 4123 ab
850 4060 1120 4124 emetico
1147 4060 1219 4123 in
1247 4058 1625 4123 humoribus
1666 4058 2015 4121 excitatum
2046 4054 2431 4137 consopiam,
2456 4040 2663 4146 {¹235OE

235 4170 301 4227 et
348 4161 630 4247 quietem
681 4162 1053 4239 conciliem3
1097 4162 1370 4245 ideoque
1413 4161 1534 4226 sub
1578 4167 1837 4225 noctem
1878 4159 1980 4222 vel
2019 4157 2183 4222 hora
2224 4155 2436 4220 somni
2458 4164 2701 4225 paregori-

235 4264 676 4349 paregoricum
729 4265 1094 4349 quempiam
1144 4265 1450 4330 haustum
1495 4263 1797 4329 exhibere
1840 4261 2059 4346 jubeo,
2139 4257 2435 4343 Exempli
2458 4227 2714 4404 Ξὲξξζ

238 4370 448 4451 gratia
468 4394 576 4433 :--·
2544 4372 2603 4404 ω
2640 4372 2715 4406 ¹¹⁸‘

499 4494 524 4517 ²
559 4499 820 4547 Periculum
843 4497 950 4563 effa]
971 4496 1066 4546 oin.
1091 4498 1164 4547 ed.
1191 4498 1284 4547 '76.
1766 4504 1785 4524 '⁸
1821 4496 1897 4543 Cf.
1921 4495 2005 4543 ins.
2032 4496 2055 4555 ξ
2080 4494 2157 4541 51.
