3138 5006
533 276 1321 360 OBSERVATIONUM
1371 294 1944 359 MEDICARUM
1990 302 2106 358 111.
2143 309 2193 358 2.
2331 301 2451 362 131

243 454 585 539 praecipue
612 476 763 519 vero
802 454 883 519 ab
923 455 1025 519 his
1066 476 1287 519 cavere
1326 460 1599 538 oportet,
1631 456 1687 519 si
1717 477 1908 539 aeger
1934 456 2006 519 in
2037 457 2265 520 aetatis
2295 458 2450 522 flore
2477 482 2757 531 vinoun

244 559 637 622 constitutus
688 558 903 635 fuerit,
953 557 1057 620 vel
1114 558 1498 640 sanguinem
1554 558 1792 622 habeat
1844 559 2233 641 generosiori
2289 569 2450 642 potu
2478 546 2757 659 {1¹22}sssssz

240 652 452 724 nimis'
466 661 839 738 exaltatum,
869 660 969 723 vel
998 660 1153 723 anni
1190 666 1539 742 tempestas
1571 666 1686 723 aut
1713 681 1912 724 verna
1941 662 2044 739 sit,
2077 668 2191 725 aut
2221 663 2450 727 saltem
2511 677 2714 726 ’67-·69.

239 764 415 827 ultra
456 764 716 829 aestatis
765 763 1029 826 initium
1077 784 1212 825 non
1261 762 1658 845 processerit.
1753 763 1932 826 Hinc
1985 764 2158 827 enim
2209 765 2321 829 fiet
2371 774 2448 830 ut
2473 773 2522 813 et
2544 781 2716 826 quam-

244 868 579 948 separatio,
611 887 775 949 quae
819 865 1055 928 sensim
1100 865 1418 947 lentisque
1448 864 1756 947 gradibus
1785 866 2008 948 peragi
2044 865 2339 947 debebat,
2371 876 2447 933 ut
2474 830 2652 877 obrem.

240 968 323 1031 ad
351 968 775 1033 universalem
805 967 1129 1051 quandam
1159 967 1714 1049 despumationem
1744 970 2168 1050 opportunius
2197 980 2443 1053 pergat,

235 1070 566 1154 praecipiti
596 1092 790 1134 cursu
814 1069 1095 1147 feratur3
1143 1077 1337 1158 atque
1366 1069 1460 1133 ita
1499 1069 1600 1133 vel
1636 1091 1772 1132 non
1813 1071 1968 1133 satis
1997 1070 2270 1134 idoneus
2299 1095 2441 1155 par-

235 1172 405 1235 tium
447 1194 755 1237 numerus
798 1181 1243 1255 congregetur,
1274 1172 1372 1235 vel
1415 1171 1610 1254 (quod
1653 1171 1820 1235 forte
1865 1172 2245 1256 contingat,)
2281 1196 2442 1239 non-

234 1276 454 1339 nullae
496 1284 711 1360 partes
755 1276 839 1339 ad
882 1276 1303 1339 secretionem
1347 1276 1756 1353 damnentur,
1789 1297 1946 1358 quas
1991 1278 2147 1341 alias
2186 1279 2444 1344 Natura

232 1378 413 1441 illam
444 1378 658 1441 subire
699 1377 1030 1455 noluisset,
1061 1378 1191 1440 nisi
1218 1377 1408 1460 quod,
1439 1378 1613 1441 ultra
1657 1378 1907 1442 debitos
1951 1379 2188 1443 limites
2220 1402 2440 1445 excur-

235 1502 379 1545 rere
419 1490 658 1560 coacta‚
689 1503 922 1545 noxam
965 1482 1134 1545 hanc
1179 1482 1301 1545 sibi
1344 1490 1554 1545 creet:
1601 1483 1860 1546 secretis
1907 1484 2080 1546 enim
2123 1485 2247 1548 illis
2278 1508 2442 1568 quae

236 1583 319 1646 ad
364 1584 833 1667 separationem
876 1584 1091 1646 minus
1131 1592 1565 1667 opportunae⁸
1596 1593 1769 1662 sunt,
1802 1585 2070 1648 aliorum
2099 1586 2252 1649 illuc
2295 1609 2438 1670 pro-

232 1686 659 1769 pendentium
701 1692 916 1750 motus
962 1707 1184 1749 eorum
1236 1688 1690 1750 commixtione
1741 1687 2107 1769 impeditur,
2155 1688 2440 1772 adeoque

232 1788 599 1851 redduntur
621 1787 975 1871 expulsioni
1004 1788 1219 1852 minus
1244 1788 1690 1852 accommodae
1701 1787 1736 1851 f.
1789 1789 1953 1872 [34]
1984 1790 2156 1852 Mihi
2179 1791 2436 1873 quidem
2465 1814 2578 1863 Quo
2591 1815 2739 1865 diuti-

230 1890 472 1954 rationi
501 1898 1005 1954 consentaneum
1047 1890 1303 1953 videtur
1340 1898 1415 1953 ut
1456 1912 1585 1974 quo
1625 1890 1868 1954 diutius
1898 1892 2157 1955 Natura
2185 1915 2434 1977 separa·
2462 1893 2520 1926 ¹¹⁸
2545 1880 2734 1929 Natura

228 1994 482 2056 tionem
518 1994 781 2057 molitur
824 2014 897 2056 ac
938 1993 1205 2075 perficit,
1243 1993 1616 2075 (dummodo
1661 1992 1951 2057 ebullitio
1993 2015 2128 2058 non
2173 1997 2435 2061 omnino
2460 1954 2737 2057 {Zffiriffsslf-

224 2096 528 2178 torpeat,)
566 2116 641 2159 eo
669 2096 904 2159 certius
935 2102 1127 2178 atque
1166 2096 1587 2159 universalius
1628 2096 1852 2159 eadem
1883 2098 2198 2179 separatio
2229 2098 2432 2163 absol·
2459 2078 2558 2183 ἔξιτέ
2567 2089 2739 2189 {21}ssss

224 2206 439 2260 vatur.
550 2198 769 2280 Atque
828 2219 905 2261 ex
962 2198 1074 2261 illa
1132 2198 1222 2260 sic
1280 2196 1574 2260 absoluta
1631 2199 1978 2261 curationis
2035 2199 2433 2283 insequentis
2458 2202 2694 2253 vex-salius

224 2322 558 2365 successus
601 2301 1005 2385 potissimum
1048 2308 1124 2363 ut
1169 2300 1527 2383 dependeat
1573 2322 1830 2364 necesse
1877 2308 1993 2379 est,
2031 2304 2133 2366 uti
2177 2325 2255 2367 ex
2298 2327 2429 2369 me-
2458 2267 2680 2381 Ξῗζξῗᾷἷῖ,

221 2404 431 2467 thodo
460 2403 781 2467 contraria
817 2404 1175 2467 contrarius
1213 2403 1404 2485 plane
1447 2402 1540 2466 rei
1572 2403 1800 2466 exituS.
1891 2405 1991 2466 Ex
2021 2405 2227 2469 calido
2257 2408 2431 2471 enim
2459 2408 2738 2484 {tegiminis

218 2509 355 2572 isto
403 2508 719 2591 regimine
762 2507 928 2569 nihil
970 2506 1127 2570 boni
1175 2506 1481 2584 nascitur,
1528 2506 1696 2570 sicut
1747 2529 1826 2570 ex
1877 2509 2166 2590 praecoci
2216 2510 2432 2575 fructu
2449 2477 2734 2590 ᾗῗὲξῖδῗέξ-

219 2608 394 2672 nihil
419 2610 629 2692 frugi3
676 2631 826 2672 cum
862 2608 1233 2691 frequenter
1269 2629 1395 2670 usu
1421 2607 1638 2671 veniat
1667 2616 1742 2671 ut
1771 2609 1873 2671 vel
1901 2609 1972 2671 in
1999 2609 2432 2692 phrenitidem
2456 2621 2528 2652 ae.

221 2731 421 2793 aeger
448 2732 651 2793 prono
678 2711 863 2793 lapsu
889 2718 1075 2788 ruat;
1120 2710 1219 2773 vel
1255 2709 1448 2792 (quod
1484 2710 1720 2793 pejoris
1759 2717 1953 2773 notae
1992 2713 2136 2793 est,)
2170 2713 2432 2778 sudores

218 2812 525 2896 ingentes
584 2812 976 2891 oboriantur,
1037 2833 1115 2875 ex
1174 2811 1407 2894 quibus
1474 2819 1688 2894 partes
1745 2834 1879 2875 non
1940 2815 2186 2876 secerni
2244 2823 2432 2898 aptae

218 2935 436 2998 neque
479 2916 656 2998 puris
702 2921 975 2979 naturae
1023 2914 1483 2996 respondentes
1534 2914 1729 2996 (quod
1779 2915 1993 2997 ipsum
2044 2922 2264 2978 tamen
2309 2939 2430 2999 pus

219 3019 511 3100 genuina
539 3019 785 3082 soboles
826 3023 921 3081 est
956 3018 1224 3101 hujusce
1264 3017 1689 3098 excretionis,)
1725 3017 2175 3095 eliminentur,-
2219 3021 2321 3082 vel
2351 3041 2429 3083 ex

218 3120 529 3184 cardiacis
557 3121 681 3184 illis
722 3119 1185 3184 administratis
1225 3119 1559 3201 calidaque
1597 3119 1888 3182 custodia
1908 3120 2205 3183 Variolae
2235 3122 2426 3186 nimis

216 3231 557 3307 protrusae
586 3224 657 3286 in
684 3244 891 3286 unum
920 3222 1270 3299 confluant,
1300 3221 1489 3285 foedo
1527 3229 1702 3285 certe
1733 3222 2112 3304 spectaculo,
2143 3224 2423 3288 tristem-

220 3347 349 3409 que
379 3332 682 3389 eventum
710 3324 1178 3388 interminanti.

320 3427 485 3512 [35]
532 3429 750 3510 Atque
790 3428 947 3490 haec
986 3433 1053 3490 et
1080 3425 1449 3508 hujusmodi
1494 3431 1923 3509 symptomata
1951 3448 2028 3490 ex
2057 3427 2158 3490 his
2195 3431 2422 3493 errori-

214 3531 343 3594 bus
372 3530 671 3613 progigni
700 3530 928 3608 solent,
952 3550 1101 3592 cum
1132 3549 1207 3591 ex
1238 3529 1441 3592 altera
1468 3528 1582 3591 illa
1610 3529 1912 3592 methodo
1941 3529 2105 3592 nihil
2132 3553 2421 3615 unquam

214 3634 375 3698 mali
426 3631 908 3697 observa‘verim.
1020 3631 1280 3694 Natura
1330 3631 1505 3693 enim
1558 3630 1682 3694 sibi
1729 3632 2036 3714 permissa
2086 3636 2420 3717 negotium

284 3843 307 3868 ο
344 3853 620 3906 opportunae
643 3879 655 3891 .
681 3879 693 3890 .
712 3879 724 3891 .
749 3841 1079 3903 accommodae]
1099 3841 1180 3888 Sic
1202 3841 1275 3888 ed.
1360 3849 1525 3903 gerato
1556 3845 1634 3888 illo
1665 3844 1971 3903 tutissimoqne
2003 3841 2080 3902 (ut
2111 3847 2416 3908 existimant)

214 3913 315 3967 ⁹85,
335 3918 515 3957 —tuna
538 3945 551 3956 .
577 3944 589 3956 .
610 3943 621 3955 .
645 3944 656 3956 .
682 3911 815 3956 moda
830 3908 933 3954 edd.
953 3908 1050 3964 ’66,
1066 3907 1161 3962 ⁹68,
1180 3906 1275 3956 ¹76.
1364 3909 1559 3952 remedio
1598 3903 1869 3968 (zythogala
1903 3910 2125 3970 intelligo,
2161 3913 2236 3956 cui
2279 3927 2416 3958 cornu

283 3973 300 4004 ¹
334 3971 571 4034 accomm.]
608 3973 715 4021 add.
754 3972 858 4020 edd.
892 3972 989 4028 ’66‚
1029 3971 1109 4017 ’68
1154 3985 1277 4031 quae
1364 3974 1485 4016 cervi
1528 3987 1628 4016 cum
1671 3973 1932 4018 calendulae
1965 3973 2162 4030 floribus
2195 3977 2416 4021 incoctum

214 4039 747 4102 acquantum—Ausim
776 4040 927 4083 dicere
952 4051 1007 4082 ea:
1028 4038 1109 4082 hoc
1124 4033 1274 4095 sonte,
1348 4032 1546 4094 suerit.)
1571 4051 1656 4080 non
1690 4038 1835 4082 mium
1859 4039 2172 4094 imprudenter
2192 4045 2384 4084 utuntur
2399 4058 2416 4085 .-

212 4106 441 4151 malorum
490 4105 650 4150 Iliada
692 4104 975 4162 profluxisse,
1022 4115 1177 4159 nempe
1221 4115 1277 4145 ea·
1363 4105 1484 4145 certe
1538 4102 1656 4144 enim
1701 4101 1850 4146 calido
1893 4099 2152 4161 hujusmodi
2194 4105 2415 4164 regimine

212 4177 358 4215 aucta
378 4170 513 4213 nimis
528 4168 789 4214 ebullitione
810 4168 859 4210 in
876 4165 1105 4224 principio
1118 4165 1275 4220 morbi,
1356 4165 1465 4222 plus
1487 4165 1599 4208 mali
1622 4167 1860 4222 quotannis
1878 4168 2144 4220 accersitur,
2161 4181 2296 4225 quam
2318 4169 2415 4213 ulla

212 4235 325 4280 dum
374 4233 666 4278 mulierculae
712 4231 875 4276 oblatis
927 4230 1156 4274 cardiacis
1201 4225 1277 4287 (nt
1362 4227 1648 4272 Medicorum
1674 4231 1828 4286 praxi,
1865 4235 2254 4289 quantumcunque
2281 4234 2412 4289 peri-

204 4299 401 4358 pulvere
442 4297 675 4350 Gasconis,
700 4295 969 4347 diascordio,
994 4299 1040 4338 et
1062 4294 1113 4338 id
1132 4307 1277 4352 genus
1362 4292 1560 4337 culos-am
1599 4291 1710 4336 illae
1750 4294 2046 4348 arbitrentur,
2082 4299 2219 4352 atque
2263 4310 2293 4340 a
2336 4311 2413 4341 ra-

214 4359 367 4420 aliia)
402 4361 519 4406 nihil
559 4375 647 4406 non
693 4365 929 4419 satagunt,
970 4363 1023 4402 ut
1068 4355 1133 4415 (si
1178 4354 1276 4401 Dis
1364 4358 1483 4401 tione
1523 4353 1633 4414 (sua
1665 4355 1876 4416 scilicet,)
1914 4358 2236 4404 abhorrentem.
2293 4359 2414 4406 Mihi

206 4422 410 4485 placet‚)
444 4426 728 4484 expellantur
760 4425 916 4468 statim
962 4421 1187 4474 Variolae‚
1222 4435 1277 4466 ac
1364 4421 1557 4480 quidem,
1585 4419 1663 4480 ᾂσ.

216 4505 433 4537 venenum
450 4505 479 4535 α
497 4490 629 4534 corde
647 4493 941 4534 removeat-ur.
1016 4486 1114 4530 Imo
1123 4481 1271 4544 sami-
