3138 5006
442 443 613 492 Posr-

386 521 653 557 scmrruu

683 265 821 370 ,4⁷8
1166 261 1375 329 THO.
1426 261 1945 328 SYDENHAM
1987 262 2302 328 TRACT.
2347 262 2480 340 11„

1253 425 1446 498 Syrupi
1468 425 1735 480 Rosarum
1760 425 2006 491 Solutivi,
2030 442 2136 480 ana
2157 425 2386 480 unciam
2397 439 2600 485 unam

972 512 1175 576 Misce3
1212 511 1307 567 fiat
1322 513 1490 584 potio,
1512 511 1776 566 sumenda
1797 529 2007 566 summo
2029 529 2206 567 mane.

690 650 884 715 Hanc
927 651 1257 734 potionem
1305 671 1422 735 per
1472 650 1635 714 duas
1680 649 1835 715 alias
1881 649 2058 714 vices
2105 656 2350 734 repet0,
2396 649 2503 714 die
2543 667 2684 712 uno
2737 645 2930 710 inter

688 754 975 837 singulas
1025 754 1443 838 purgationes
1494 753 1898 838 interposito,
1946 752 2140 816 modo
2200 757 2635 836 symptomata
2686 747 2926 813 omnia

688 855 879 923 citius
936 877 1073 921 non
1132 856 1604 940 disparuerint3
1679 863 1746 920 et
1804 856 2104 921 noctibus
2163 855 2658 942 insequentibus
2720 875 2920 937 pare·

688 958 978 1042 gericum
1020 980 1101 1024 ex
1144 960 1365 1045 syrupi
1404 959 1487 1023 de
1528 959 1824 1024 meconio
1858 960 2053 1024 uncia
2093 981 2230 1023 una
2271 960 2560 1044 propino.
2654 957 2920 1022 Diebus

688 1085 730 1127 a
765 1064 1151 1146 purgatione
1192 1062 1431 1141 vamfis,
1470 1062 1666 1128 modo
1707 1063 1905 1126 tussis
1951 1062 2139 1141 adsit,
2175 1061 2515 1126 decoctum
2555 1059 2918 1145 pectorale,

644 1243 647 1248 Ι
688 1175 757 1230 et
808 1167 1096 1251 eclegma
1146 1189 1225 1232 ex
1276 1167 1417 1232 oleo
1478 1167 1968 1250 amygdalarum
2020 1165 2328 1246 dulcium,
2381 1165 2633 1251 syrupis
2687 1163 2922 1247 capilli

689 1269 965 1334 Veneris
1018 1277 1086 1334 et
1130 1269 1461 1349 violarum,
1516 1270 1794 1334 subinde
1815 1278 1822 1286 '
1843 1268 2232 1335 assumenda
2279 1270 2601 1354 praecipio
2623 1295 2643 1347 ς
2709 1277 2924 1352 atque

690 1371 777 1435 ad
807 1372 1084 1437 nimium
1120 1372 1453 1456 sanguinis
1487 1372 1803 1438 fervorem
1831 1373 2339 1457 reprimendum,
2371 1372 2426 1436 si
2461 1372 2684 1436 Febris
2725 1393 2922 1454 mag-

690 1496 931 1559 nopere
962 1482 1233 1554 aestuet,
1266 1475 1689 1540 emulsionem
1719 1497 1800 1540 ex
1835 1476 2188 1540 seminibus
2217 1475 2467 1559 frigidis
2496 1473 2922 1559 praescrib03

690 1585 769 1643 ut
798 1585 865 1643 et
876 1580 906 1634 ‘.
918 1577 1241 1662 julapium
1272 1598 1547 1665 sequens
1568 1604 1676 1642 :-—-

695 1713 899 1784 [Form.
928 1717 1122 1782 102.]u
1194 1711 1257 1791 R,
1298 1715 1482 1785 Aquae
1507 1713 1876 1785 Nymphaeae‚

1296 1802 1536 1871 [Aquae]
1565 1800 1899 1864 Portulaeae‚

1292 1886 1538 1958 [Aquae]
1565 1887 1852 1952 Lactucae,
1874 1903 1980 1942 ana
2003 1889 2190 1942 uncias
2215 1895 2460 1957 quatuor,

1296 1974 1490 2046 Syrupi
1516 1973 1582 2028 de
1608 1973 1924 2028 Limonibus
1947 1975 2360 2045 sesquiunciam,

1296 2063 1496 2134 Syrupi
1518 2061 1798 2117 violarum
1823 2064 2038 2116 unciam
2060 2079 2226 2116 unam
2251 2082 2266 2126 ς

978 2147 1181 2214 Misce3
1217 2149 1313 2204 fiat
1324 2149 1594 2221 julapium
1619 2147 1686 2203 de
1710 2165 1816 2219 quo
1839 2149 1991 2204 bibat
2012 2148 2084 2203 ad
2105 2150 2334 2202 libitum.

670 2327 681 2336 .
704 2277 828 2362 [6.]
882 2276 1161 2342 Interim
1188 2285 1267 2341 ut
1289 2297 1481 2360 aeger
1510 2299 1550 2341 a
1577 2277 1748 2342 lecto
1775 2277 2064 2341 interdiu
2093 2277 2217 2341 sibi
2243 2281 2582 2360 temperet,
2603 2276 2917 2362 injungo,

694 2388 771 2443 ut
806 2387 873 2446 et
908 2401 948 2443 a
985 2379 1198 2443 carnis
1238 2400 1389 2443 esu:
1451 2386 1598 2462 post
1638 2379 1912 2462 primam
1951 2398 2102 2442 vero
2133 2378 2237 2442 vel
2275 2377 2626 2442 secundam
2663 2400 2918 2462 purga-

694 2481 942 2547 tionem
990 2481 1371 2547 haustulum
1420 2481 1665 2566 jusculi
1713 2481 1932 2546 tenuis
1985 2501 2066 2545 ex
2113 2480 2292 2566 pullo
2343 2480 2700 2564 gallinaceo
2749 2479 2918 2547 facti

695 2585 972 2650 subinde
1024 2580 1485 2650 a'ssumendum
1529 2584 1834 2651 concedo.
1923 2584 2176 2649 Verum
2224 2583 2350 2648 hoc
2402 2584 2770 2648 notandum
2789 2610 2808 2649 ε
2857 2586 2918 2649 si

696 2692 1131 2771 symptomata
1196 2688 1455 2771 quaevis
1522 2688 1817 2770 graviora
1865 2687 1968 2771 (ut
2027 2686 2470 2771 respirationis
2537 2686 2913 2767 difficultas,

696 2791 879 2856 dolor
936 2792 1163 2876 capitis
1207 2792 1381 2857 inter
1437 2790 1850 2855 tussiendum
1891 2791 2275 2872 lancinans‚)
2331 2790 2580 2854 malum
2635 2790 2764 2854 hoe
2825 2790 2916 2855 ad

694 2892 1307 2979 Peripneumoniam
1349 2892 1642 2958 Notham
1681 2894 1944 2977 propius
1989 2894 2290 2959 accedere
2333 2894 2745 2978 indigitent¹,
2780 2895 2918 2961 hoc

695 2997 768 3061 in
817 3019 972 3062 casu
1028 3005 1166 3062 tam
1214 2996 1644 3062 venae-sectio
1695 3018 1888 3080 quam
1947 2996 2258 3061 catharsis
2317 3016 2600 3080 eousque
2661 2996 2912 3077 debitis

694 3090 1049 3168 intervallis
1088 3108 1241 3166 sunt
1280 3101 1642 3181 iterandae,
1669 3101 1876 3166 donec
1909 3106 2348 3185 ¹symptomata
2387 3100 2605 3165 omnia
2638 3100 2912 3184 penitus

696 3204 1095 3282 evanuerint,
1122 3209 1187 3267 et
1210 3224 1401 3286 aeger
1430 3224 1507 3267 eo
1533 3203 1730 3268 modo
1760 3224 1954 3287 quem
1981 3204 2192 3287 capite
2218 3202 2398 3267 dicto
2429 3202 2907 3286 descripsimus,

698 3306 920 3370 sedulo
937 3305 1333 3370 tractandus.
1364 3306 1458 3369 At
1476 3328 1613 3370 non
1629 3306 1760 3370 nisi
1777 3322 2092 3390 perquam
2107 3326 2254 3369 raro
2271 3303 2498 3369 Febris
2520 3304 2602 3368 de
2620 3326 2749 3389 qua
2759 3306 2908 3389 jam

698 3409 950 3491 agimus
986 3407 1068 3472 ad
1104 3429 1246 3472 eam
1282 3409 1613 3473 saevitiem
1650 3410 1948 3491 assurgit,
1983 3414 2062 3472 ut
2096 3414 2243 3492 post
2271 3408 2532 3472 unicam
2565 3408 2909 3492 phleboto-

698 3511 898 3575 miam
928 3518 993 3575 et
1021 3518 1153 3575 tres
1183 3512 1600 3596 purgationes
1629 3512 1923 3597 pluribus
1953 3510 2480 3576 evacuationibus
2507 3511 2824 3595 indigeat.

788 3614 919 3678 Sed
947 3611 1029 3679 de
1056 3613 1180 3679 hoe
1201 3616 1393 3694 satis3
1439 3614 1612 3699 quod
1640 3623 1864 3679 tamen
1892 3613 2056 3678 mihi
2083 3614 2467 3698 neutiquam
2494 3614 2908 3680 reticendum

695 3715 1053 3795 videbatur,
1086 3738 1213 3800 quo
1240 3717 1457 3781 minus
1486 3724 1746 3781 errante
1786 3716 2078 3799 diagnosi
2110 3715 2335 3781 Febris
2368 3716 2529 3781 haee
2563 3714 2908 3801 Hyemalis

697 3842 813 3904 pro
876 3820 1269 3885 stationaria
1330 3819 1487 3905 (sive
1543 3820 1751 3886 Febre
1810 3819 2186 3904 Epidemica
2243 3819 2562 3903 generalis
2619 3821 2910 3905 cujusvis

698 3920 1242 4005 constitutionis)
1296 3920 1636 4000 habeatur,
1685 3943 1837 3986 cum
1873 3923 2212 4005 ingentem
2253 3920 2593 3986 hominum
2637 3923 2771 3987 vim
2822 3924 2910 3989 ob

696 4023 866 4089 hanc
890 4045 1031 4088 rem
1059 4024 1161 4087 vel
1190 4024 1573 4108 neglectam,
1603 4024 1708 4089 vel
1735 4025 2120 4107 ignoratam,
2148 4024 2413 4109 periisse
2443 4032 2621 4091 certo
2649 4025 2880 4092 sciam.

766 4207 782 4241 t
814 4215 867 4255 ut
889 4207 960 4271 et]
988 4208 1069 4256 Sic
1092 4208 1199 4257 edd.
1222 4215 1417 4271 recent„
1438 4218 1492 4259 ut
1514 4220 1569 4260 at
1594 4210 1709 4275 Syd.
1902 4216 1934 4246 ἲ
1967 4210 2244 4275 indiguerat]
2285 4211 2366 4261 Sic
2405 4212 2512 4261 edd.
2545 4220 2744 4273 recent„
2779 4216 2912 4263 indi-

762 4278 792 4305 ¹¹
828 4272 905 4320 Cf.
928 4275 1119 4321 formm.
1143 4276 1224 4331 40,
1252 4276 1357 4322 169.
1835 4281 1958 4341 gite!
1980 4278 2096 4339 Syd-
