3138 5006
678 299 762 360 56
1291 299 1683 364 THOMAE
1734 299 2249 364 SYDENHAM

413 478 608 524 Funus
671 483 747 526 ac
805 462 1079 524 salutem
1137 459 1316 522 vanis
1374 458 1632 524 illorum
1692 461 2101 543 opinionibus
2148 462 2339 545 longe
2388 463 2881 528 anteferendam

367 542 644 653 fi‘ffi'ffi.
671 585 901 628 censeo
910 562 948 626 f.

408 671 615 717 ’61-’64·
769 665 932 750 [41.]
973 664 1364 730 Methodusss
1391 665 1705 730 hactenus
1730 673 2043 744 enarrata,
2066 667 2119 730 si
2144 667 2285 750 quis
2314 667 2491 732 illam
2512 667 2877 750 prudenter

366 763 594 824 Syum·
671 777 738 834 et
777 791 926 834 cum
971 769 1291 832 destinato
1327 767 1528 832 animi
1566 769 1833 834 consilio
1868 769 2312 848 observaverit,
2358 792 2600 852 aegros,
2632 772 2686 834 si
2730 794 2875 836 non

365 833 647 966 {aff-{¹133
671 873 752 937 ab
775 872 1094 950 omnibus,
1107 873 1334 935 saltem
1353 893 1392 933 a
1406 871 1725 954 plerisque
1736 871 2021 935 molestis
2038 872 2165 938 illis
2186 873 2722 956 symptomatibus
2745 875 2871 938 im-

367 953 648 1066 Ρξίξζᾟῗ·
671 997 900 1039 munes
917 973 1288 1058 praestabit,
1313 994 1476 1056 quae
1505 974 1677 1037 hanc
1706 973 2021 1037 Febrem¹²
2044 974 2145 1038 vel
2168 976 2480 1053 comitari,
2506 977 2605 1039 vel
2628 977 2867 1040 eidem¹

364 1032 534 1130 {uram
669 1077 1076 1161 supervenire
1105 1076 1332 1153 solent,
1365 1096 1655 1158 quaeque
1686 1075 2018 1140 Medicum
2050 1076 2249 1140 animi
2280 1077 2645 1160 ancipitem,
2670 1085 2871 1162 atque

363 1161 426 1207 1²0
428 1146 625 1196 stulant.
668 1201 854 1263 saepe
883 1179 954 1244 in
990 1177 1338 1242 curationis
1379 1177 1655 1242 decursu
1688 1179 1938 1242 consilii
1967 1199 2132 1261 pene
2176 1187 2501 1262 expertem
2542 1179 2866 1258 reddunt3

665 1282 866 1345 immo
894 1288 960 1344 et
997 1280 1170 1344 illius
1209 1300 1400 1345 curae
1436 1281 1807 1344 commissos
1846 1302 1981 1346 non
2020 1303 2164 1346 raro
2203 1303 2240 1345 e
2279 1282 2493 1348 medio
2536 1283 2867 1361 auferunt,

666 1384 920 1448 etiamsi
947 1383 1156 1448 morbi
1193 1389 1430 1448 natura
1459 1389 1735 1448 mortem
1762 1404 1898 1447 non
1936 1383 2345 1448 interminari
2373 1385 2509 1448 visa
2536 1385 2641 1448 sit.
2734 1386 2867 1450 Sed

665 1486 1184 1571 quandoquidem
1213 1486 1314 1549 vel
1343 1507 1678 1568 aegrorum
1710 1486 1900 1568 culpa
1922 1486 2255 1550 Medicum
2286 1508 2419 1551 non
2450 1488 2605 1550 satis
2634 1507 2866 1570 oppor-

665 1598 825 1654 tune
865 1589 1348 1666 accersentium,
1380 1589 1478 1651 vel
1507 1589 1707 1672 ipsius
1748 1588 1991 1652 Medici
2033 1589 2266 1654 minori
2298 1589 2427 1652 sive
2463 1589 2693 1672 peritia
2734 1590 2864 1653 sive

667 1691 934 1768 cautela,
967 1689 1279 1774 ejusmodi
1309 1689 1665 1754 accidentia
1694 1689 2057 1772 saepissime
2080 1690 2307 1756 oborta
2334 1699 2707 1769 cernuntur,
2728 1712 2863 1754 non

665 1793 1074 1877 gravabimur
1091 1792 1476 1876 peculiarem
1506 1791 1857 1856 eorundem
1888 1813 2109 1856 curam
2128 1794 2499 1858 summatim
2530 1794 2635 1858 hic
2664 1795 2862 1858 attin-

667 1918 817 1980 gere
839 1925 858 1975 3
903 1918 1126 1960 verum
1155 1897 1238 1960 ad
1268 1917 1344 1960 ea
1373 1903 1633 1960 tantum
1657 1901 2089 1978 symptomata
2118 1917 2220 1958 me
2250 1897 2655 1978 restringam,
2676 1919 2863 1980 quae,

662 2001 923 2064 tametsi
983 2019 1438 2081 saepenumero
1489 1997 1804 2081 praeverti
1862 1999 2209 2080 potuerint,
2258 1999 2449 2063 modo
2506 2000 2610 2063 via
2667 2007 2863 2083 atque

665 2102 890 2166 ordine
925 2100 1250 2184 praedicto
1291 2101 1431 2183 quis
1471 2121 1627 2164 usus
1656 2099 1903 2178 fuisset,
1936 2121 2084 2164 cum
2118 2093 2342 2164 tamen
2382 2102 2578 2165 semel
2616 2102 2861 2166 accide-

665 2203 818 2281 rint,
851 2203 1164 2266 diversam
1194 2201 1520 2284 quandam
1551 2201 1801 2284 sibique
1830 2203 2151 2285 propriam
2182 2225 2399 2266 curam
2432 2205 2785 2286 postulant.

361 2319 599 2364 Panem·
765 2305 928 2388 [42.]
1012 2308 1232 2389 Atque
1297 2305 1393 2386 (ut
1451 2304 1605 2366 hinc
1680 2303 1935 2386 ordiar,)
2000 2304 2055 2368 si
2119 2327 2327 2387 aeger,
2384 2306 2482 2370 vel
2557 2305 2863 2370 calidiora

359 2395 456 2428 ¹¹⁸·
669 2407 1134 2470 medicamenta
1196 2406 1408 2470 minus
1462 2425 1729 2490 propere
1790 2412 1982 2488 atque
2040 2406 2481 2490 intempestive
2526 2409 2859 2486 sumendO,

663 2512 762 2574 vel
803 2510 1006 2574 calido
1051 2510 1242 2573 nimis
1285 2515 1795 2592 temperamento
1838 2531 1957 2573 sua
1998 2517 2233 2575 natura
2274 2510 2498 2588 fretus,
2537 2510 2607 2575 in
2655 2510 2860 2575 Phre-

663 2612 934 2676 nitidem
977 2613 1306 2695 prolapsus
1351 2611 1584 2689 fuerit5
1646 2611 1744 2674 vel
1798 2611 1993 2694 (quod
2037 2612 2322 2695 proxime
2364 2613 2521 2677 illuc
2564 2614 2854 2694 accedit)

661 2715 716 2777 si
783 2735 918 2778 non
987 2716 1250 2779 omnino
1321 2712 1616 2790 dormiat,
1678 2734 1865 2795 saepe
1936 2714 2265 2793 exclamet,
2330 2721 2444 2777 aut
2512 2714 2860 2779 inconditis

659 2817 919 2882 vocibus
963 2824 1206 2893 utatur,
1239 2816 1292 2879 si
1335 2815 1520 2879 vultu
1564 2836 1639 2879 ac
1683 2814 1936 2897 loquela
1977 2816 2261 2894 ferociat,
2296 2817 2349 2880 si
2390 2817 2861 2881 medicamenta

659 2928 961 3003 potumve
1037 2939 1439 2983 communem
1511 2916 1692 2981 avide
1768 2925 1834 2982 et
1912 2919 2094 3001 quasi
2172 2919 2407 3003 raptim
2478 2919 2680 2998 bibat,
2758 2921 2859 2985 vel

359 3041 605 3089 Phrenitis
662 3023 938 3106 denique
974 3022 1226 3087 urinam
1267 3020 1502 3085 habeat
1543 3041 1982 3103 suppressam:
2030 3021 2100 3085 in
2142 3022 2265 3085 hoc
2310 3022 2593 3105 (inquam
2596 3024 2641 3103 ,)
2684 3044 2857 3101 casu,

357 3106 620 3217 Θζζιῑῗζῗξ
660 3125 1004 3190 liberaliori
1051 3145 1268 3204 manu,
1322 3144 1514 3207 quam
1567 3144 1760 3206 supra
1808 3123 2067 3203 indulsi,
2122 3126 2203 3189 ad
2256 3127 2857 3207 venae-sectionem,

357 3186 567 3281 {lractgn-
651 3230 984 3312 clystereS,
1033 3248 1106 3290 ac
1153 3226 1623 3290 medicamenta
1666 3225 2134 3308 refrigerantia,
2182 3248 2283 3291 me
2332 3229 2617 3311 accingo,
2664 3252 2859 3293 verno

357 3298 459 3345 ἀπ’
661 3339 948 3413 tempore
991 3327 1382 3412 praesertim,
1429 3350 1555 3411 quo
1608 3329 1800 3392 etiam
1856 3329 2031 3408 alias,
2076 3338 2503 3414 symptomate
2556 3332 2676 3396 hoc
2723 3353 2859 3397 non

662 3437 1025 3515 apparente,
1079 3431 1350 3514 juvenes
1409 3435 1603 3513 atque
1661 3438 1887 3513 vegeto
1946 3432 2153 3495 calore
2212 3434 2485 3516 praediti
2544 3435 2860 3516 ejusmodi

663 3535 900 3599 auxilia
929 3534 1066 3597 sine
1106 3533 1311 3597 multo
1355 3532 1723 3597 discrimine
1768 3533 2142 3599 admittunt.
2243 3535 2407 3618 [43.]
2464 3536 2683 3618 Atque
2712 3537 2856 3599 tali-

661 3636 786 3701 bus
824 3634 1119 3715 remediis
1160 3641 1371 3712 utens,
1413 3656 1677 3717 aegrum
1719 3656 1997 3719 eousque
2039 3637 2356 3700 sustinere
2394 3658 2611 3714 conor,
2655 3637 2858 3701 donec

662 3738 734 3801 in
765 3736 1252 3801 diuturnitatem
1287 3736 1565 3822 aliquam
1600 3737 1865 3801 affectus
1906 3744 2219 3816 excurrat,
2251 3759 2378 3821 quo
2406 3747 2695 3821 tempore
2724 3760 2859 3801 non

665 3839 1010 3903 admodum
1040 3838 1294 3903 difficile
1323 3839 1447 3903 erit
1487 3860 1635 3903 eum
1675 3846 1742 3903 et
1772 3860 1812 3902 a
1840 3839 2064 3905 morbo
2093 3848 2158 3904 et
2190 3862 2229 3903 a
2267 3848 2694 3924 symptomate
2724 3863 2858 3905 una

661 3942 1012 4025 eademque
1055 3962 1247 4025 opera
1287 3940 1596 4006 liberare:
1671 3940 1741 4005 id
1785 3942 1957 4025 quod
2000 3944 2111 4006 fiet
2155 3943 2553 4006 narcoticum
2598 3942 2859 4026 aliquod

362 4054 625 4168 Ῑῖαι-οἳὲῐοι
663 4045 1200 4109 medicamentum
1241 4045 1312 4107 in
1353 4044 1615 4127 largiori
1654 4045 1847 4127 paulo
1894 4045 2034 4109 dosi
2072 4045 2454 4111 exhibendo.
2547 4046 2856 4110 Quamvis

359 4134 502 4182 Vigen

721 4182 739 4213 ¹
771 4184 830 4231 In
852 4184 956 4232 edd.
979 4184 1076 4239 ’66,
1101 4182 1180 4230 ’68
1205 4181 1275 4244 (p.
1307 4181 1412 4243 41.)
1444 4188 1716 4244 sequuntur
1796 4183 1875 4230 ¹68
1905 4184 2055 4231 Sec-tio
2084 4186 2305 4233 Secunda.
2378 4185 2448 4231 De
2471 4185 2858 4245 Symptomatibus

661 4249 886 4309 plurima,
905 4262 1110 4309 quorum
1125 4247 1360 4309 quaedam
1384 4262 1546 4321 supra,
1563 4261 1712 4307 quae·
1796 4248 1964 4295 Febres
1990 4250 2239 4295 Continuat
2259 4252 2591 4297 comitantibus.

664 4313 774 4359 dam
793 4312 921 4359 infra
937 4312 1130 4367 dixisse,
1150 4310 1386 4373 quaedam
1403 4310 1612 4372 demque
1630 4325 1712 4372 pe—
1861 4308 1884 4339 ¹¹
1916 4314 2033 4358 hanc
2054 4312 2269 4375 Febrem]
2298 4316 2533 4361 continuas
2556 4314 2725 4361 Febr-es
2746 4312 2853 4359 edd.

662 4376 798 4423 nitus
815 4376 1034 4423 omisisse
1051 4376 1171 4422 mihi
1194 4374 1307 4436 Syd.
1319 4374 1523 4421 videtur.
1549 4374 1713 4421 Cunc-
1796 4376 1893 4433 ‘66,
1918 4377 2010 4424 '68.

662 4446 712 4485 ta
733 4441 790 4485 ad
815 4439 962 4501 hujus
980 4456 1082 4501 cap.
1106 4440 1252 4485 finem
1273 4438 1498 4499 relegavi.
1863 4436 1873 4467 ¹
1907 4438 2077 4501 eidem]
2104 4443 2261 4489 iisdem
2287 4440 2393 4488 edd.
2425 4442 2520 4497 ’66,
2544 4441 2637 4490 ⁸68.

727 4509 750 4539 Ξ
782 4504 1024 4549 ΜείΙιοάεω
1045 4503 1151 4565 1312]
1179 4502 1276 4550 Hic
1300 4504 1391 4550 inc.
1414 4502 1462 4549 in
1486 4502 1593 4549 edd.
1619 4503 1715 4559 ³66,
