3138 5006
734 288 1177 355 EPISTOLA
1222 288 1317 353 II.
1366 282 2026 353 RESPONSORIA.
2351 284 2480 349 323

282 452 454 537 [32]
510 452 599 517 In
624 448 729 515 his
755 451 905 515 licet
934 450 1195 516 Medico
1224 449 1489 515 concedi
1514 448 1736 533 possit,
1755 454 1852 526 ut,
1874 454 2217 531 postquam
2239 444 2322 511 ad
2344 442 2480 509 dies
2537 456 2622 505 Dr.
2650 456 2765 505 Lvr.

268 562 559 638 quatuor
584 554 687 618 vel
716 553 1001 637 quinque
1030 575 1070 617 a
1098 559 1420 637 postrema
1440 552 1822 615 inunctione
1844 551 2284 615 salivationem
2311 549 2476 613 frus·
2501 520 2778 571 vennam.

269 664 381 721 tra
426 656 853 741 praestolatus
910 655 1128 735 fuerit,
1180 653 1628 719 inunctionem
1671 654 1809 737 jam
1868 673 2054 736 saepe
2105 651 2364 729 dictam,
2410 656 2478 714 et

268 758 535 825 turbith
576 758 905 836 minerale,
953 757 1165 823 denuo
1211 763 1480 841 repetat,
1533 755 1909 839 (interjectis
1966 755 2140 819 inter
2191 754 2478 837 singulas

268 860 733 925 inunctionum
786 860 957 923 vices
1006 858 1232 926 diebus
1291 858 1580 941 aliquot,)
1630 856 1926 939 religiose
1983 865 2205 923 tamen
2257 877 2476 922 cavere

271 961 492 1040 debet,
522 984 626 1041 ne,
657 982 809 1025 cum
836 967 1024 1025 tanto
1054 960 1392 1024 conamine
1422 960 1862 1024 salivationem
1892 960 2216 1025 incassum
2247 960 2476 1025 sollici-

269 1064 528 1142 taverit,
560 1084 704 1128 eam
730 1084 847 1146 per
872 1063 1003 1126 vim
1030 1062 1271 1126 invitae
1298 1062 1592 1126 Naturae
1622 1070 2000 1147 extorquere
2027 1070 2276 1147 pergat.
2345 1060 2476 1127 Hic
2503 1066 2618 1116 Qua
2638 1080 2743 1113 me-

269 1166 499 1249 itaque
536 1165 765 1229 modus
802 1164 1145 1247 (quantum
1173 1185 1295 1247 ego
1326 1164 1569 1247 judicio
1600 1164 1819 1247 vale0,)
1855 1166 2116 1230 Medico
2153 1166 2476 1230 tenendus
2499 1130 2777 1257 ἓζᾶζοῗξζ.

270 1274 397 1346 est,
424 1273 524 1345 ut,
553 1266 670 1330 ubi
701 1266 986 1349 primum
1026 1266 1128 1330 vel
1166 1265 1501 1349 aegritudo
1543 1267 1884 1330 ventriculi
1923 1268 2026 1331 vel
2060 1270 2304 1333 ventris
2343 1277 2476 1332 tor·
2501 1260 2569 1308 ¹³⁸
2591 1274 2751 1307 “²¹¹⁸-

270 1369 459 1433 mina
496 1368 863 1445 succedant,
897 1368 1119 1431 statim
1158 1366 1281 1430 sibi
1309 1373 1627 1451 temperet
1659 1389 1697 1431 a
1729 1370 2031 1433 remediis
2077 1370 2475 1450 adhibendis,

270 1470 485 1535 donec
522 1492 603 1535 ea
643 1470 903 1553 penitus
937 1468 1315 1534 evanuerint
1361 1475 1831 1551 symptomata;
1875 1470 2170 1553 pluribus
2205 1472 2382 1535 enim
2411 1480 2478 1536 et

269 1570 650 1636 fortioribus
693 1568 991 1633 remediis
1042 1568 1127 1632 ad
1184 1568 1542 1652 cogendam
1589 1568 1845 1640 Φύσεώς
1887 1570 2432 1660 ἇντυπραττοὺσης
2447 1572 2478 1611 k

272 1671 719 1735 salivationem
769 1670 1206 1749 accumulatis,
1261 1669 1628 1754 dysenteria
1677 1680 1852 1737 certo
1902 1676 2138 1740 certius
2195 1678 2479 1741 tormina

270 1774 539 1853 ventris,
576 1779 643 1838 et
688 1773 1027 1837 ventriculi
1066 1773 1539 1855 aegritudinem
1581 1796 1775 1855 mors,
1807 1777 2097 1861 excipiet.
2188 1780 2358 1844 Cum
2401 1802 2480 1845 ex

272 1876 560 1956 adverso,
610 1876 667 1940 si
710 1877 884 1940 lente
931 1875 1194 1939 festinet
1254 1883 1320 1940 et
1379 1897 1592 1941 moras
1637 1878 1875 1958 trahat,
1923 1882 2226 1945 mercurii
2274 1880 2479 1947 dulcis

271 1980 651 2063 scrupulum
687 2000 897 2042 unum
941 1978 1139 2042 semel
1177 1985 1291 2042 aut
1324 1976 1425 2042 bis
1460 1980 1531 2042 in
1572 1981 1932 2063 septimana
1965 1984 2346 2062 exhibendo,
2378 1986 2480 2049 vel

270 2102 391 2165 per
422 2102 509 2159 se,
526 2080 627 2144 vel
654 2102 805 2146 cum
827 2080 1133 2145 drachma
1158 2103 1295 2145 una
1325 2082 1663 2147 diascordii
1684 2085 1739 2148 si
1768 2106 1959 2169 aeger
1986 2087 2057 2151 in
2076 2087 2480 2153 dim-rhoeam

268 2183 649 2269 propensior
678 2183 781 2263 sit,
811 2183 1082 2248 tandem
1109 2183 1453 2268 aliquando
1484 2204 1633 2248 cum
1661 2185 1848 2250 bonis
1879 2188 2054 2271 aegri
2081 2188 2274 2252 rebus
2309 2192 2352 2225 “
2366 2211 2476 2273 op-

270 2293 417 2353 tata
448 2287 735 2371 potietur
764 2308 963 2351 arena
976 2284 1057 2351 ¹.'’
1158 2286 1590 2352 Quantumvis
1621 2288 1796 2351 enim
1823 2290 2204 2374 ptyalismus
2233 2290 2318 2354 ad
2341 2290 2477 2375 ple-

269 2410 439 2455 num
483 2411 819 2472 nunquam
870 2396 1182 2471 assurget,
1230 2410 1421 2471 aeger
1464 2397 1688 2453 tamen
1745 2390 2059 2473 copiosius
2111 2413 2307 2475 quam
2353 2414 2474 2477 pro

268 2513 453 2556 more
482 2490 669 2556 solito
698 2498 953 2576 expuet,
984 2499 1049 2558 et
1078 2492 1304 2571 foetor,
1329 2492 1545 2576 justae
1576 2493 1966 2558 salivationis
1996 2515 2228 2576 comeS,
2259 2518 2473 2580 neque

268 2595 780 2660 imminutiorem
825 2595 995 2660 hanc
1030 2595 1373 2659 destituet:
1420 2594 1595 2659 unde
1634 2597 1948 2660 evincitur
1985 2599 2370 2680 sanguinem
2406 2607 2474 2664 et

267 2699 577 2764 humores
622 2721 764 2764 eam
810 2699 938 2763 sive
979 2697 1538 2781 putrefactionem,
1572 2698 1700 2761 sive
1751 2697 2218 2777 alterationem,
2256 2700 2472 2781 (quae-

269 2822 529 2884 cunque
559 2823 637 2866 ea
664 2801 927 2865 demum
962 2801 1091 2884 sit,)
1127 2799 1438 2881 attigisse,
1472 2819 1637 2880 quae
1668 2799 1770 2861 vel
1812 2799 1982 2881 parit
2012 2798 2472 2878 salivationem,

267 2904 375 2970 vel
423 2925 575 2969 cum
624 2925 701 2968 ea
744 2903 1051 2968 nascitur.
1140 2902 1361 2983 Atque
1418 2897 1541 2962 hac
1591 2896 1897 2961 methodo
1938 2898 2236 2961 universa
2277 2899 2472 2981 hujus

268 3004 482 3069 morbi
520 3011 955 3089 symptomata
990 3001 1257 3068 tandem
1296 2998 1714 3084 expugnabis,
1752 3019 2054 3063 concesso
2092 2999 2318 3080 utique
2363 2997 2473 3062 de-

268 3103 413 3169 bito
440 3105 745 3190 temporis
774 3106 1001 3189 spatio·

371 3207 537 3291 [33]
596 3206 1085 3272 Observandum
1107 3214 1205 3271 est
1228 3213 1466 3286 autem,
1493 3202 1686 3290 quod,
1710 3205 1859 3269 licet
1883 3200 2168 3268 salivatio
2185 3201 2472 3266 remedia

270 3311 417 3390 alia,
449 3311 917 3394 qualiacunque
956 3331 1035 3373 ea
1074 3310 1337 3388 fuerint,
1367 3309 1439 3372 in
1484 3307 1864 3391 extirpanda
1905 3306 2045 3370 Lue
2093 3305 2473 3369 confirmata

267 3415 465 3498 longe
505 3421 829 3498 exuperet,
864 3412 1349 3476 Gonorrhoeam
1376 3417 1601 3474 tamen
1630 3430 1780 3472 cum
1808 3408 1950 3471 Lue
1979 3415 2470 3472 concurrentem

266 3517 654 3601 neutiquam
694 3516 863 3580 valet
908 3536 1171 3593 nanare;
1221 3534 1343 3577 nec
1390 3513 1652 3576 sistetur
1693 3510 1822 3587 illa,
1868 3508 1988 3572 hac
2027 3511 2168 3593 jam
2209 3509 2468 3592 penitus

268 3620 543 3686 devicta.
632 3618 825 3683 Unde
870 3625 1045 3682 recte
1076 3615 1415 3698 colligitur,
1446 3613 1696 3677 nullam
1735 3610 1863 3674 vim
1903 3611 2261 3693 specificam
2298 3631 2468 3674 mer-
2499 3617 2777 3696 Mercurius

266 3721 449 3786 curio
494 3721 721 3798 inesse,
755 3741 882 3804 qua
914 3719 1210 3783 Venerea
1255 3717 1427 3781 Lues
1470 3714 1839 3780 immediate
1884 3711 2188 3778 debellari
2227 3714 2466 3797 possit3
2496 3683 2775 3811 ffissfflss'm„

266 3821 627 3907 quamlibet
666 3821 1013 3904 specificam
1052 3821 1385 3884 mediatum
1421 3818 1589 3882 forte
1624 3817 1750 3880 dici
1779 3823 2123 3896 mereatur,
2153 3815 2224 3878 in
2265 3838 2466 3900 quan-
2493 3812 2766 3861 mediatim

264 3933 417 3992 tum
444 3924 772 3988 mediante
798 3923 1140 4008 ptyalismo
1179 3920 1479 3986 morbum
1514 3918 1824 4000 expellat,
1869 3916 2010 4000 pari
2035 3916 2237 3979 ferme
2273 3939 2470 3978 κατα-

264 4025 505 4114 χρήσει
551 4027 749 4110 (quod
792 4026 947 4090 alias
1016 4025 1299 4109 [Ob-serv.
1348 4021 1523 4085 Med.
1569 4020 1780 4084 Praef.
1832 4019 1956 4084 Ed.
2008 4017 2183 4080 Tert.
2233 4018 2270 4099 ξ
2315 4015 2452 4099 23.]

264 4126 623 4209 subinnui)
657 4134 851 4211 atque
881 4125 1253 4209 scalpellum
1280 4121 1714 4205 chirurgicum
1740 4119 1990 4184 laterali
2017 4117 2243 4182 morbo
2269 4119 2470 4198 speci-

247 4229 451 4314 ficum
482 4237 675 4313 queat
705 4228 1027 4330 appellari.
1129 4226 1293 4311 [34]
1352 4225 1481 4290 Sed
1507 4230 1585 4287 ut
1614 4223 1699 4287 ad
1717 4223 1857 4286 rem
1875 4219 2172 4286 redeam:
2217 4218 2470 4302 quoties

330 4419 357 4453 ¹²
389 4422 468 4472 Cf.
488 4424 671 4472 observ.
692 4423 816 4470 Med.
831 4422 899 4470 iii.
926 4424 971 4471 2.
997 4422 1084 4470 64:
1108 4437 1155 4469 v.
1172 4421 1323 4475 2.16;
1481 4415 1495 4448 ¹
1527 4419 1558 4444 ‘⁸
1580 4417 1763 4480 Optata
1787 4415 1940 4463 Troe's
1971 4414 2226 4479 potiuntur
2269 4417 2462 4464 πεπυ·

264 4489 469 4536 Deum.
492 4489 643 4550 Epist.
670 4490 694 4549 ς
723 4487 831 4537 107.
1418 4481 1577 4544 (virg.
1603 4483 1718 4530 Aen.
1743 4479 1774 4528 i.
1804 4479 1936 4540 172.)
