3138 5006
362 448 448 499 De
473 450 628 498 Μοι-

373 526 457 561 nn
483 514 609 563 Er!-

373 590 610 627 nameus.

649 278 738 341 36
1257 278 1649 345 ΤΗΟΜΑΕ
1698 282 2213 347 SYDENHAM

652 458 826 504 anno
855 448 966 505 aut
1011 449 1186 507 certa
1221 442 1440 527 aliqua
1473 465 1792 508 annorum
1837 444 1999 509 serie
2038 443 2327 528 ejusdem
2372 448 2527 505 sunt
2574 436 2865 523 generis,

653 561 828 607 anno
857 542 982 608 alio
1011 544 1219 628 specie
1255 545 1336 609 ab
1377 546 1518 610 aliis
1563 548 1671 611 alii
1702 547 2195 630 distinguuntur
2210 548 2240 609 ¹?
2308 545 2515 610 Nulla
2540 543 2647 606 hic
2690 539 2867 605 mihi

655 667 946 729 unquam
988 648 1333 712 methodus
1363 670 1564 732 aeque
1610 649 1947 714 commoda
1974 656 2075 714 est
2104 649 2240 713 visa
2278 655 2474 731 atque
2510 646 2627 710 illa
2669 662 2865 727 quae,

653 768 770 832 per
797 749 1222 814 sufficientem
1251 771 1571 815 annorum
1601 772 1947 817 numerum
1974 757 2298 835 protensa,
2330 750 2553 814 eodem
2580 748 2724 810 illos
2753 766 2867 810 or-

657 850 810 915 dine
839 851 1226 917 describeret
1249 875 1377 936 quo
1406 874 1474 918 se
1503 855 1781 919 invicem
1802 854 2206 939 excipiebant
2228 862 2295 917 et
2322 850 2865 935 insequebantur.

659 952 854 1019 Quod
891 962 968 1018 ut
1007 956 1145 1038 jam
1183 977 1300 1039 pro
1336 978 1480 1022 meo
1519 958 1785 1022 modulo
1821 958 2111 1035 efficiam,
2146 956 2506 1019 Historiam
2544 959 2611 1017 et
2652 952 2863 1015 Cura—

658 1057 869 1121 tiones
887 1058 1408 1141 Epidemicorum
1429 1060 1541 1142 qui
1563 1060 1647 1125 ab
1676 1082 1849 1124 anno
1876 1061 2039 1123 1661
2068 1060 2150 1123 ad
2181 1080 2427 1123 annum
2456 1076 2659 1139 usque
2684 1054 2865 1119 1676

664 1161 801 1242 (per
844 1160 1211 1242 quindecim
1240 1161 1534 1226 videlicet
1563 1183 1886 1227 annorum
1915 1162 2240 1246 spatium,)
2275 1158 2861 1245 depopulabantur,

659 1282 740 1325 ex
779 1262 1420 1342 accuratissimarum,
1452 1286 1611 1349 quas
1654 1264 1816 1329 mihi
1854 1266 2063 1329 facere
2100 1264 2304 1341 licuit,
2333 1260 2865 1328 observationum

659 1365 789 1430 fide
817 1365 959 1429 orbi
987 1366 1241 1431 erudito
1279 1368 1575 1433 tradam:
1620 1389 1771 1432 cum
1816 1368 1979 1431 mihi
2020 1366 2413 1451 impossibile
2454 1365 2647 1449 plane
2682 1360 2865 1427 vide-

661 1474 812 1531 atur
831 1468 1133 1533 effectum
1161 1468 1231 1532 id
1260 1470 1429 1548 dare,
1453 1470 1554 1533 vel
1576 1490 1797 1533 causas
1816 1469 2167 1533 eorundem
2186 1474 2445 1532 exortus
2468 1462 2865 1547 assignando

663 1588 704 1635 a
745 1570 1103 1636 manifestis
1154 1571 1318 1635 aeris
1361 1570 1782 1654 qualitatibus
1826 1571 2218 1656 desumptas,
2262 1570 2362 1634 vel
2406 1568 2615 1632 multo
2658 1565 2865 1631 etiam

662 1674 880 1737 minus
919 1694 958 1737 a
991 1674 1364 1757 particulari
1407 1673 1623 1757 aliqua
1666 1674 1989 1757 dyscrasia
2029 1674 2102 1737 in
2146 1672 2462 1756 sanguine
2506 1676 2701 1753 atque
2734 1668 2867 1731 hu·-

663 1775 971 1856 moribus,
991 1776 1127 1840 nisi
1155 1774 1228 1840 in
1257 1782 1575 1859 quantum
1604 1782 1885 1840 secretae
1915 1776 2082 1841 aeris
2118 1774 2495 1839 influentiae
2524 1773 2637 1836 illa
2664 1771 2865 1835 debe-

664 1887 866 1943 retur.
955 1880 1134 1945 Quin
1168 1887 1235 1945 et
1278 1880 1484 1963 magis
1527 1880 1738 1944 adhuc
1783 1880 1861 1963 (si
1893 1881 1990 1944 fas
2026 1888 2126 1943 est
2169 1880 2421 1960 dicere‚)
2466 1875 2865 1960 impossibile

665 1982 861 2046 fuerit
880 1984 1199 2047 variorum
1219 1982 1739 2066 Epidemicorum
1770 1982 2012 2066 species
2042 1980 2316 2061 tradere,
2341 1980 2452 2065 qui
2482 2000 2521 2043 a
2550 1977 2863 2062 specificis

667 2084 836 2148 aeris
857 2083 1343 2149 alterationibus
1371 2086 1689 2163 oriuntur,
1714 2084 2125 2168 quantumvis
2152 2085 2223 2148 in
2240 2083 2503 2167 proclivi
2530 2081 2693 2145 illud
2720 2100 2863 2144 esse

665 2186 978 2265 videatur,
1019 2186 1160 2249 istis
1201 2186 1497 2251 videlicet
1540 2188 1651 2270 qui
1672 2186 1951 2269 febrium
1993 2188 2263 2251 nomina
2306 2192 2592 2250 attexere
2636 2182 2862 2247 norint

664 2289 1060 2368 notionibus,
1111 2290 1184 2353 in
1241 2290 1676 2374 speculatione
1727 2289 2001 2356 istarum
2052 2288 2509 2354 alterationum
2568 2308 2731 2371 quae
2786 2286 2863 2349 in

669 2392 985 2475 sauguine
1027 2393 1314 2457 humano
1361 2400 1554 2477 atque
1614 2394 1752 2477 ejus
1811 2392 2189 2458 humoribus
2238 2413 2353 2477 per
2394 2392 2564 2454 hanc
2604 2390 2863 2453 illamve

667 2494 1128 2578 principiorum
1179 2494 1742 2579 degenerationem
1802 2496 1940 2560 fieri
1990 2501 2281 2580 possunt,
2332 2493 2503 2558 male
2552 2490 2860 2556 fundatis.

670 2597 819 2662 Quo
863 2597 1124 2680 quidem
1165 2604 1374 2682 pact0,
1403 2619 1554 2662 cum
1598 2619 1733 2663 non
1777 2597 2102 2662 Naturam
2146 2617 2509 2682 sequamur,
2550 2593 2865 2677 optimam

669 2717 922 2782 semper
979 2699 1228 2778 ducem,
1282 2699 1395 2764 sed
1451 2699 1859 2784 conjectandi
1914 2699 2170 2764 libidini
2228 2698 2699 2781 indulgeamus,
2758 2702 2866 2759 tot

668 2801 857 2866 nobis
899 2808 1093 2866 erunt
1143 2799 1516 2866 morborum
1569 2802 1810 2886 species
1862 2808 2019 2886 quot
2063 2800 2460 2866 comminisci
2509 2797 2865 2882 placuerit:

669 2923 815 2968 eam
857 2903 1045 2968 nobis
1087 2903 1350 2968 interim
1395 2925 1768 2986 arrogamus
1810 2903 2158 2982 licentiam,
2206 2923 2401 2986 quam
2443 2921 2637 2964 nemo
2674 2899 2867 2963 facile

670 3003 973 3071 botanico
1002 3006 1406 3085 concesserit,
1431 3026 1470 3069 a
1500 3027 1629 3090 quo
1656 3007 1728 3070 in
1757 3005 2177 3070 describenda
2208 3005 2575 3088 plantarum
2596 3002 2871 3065 historia

673 3129 980 3172 sensuum
999 3109 1384 3190 requirimus
1413 3109 1877 3187 testimonium,
1898 3129 1973 3172 ac
2001 3107 2217 3184 fidem,-
2234 3127 2369 3170 non
2396 3105 2663 3169 rationis
2691 3125 2867 3169 com-

673 3209 1162 3286 mentationem,
1222 3209 1698 3292 quantumlibet
1756 3209 1883 3273 ista
1936 3210 2175 3293 polleat
2234 3215 2430 3291 atque
2482 3208 2622 3270 aliis
2672 3208 2869 3289 longe

673 3311 1036 3374 antecellat.

771 3411 936 3495 [23]
993 3409 1194 3476 Haud
1221 3413 1519 3497 equidem
1547 3421 1808 3478 tantum
1838 3415 1997 3478 mihi
2018 3436 2223 3492 sumo,
2242 3421 2320 3478 ut
2348 3434 2452 3476 me
2480 3413 2550 3476 in
2572 3411 2673 3475 his
2704 3431 2871 3495 quae

667 3515 804 3598 jam
833 3513 1020 3579 trado
1048 3536 1306 3580 omnem
1337 3516 1679 3581 absolvisse
1706 3537 2054 3581 numerum
2082 3515 2464 3591 existimem,
2488 3514 2654 3578 forte
2683 3533 2767 3576 ne
2794 3513 2871 3576 in

673 3616 1071 3681 recensenda
1118 3619 1378 3700 quidem
1426 3619 1727 3683 universa
1768 3618 2289 3702 Epidemicorum
2334 3617 2613 3693 familia3
2658 3615 2873 3678 multo

674 3720 890 3784 minus
931 3721 1006 3784 in
1048 3741 1155 3784 me
1200 3722 1456 3804 recipio,
1485 3729 1564 3785 ut
1595 3722 1706 3805 qui
1748 3721 1959 3785 morbi
2000 3721 2251 3806 elapsis,
2284 3721 2365 3784 de
2411 3719 2645 3804 quibus
2681 3717 2873 3782 nobis

676 3843 885 3886 sermo
929 3829 1028 3888 est
1067 3823 1272 3902 annis,
1313 3823 1538 3888 ordine
1576 3823 1749 3887 infra
1786 3823 2057 3888 dicendo
2088 3845 2156 3888 se
2187 3829 2419 3888 mutuo
2458 3828 2871 3904 exceperunt,

673 3923 963 3989 venturis
1003 3925 1270 3989 saeculis
1311 3926 1591 3990 eundem
1628 3932 1939 4010 perpetuo
1982 3926 2389 3990 servaverint.
2480 3925 2706 3988 Unum
2746 3924 2873 3988 hoc

675 4027 924 4106 molior,
952 4033 1050 4104 ut,
1081 4049 1207 4110 quo
1249 4035 1439 4110 pacto
1483 4028 1643 4093 haec
1686 4049 1755 4092 se
1804 4049 1906 4092 res
1949 4029 2178 4094 habuit
2222 4049 2446 4112 nuper,
2478 4027 2871 4110 astipulante

675 4151 1030 4214 paucorum
1074 4131 1316 4212 aliquot
1356 4150 1677 4194 annorum
1716 4129 2178 4209 observatione,
2222 4151 2536 4207 enarrem,
2567 4128 2743 4212 quod
2786 4127 2873 4192 ad

676 4233 794 4296 has
823 4233 1066 4297 scilicet
1094 4231 1386 4314 regiones
1416 4239 1663 4315 spectat
1693 4238 1759 4296 et
1788 4231 1958 4296 hanc
1985 4234 2058 4296 in
2094 4255 2226 4316 qua
2254 4232 2547 4315 degimus
2580 4230 2867 4307 Urbem3

677 4342 754 4398 ut
783 4357 1022 4414 meum,
1055 4333 1242 4419 quale
1265 4333 1450 4416 quale
1479 4333 1584 4412 sit,
1609 4333 1972 4418 symbolum
1996 4335 2321 4398 conferam
2350 4333 2432 4398 ad
2457 4353 2616 4416 opus
2645 4331 2869 4396 incho-

679 4436 943 4516 andum,
997 4437 1169 4520 quod
1231 4435 1310 4519 (si
1353 4435 1510 4521 quid
1561 4456 1681 4517 ego
1725 4435 2077 4521 judicando
2126 4436 2348 4518 vale0,)
2396 4436 2471 4499 in
2516 4433 2869 4498 maximum
