3138 5006
350 526 588 561 AAAAAAA

314 2310 397 2341 sec

316 2374 375 2421 ΡΙ·
376 2359 522 2421 ΡΟΠΠ

319 2423 495 2483 cujusi
436 2423 495 2471 sli
498 2424 579 2472 bct

321 2486 388 2534 Fe
392 2486 489 2535 bris

319 2567 375 2612 Υ
378 2560 536 2614 mPt

314 3327 465 3388 Aegri
489 3328 560 3375 siv

312 3392 501 3502 siudatio

383 3455 572 3504 scicci-

638 278 770 340 236
1254 280 1646 345 THOMAE
1695 280 2213 346 SYDENHAM

641 543 929 625 proprios
988 564 1061 608 ac
1116 543 1469 628 peculiares
1528 545 1924 629 apertissime
1981 550 2354 628 agnoscent.
2461 542 2584 626 [4.]
2637 516 2858 605 Verbi*

448 642 609 651 Q
641 646 868 727 gratia,
900 648 1011 730 qui
1055 649 1322 713 variolas
1364 649 1734 732 inspexerit,
1768 648 1954 713 facile
1995 646 2404 731 conjectabit,
2439 645 2657 729 (modo
2701 642 2844 727 ejus

638 747 847 812 morbi
878 749 1215 815 historiam
1252 751 1451 835 probe
1488 752 1760 835 calleat,)
1793 751 1894 815 vel
1933 772 1974 815 a
1999 750 2106 815 die
2135 771 2264 833 quo
2305 750 2588 833 primum
2625 768 2842 811 erum-

636 857 804 933 punt
846 852 1161 935 pustulae,
1190 854 1293 917 vel
1335 854 1417 918 ab
1454 874 1678 918 earum
1715 853 2166 937 magnitudine
2208 862 2402 936 atque
2431 851 2660 928 colore,
2691 856 2842 926 etc„

638 953 721 1016 ad
766 955 1089 1035 quodnam
1116 956 1499 1021 variolarum
1530 978 1736 1039 genus
1779 956 2020 1039 species
2063 956 2174 1019 illa
2209 952 2612 1039 particularis
2641 951 2844 1015 flierit

634 1056 1003 1123 referenda:
1050 1066 1245 1143 atque
1272 1058 1387 1123 ubi
1416 1059 1614 1124 semel
1641 1059 2010 1143 cognoverit
2033 1078 2352 1141 quaenam
2379 1056 2466 1120 sit
2491 1056 2606 1119 illa
2631 1054 2842 1119 vario-

636 1157 845 1221 larum
884 1160 1124 1243 species
1164 1180 1329 1246 quae
1372 1183 1449 1227 eo
1478 1183 1652 1227 anno
1691 1170 1886 1245 atque
1911 1182 2028 1245 per
2069 1161 2213 1225 loca
2239 1160 2366 1223 ista
2401 1157 2840 1235 increbrescit,

638 1261 791 1324 satis
830 1262 925 1325 illi
968 1264 1289 1328 constabit
1328 1264 1411 1331 de
1454 1265 1664 1348 specie
1692 1264 1916 1329 Febris
1945 1262 2227 1349 cujusvis
2261 1282 2379 1345 per
2416 1261 2486 1325 id
2527 1259 2840 1343 temporis

636 1368 829 1445 atque
858 1385 935 1429 co
962 1365 1249 1429 locorum
1279 1367 1647 1449 grassantis.
1738 1366 1828 1429 Et
1855 1386 2012 1431 sane
2041 1366 2096 1430 si
2128 1364 2504 1429 morborum
2537 1362 2838 1427 historias

635 1464 716 1529 ad
758 1486 1048 1550 unguem
1090 1467 1587 1551 perdidicissem,
1635 1470 1852 1553 (quam
1895 1490 2016 1551 ego
2057 1468 2222 1532 mihi
2263 1466 2523 1531 laudem
2565 1466 2840 1530 minime

632 1572 861 1651 sumo,)
896 1570 1102 1649 sicuti,
1133 1570 1505 1655 Epidemico
1534 1570 1755 1655 quovis
1791 1578 2151 1655 conspecto,
2182 1591 2318 1634 non
2346 1568 2712 1634 dubitarem
2755 1567 2839 1632 de

632 1670 854 1735 Febris
874 1680 1017 1735 tum
1045 1674 1377 1757 regnantis
1408 1694 1643 1757 genere
1671 1674 2114 1758 pronunciare,
2137 1673 2288 1737 licet
2316 1694 2402 1737 ne
2430 1694 2632 1735 unam
2659 1670 2836 1735 vide-

628 1772 753 1835 rim
777 1773 1056 1858 quidem,
1078 1775 1173 1840 ita
1194 1776 1417 1841 Febris
1446 1776 1766 1861 quaelibet
1797 1783 2157 1860 conspecta,
2189 1775 2486 1858 quisnam
2515 1774 2578 1837 ei
2596 1774 2834 1857 junge·

626 1882 809 1940 retur
824 1876 1085 1941 morbus
1107 1878 1536 1961 Epidemicus,
1560 1900 1666 1943 me
1689 1878 1844 1943 satis
1867 1879 2142 1956 doceret,
2167 1900 2253 1941 an
2273 1876 2548 1940 variolae
2569 1876 2834 1955 scilicet,

626 1977 726 2039 vel
762 1978 1059 2059 morbilli,
1096 1981 1196 2044 vel
1234 1980 1617 2065 dysenteria,
1649 1987 1812 2058 etc.;
1855 2000 2006 2043 cum
2033 1986 2171 2043 tam
2213 1977 2534 2062 peculiare
2573 1976 2834 2060 aliquod

624 2078 857 2143 horum
888 2102 1111 2163 genus,
1144 2104 1337 2166 quam
1366 2082 1588 2148 Febris
1617 2082 1972 2166 peculiaris,
1995 2080 2447 2165 particularem
2475 2078 2832 2163 quamlibet

627 2180 1173 2248 constitutionem
1195 2185 1442 2269 jugiter
1468 2184 1834 2250 comitetur.

400 2310 433 2341 u
500 2311 531 2343 ο
550 2312 580 2344 a
714 2280 841 2367 [5.]
884 2284 1179 2350 Secundo
1196 2294 1434 2366 autem,
1453 2295 1709 2370 praeter
1730 2287 1970 2351 indicia
1985 2286 2100 2349 illa
2121 2306 2286 2368 quae
2305 2284 2828 2370 Epidemicorum

622 2405 759 2449 una
794 2386 1239 2452 invadentium
1277 2390 1702 2455 consideratio
1741 2390 1928 2454 nobis
1969 2395 2292 2473 suggeret,
2323 2396 2389 2451 et
2434 2388 2573 2471 ipsa
2613 2388 2828 2471 cujus-

620 2489 779 2556 libet
808 2492 1031 2558 Febris
1075 2500 1507 2580 symptomata
1549 2496 1631 2561 ad
1677 2496 1964 2580 ejusdem
2009 2494 2286 2579 speciem
2323 2492 2829 2577 dignoscendam

620 2591 797 2659 haud
826 2595 1163 2661 obscuram
1192 2598 1401 2662 lucem
1430 2599 1865 2663 foenerantur.
1957 2597 2330 2664 Quamlibet
2375 2596 2552 2660 enim
2579 2593 2688 2681 (ut
2715 2619 2828 2661 su-

622 2715 737 2776 pra
764 2696 1139 2780 innuimus,)
1176 2698 1412 2763 Febres
1456 2699 1527 2762 in
1563 2699 1940 2763 universum
1977 2720 2203 2763 omnes
2235 2697 2550 2783 quaedam
2579 2697 2826 2763 habent

621 2805 1050 2882 symptomata
1070 2799 1371 2864 omnibus
1400 2801 1788 2880 communia,
1811 2807 1966 2865 sunt
1994 2808 2219 2864 tamen
2245 2809 2314 2865 et
2329 2807 2542 2866 certae
2571 2801 2826 2884 aliquae

619 2898 1048 2968 distinctionis
1076 2911 1287 2983 notae,
1310 2923 1468 2988 quas
1488 2903 1762 2988 singulis
1791 2903 2122 2987 speciebus
2141 2903 2468 2987 sigillatim
2495 2904 2823 2987 impressit

617 3004 908 3084 Natura3
956 3029 1119 3090 quae
1158 3029 1308 3072 cum
1338 3007 1703 3072 subtiliores
1741 3007 1872 3071 sint
1903 3027 1977 3070 ac
2019 3007 2226 3090 magis
2266 3007 2654 3086 reconditae,
2685 3028 2820 3071 non

617 3108 742 3170 nisi
772 3131 811 3172 a
838 3111 1241 3189 cautissimis,
1272 3118 1338 3175 et
1366 3111 1804 3175 minutissima
1832 3131 2121 3194 quaeque
2147 3110 2600 3194 pensiculatim
2627 3112 2820 3175 truti-

616 3209 944 3289 nantibus,
975 3212 1113 3276 erui
1157 3211 1365 3276 solent
1406 3220 1519 3276 aut
1556 3213 1950 3296 investigari.
2041 3213 2229 3278 Inter
2265 3213 2426 3278 haec
2469 3213 2656 3296 signa
2690 3213 2818 3277 dis·

564 3310 981 3392 otinguentia
1024 3335 1272 3396 semper
1298 3315 1656 3379 existimavi
1687 3337 1824 3400 ego,
1855 3317 2032 3400 aegri
2071 3317 2201 3380 sive
2230 3316 2657 3395 sudationem,
2687 3317 2822 3381 sive

576 3412 986 3494 siccitatem,
1008 3417 1079 3479 in
1107 3417 1231 3481 hoc
1252 3417 1355 3481 vel
1382 3415 1491 3481 illo
1514 3418 1723 3482 morbi
1753 3427 2060 3502 tempore,
2085 3419 2307 3484 Febris
2330 3421 2608 3502 speciem
2633 3441 2818 3503 prae-

311 3527 401 3575 tu,
424 3520 477 3568 in
498 3519 591 3568 hoc
616 3515 801 3597 cipue
844 3523 911 3580 et
954 3539 1107 3601 prae
1148 3520 1419 3584 caeteris
1452 3518 1914 3600 demonstrare,
1954 3520 2146 3586 modo
2180 3522 2294 3584 illa
2331 3542 2373 3584 a
2406 3528 2584 3586 statu
2623 3529 2818 3585 natu-

310 3583 493 3632 velioll

306 3663 412 3696 mor
387 3649 591 3696 rie-btm

308 3727 395 3774 por
396 3713 549 3770 e,Fe-

308 3777 407 3824 bris
384 3792 537 3839 sspe·

334 3857 566 3918 lemprae

616 3619 735 3681 rali
766 3639 839 3682 ac
861 3641 996 3698 suo,
1020 3623 1325 3686 methodo
1354 3624 1572 3688 minus
1601 3645 1888 3707 congrua
1904 3645 2041 3688 non
2069 3625 2263 3690 fuerit
2293 3624 2576 3709 dejecta.
2621 3633 2818 3710 atque

616 3719 738 3784 hoc
778 3721 992 3803 ipsum
1034 3722 1277 3807 liquido
1319 3725 1481 3788 mihi
1518 3725 1901 3790 constabat
1883 3748 1954 3789 m
1983 3726 2296 3791 Febribus
2329 3727 2634 3794 omnibus
2659 3729 2816 3812 Epi-

617 3821 899 3901 demicis,
948 3832 1260 3907 quotquot
1301 3825 1769 3892 Observationes
1812 3829 1936 3893 hae
1977 3837 2235 3894 nostrae
2278 3831 2595 3896 hactenus
2639 3853 2814 3898 com-

302 3857 595 4022 kgoeane-
617 3923 1006 4006 plectuntur
1106 3925 1227 4009 [6.]
1282 3927 1578 4011 Exempli
1617 3930 1841 4012 gratia,
1871 3930 1948 3992 iis
1991 3932 2061 3994 in
2092 3931 2404 3998 Febribus
2443 3956 2608 4018 quae
2639 3935 2816 4018 vige-

612 4027 773 4091 bant
792 4028 1225 4092 exolescentess
1242 4030 1830 4096 Intermittentium
1837 4033 2332 4099 Autumnalium
2353 4036 2812 4120 praedominio,

612 4129 787 4212 aegri
816 4137 1083 4194 externa
1110 4131 1502 4210 arescebant,
1532 4154 1656 4197 nec
1682 4133 1782 4198 vel
1802 4134 2070 4201 minima
2101 4135 2350 4203 sudoris
2377 4141 2812 4224 praesignatio

606 4240 763 4296 ante
798 4235 1107 4298 materiae
1136 4234 1407 4298 Febrilis
1434 4237 1916 4302 concoctionem
1951 4239 2140 4322 (quae
2169 4239 2273 4304 die
2301 4240 2550 4306 decimo
2581 4252 2812 4324 quarto

604 4331 981 4416 plerumque
1031 4335 1519 4418 perficiebatur,)
1576 4336 1648 4399 in
1697 4346 2112 4423 conspectum
2171 4363 2238 4406 se
2289 4343 2522 4422 dabat;
2597 4365 2810 4427 neque

1308 4461 1331 4491 ¹
1365 4465 1663 4529 exolescente]
1691 4469 1884 4518 durante
1908 4469 1979 4518 ed.
2007 4470 2102 4520 ⁹⁷6.
