3138 5006
848 275 1363 340 PROCESSUS
1411 275 1818 341 INTEGRI.
2302 281 2430 344 581

229 438 388 502 Post
446 437 722 521 primam
771 438 1225 521 purgationem
1278 439 1636 523 applicetur
1685 440 2106 523 emplastrum
2158 461 2432 525 sequens
2556 455 2641 504 Da

228 543 481 628 regioni
507 542 912 606 lumborum.
898 568 1004 590 ·-
2459 520 2726 634 Mffiffi‘ssu

232 679 435 742 [Form.
459 677 653 741 201.]r
698 674 763 755 R
804 677 1094 748 Emplastri
1120 676 1185 730 de
1209 675 1405 742 Minio,
2468 663 2737 698 'mmmm

793 763 1135 834 [Emplastri]
1159 765 1230 818 ad
1255 765 1537 831 Herniam,
1560 783 1666 821 ana
1687 773 1861 838 partes
1883 767 2162 836 aequales3

510 853 887 906 Extendantur
919 869 1074 922 super
1108 852 1337 906 alutam:
1374 854 1469 908 fiat
1492 857 1834 926 emplastrum
1878 858 2083 928 regioni
2128 857 2432 910 lumborum

510 939 915 995 admovendum.

1035 1188 1232 1253 CAP.
1280 1189 1636 1254 ΧΧἾῙῙΙΙ.ι

964 1350 1063 1413 De
1099 1351 1305 1413 Colica
1333 1351 1685 1433 Hysterica.

315 1487 446 1550 Esr
476 1484 717 1568 species
748 1484 1081 1569 quaedam,
1114 1507 1229 1549 seu
1255 1486 1471 1569 potius
1509 1486 1768 1570 insigne
1799 1508 1874 1552 ac
1901 1489 2085 1554 valde
2114 1489 2434 1555 usitatum

233 1590 608 1654 Affectionis
658 1589 1037 1672 Hystericae
1082 1596 1462 1673 symptoma,
1509 1589 1616 1652 cui
1665 1590 1966 1654 comitem
2019 1611 2089 1655 se
2133 1591 2432 1676 adjungit

234 1693 409 1756 dolor
438 1692 606 1756 circa
632 1689 1061 1754 scrobiculum
1101 1691 1307 1755 cordis
1348 1691 1806 1773 atrocissimae,
1836 1693 1936 1758 uti
1975 1695 2172 1759 etiam
2201 1695 2431 1761 humo-

233 1818 377 1861 rum
402 1796 591 1861 viridi
618 1796 828 1860 colore
857 1816 973 1879 per
1000 1795 1417 1859 vomitionem
1447 1797 1698 1880 ejectio.

327 1900 449 1985 [2.]
504 1899 743 1977 Primo,
790 1919 917 1982 quo
961 1897 1228 1961 saburra
1269 1897 1646 1961 vitiosorum
1689 1899 2036 1962 humorum
2077 1899 2150 1962 in
2191 1900 2432 1964 ventri·
2460 1913 2726 1961 cunano.

235 2004 377 2068 culo
406 2008 859 2067 contentorum
898 2000 1115 2064 minus
1152 1997 1463 2081 impediat
1499 1998 1852 2082 paregorici
1882 1999 2248 2078 efficaciam,
2281 2001 2434 2064 satis

234 2128 471 2189 magna
497 2104 826 2189 quantitas
854 2103 1119 2188 liquoris
1147 2101 1444 2185 possetici
1474 2101 1722 2166 affatim
1749 2101 2208 2186 ingurgitetur,
2241 2111 2437 2188 atque

232 2211 465 2274 iterum
513 2229 629 2292 per
676 2206 1092 2271 vomitionem
1141 2201 1480 2289 rejiciatur,
1535 2201 1770 2286 nempe
1827 2203 2116 2286 ejusdem
2168 2203 2434 2287 liquoris

238 2309 748 2396 sesquicongius3
824 2329 950 2393 quo
1007 2313 1285 2391 peracto,
1331 2305 1597 2370 laudaui
1645 2305 1875 2390 liquidi
1926 2313 2154 2389 guttae
2204 2307 2434 2391 viginti

140 2471 151 2479 .
238 2413 519 2497 quinque
568 2411 639 2474 in
688 2432 893 2495 aquae
936 2409 1327 2474 cinnamomi
1371 2408 1576 2489 fortis,
1623 2429 1827 2492 aquae
1871 2408 2280 2492 epidemicae,
2333 2413 2433 2476 vel

238 2515 396 2579 alius
423 2514 717 2593 vehiculi,
747 2513 943 2578 uncia
968 2536 1104 2578 una
1137 2513 1582 2597 propinentur.

331 2620 452 2705 [3.]
507 2620 593 2683 In
622 2640 749 2683 usu
775 2617 1128 2703 paregorici
1155 2618 1277 2682 hoc
1306 2618 1690 2698 notandum,
1716 2620 1890 2702 quod
1918 2640 1995 2684 eo
2025 2641 2231 2705 usque
2251 2642 2432 2705 repe-

235 2724 505 2789 tendum
550 2729 666 2801 est,
715 2722 919 2785 donec
970 2728 1402 2805 symptomata
1444 2720 1664 2785 omnia
1703 2721 1964 2803 penitus
2009 2723 2431 2802 cessaverint3

235 2826 525 2891 debitum
553 2826 803 2889 interea
829 2830 1086 2907 tempus
1124 2822 1592 2907 intel-jiciendo,
1623 2829 1700 2886 ut
1730 2821 2081 2907 dijudicare
2108 2826 2433 2890 valeamus

236 2928 389 3013 quid
415 2929 593 3013 prior
621 2927 791 2992 dosis
822 2925 1053 3005 effecit,
1087 2931 1435 3007 antequam
1464 2946 1697 2989 novam
1727 2925 2118 3008 ingeramus.

331 3031 452 3116 [4.]
512 3030 583 3093 Si
610 3029 966 3112 sanguineo
993 3032 1505 3112 temperamento
1534 3026 1865 3109 praeditus
1896 3027 1979 3091 sit
2011 3049 2219 3111 aeger,
2251 3030 2350 3093 vel
2381 3030 2435 3093 si

236 3141 429 3199 antea
458 3134 583 3199 hoc
612 3138 1043 3219 symptomate
1070 3128 1244 3194 haud
1272 3130 1557 3193 multum
1586 3129 1927 3194 infestatus
1955 3131 2151 3196 fuerit
2182 3154 2256 3197 ac
2284 3133 2431 3196 viri-

234 3236 356 3301 bus
384 3237 645 3314 fiactus,
676 3235 801 3299 hoc
828 3234 900 3297 in
930 3254 1084 3298 casu
1122 3231 1385 3315 sanguis
1423 3232 1707 3315 primum
1737 3253 1774 3295 e
1801 3232 2063 3298 brachio
2092 3234 2434 3299 detrahen-

236 3340 377 3419 dus,
407 3346 755 3453 antequam
782 3336 1193 3401 vomitorium
1222 3335 1688 3420 praescriptum
1717 3336 2114 3420 propinetur.

326 3440 397 3528 [5
407 3442 451 3525 .]
510 3442 655 3506 Hac
705 3440 845 3524 ipsa
892 3438 1200 3503 methodo
1258 3439 1472 3502 clavus
1522 3438 1885 3522 hystericus
1942 3449 2226 3507 curatur.
2320 3442 2438 3505 Sin

233 3566 384 3610 vero
414 3544 631 3610 Colica
648 3541 1007 3659 ‘Hysterica
1041 3541 1408 3606 diuturnior
1434 3541 1653 3621 fuerit,
1684 3564 1800 3626 per
1836 3566 2248 3630 paroxysmos
2279 3546 2435 3609 affli-

236 3668 415 3732 gens,
456 3653 601 3711 tum
643 3646 716 3708 in
757 3665 982 3709 eorum
1027 3643 1397 3723 inter-vallia,
1436 3644 1565 3709 sive
1611 3652 1794 3711 extra
1834 3667 2308 3732 paroxysmum,
2341 3670 2438 3713 se-

236 3751 505 3836 quentia
530 3756 926 3832 usurpentur
947 3773 1053 3812 :—

240 3928 443 3993 [Form.
471 3925 626 3990 202]
690 3923 753 4007 R
794 3924 1067 3991 [Radicis]
1094 3925 1393 3979 Zedoariae
1427 3926 1772 3981 subtilissime
1805 3928 2110 3997 pulveratae
2135 3928 2440 3985 drachmam

802 4032 1268 4157 cugnffifficienoe
1311 4102 1608 4171 quantitate
1645 4102 1838 4174 Syrupi
1880 4119 1910 4156 e
1947 4103 2245 4160 Conditura
2279 4106 2440 4161 citri-

906 4206 1056 4253 rum3

526 4278 650 4331 Fiat
668 4278 836 4343 bolus,
853 4208 1139 4331 siimendus
1158 4295 1315 4331 mane
1338 4286 1394 4332 et
1408 4294 1521 4331 sero
1544 4296 1639 4349 per
1660 4279 1883 4349 triginta
1907 4280 2037 4347 dies,
2059 4283 2442 4353 sapei-bibendo

526 4374 832 4435 sequentem
857 4364 1173 4418 infusionem
1192 4386 1275 4417 :—

302 4489 325 4521 Υ
360 4481 435 4531 ΟΕ
458 4481 603 4529 form.
623 4482 700 4529 90.
832 4486 855 4513 2
892 4480 969 4527 cf.
999 4482 1180 4527 Observ-
1206 4480 1333 4527 Med.
1360 4479 1423 4526 iv.
1450 4478 1496 4529 7.
1525 4479 1582 4527 16
1610 4496 1706 4541 sq.;
1746 4481 1942 4530 Dissert.
1967 4484 2117 4545 Epist.
2143 4486 2166 4546 5
2197 4485 2287 4534 126
2311 4502 2383 4550 sq.
