3138 5006
698 308 849 372 DIS
858 308 1297 375 SERTATIO
1340 311 1956 378 EPISTOLARIS.
2279 320 2426 409 5353

222 466 498 550 repetito
520 467 767 531 fixam
746 468 847 547 ιιι,
870 476 937 533 et
965 470 1381 555 ptyalismum
1404 472 1688 536 retundi.
1766 473 2023 540 Quibus
2044 476 2418 563 responden,
2433 495 2534 543 Da
2557 497 2636 544 va
2607 512 2728 547 Am.

222 570 488 635 omnino
535 571 877 637 fatendum
934 594 1072 637 esse
1130 573 1572 639 salivationem
1631 575 2038 659 aliquatenus
2095 578 2417 659 imminui,
2445 562 2727 675 οιὲυξηέ·

220 693 559 757 nunquam
600 681 822 739 tamen
864 675 961 741 ita
1003 676 1264 759 penitus
1308 697 1574 756 cessare,
1605 684 1683 742 ut
1727 700 1864 743 non
1900 680 2291 765 longissimis
2335 683 2416 747 ab
2442 690 2712 755 W

204 782 547 859 ‚assumpto
592 777 894 862 anodyno
935 778 1307 858 intervallis,
1354 786 1547 862 atque
1592 781 1730 864 ejus
1773 781 1836 845 vi
1876 782 2014 865 jam
2057 782 2414 863 fatiscente,
2440 771 2678 883 Ρῖῖξξξε

220 878 519 943 nonnihil
550 879 975 959 recrudescat,
1012 880 1145 945 imo
1187 902 1337 946 vero
1382 882 1642 965 gemino
1685 884 1808 949 hoc
1843 885 2180 951 commodo
2223 887 2415 972 stipe·
2439 900 2592 948 tunde
2591 901 2689 949 ndi.

215 986 363 1045 tur.
406 982 635 1065 primo,
678 982 851 1065 quod
896 1004 1106 1067 aeger,
1145 982 1386 1047 viribus
1430 1006 1471 1047 a
1511 985 1838 1050 narcotico
1880 986 2275 1067 instauratis,
2320 990 2416 1072 pi-

213 1085 453 1150 tuitam
496 1085 765 1151 validius
808 1094 1215 1170 expectorare
1256 1086 1500 1164 valeat3
1569 1087 1741 1167 dein,
1787 1089 1961 1171 quod
2011 1090 2206 1153 saliva
2253 1112 2416 1175 quae

214 1195 569 1267 excreatur,
609 1189 761 1253 licet
801 1189 1053 1272 parcior
1087 1190 1189 1267 sit,
1218 1173 1456 1253 rectius
1496 1196 1720 1252 tamen
1766 1196 2030 1259 excocta
2061 1196 2178 1269 est,
2221 1212 2418 1275 quam

214 1289 270 1353 si
307 1290 683 1374 anodynum
712 1311 844 1355 non
874 1292 1069 1357 fuerit
1098 1292 1478 1357 exhibitum.
1571 1293 1870 1357 Proximo
1897 1292 2057 1371 loco,
2087 1294 2414 1378 ptyalismi

213 1393 501 1458 defectus
528 1394 635 1459 hic
662 1394 951 1478 partialis
984 1396 1325 1481 plusquam
1369 1402 1822 1479 compensatur
1848 1395 2035 1459 faciei
2067 1418 2410 1461 manuum-

196 1516 337 1579 .que
378 1505 653 1575 tumore,
685 1498 797 1581 qui
832 1518 912 1563 ex
948 1500 1223 1582 repetito
1266 1498 1622 1582 paregorici
1658 1520 1786 1563 usu
1828 1505 1895 1562 et
1939 1498 2172 1585 certior
2215 1506 2314 1563 est
2343 1505 2410 1563 et
2461 1551 2469 1559 .
2563 1542 2570 1553 .

208 1600 416 1683 major
459 1600 533 1664 in
576 1600 657 1665 iis
708 1599 935 1665 diebus
988 1601 1220 1684 quibus
1263 1602 1387 1665 hae
1429 1610 1644 1685 partes
1685 1602 1895 1665 solent
1937 1603 2407 1681 intumescere,

206 1701 401 1767 facies
439 1704 681 1768 scilicet
715 1703 797 1768 ab
826 1711 1051 1769 octavo
1082 1703 1187 1769 die
1214 1726 1419 1788 usque
1454 1705 1539 1769 ad
1581 1704 2018 1783 undecimum,
2056 1706 2208 1789 (quo
2243 1712 2406 1771 tem-

204 1825 361 1887 pore
388 1805 522 1870 fere
564 1806 793 1890 incipit
830 1806 1204 1890 subsidere,)
1240 1828 1471 1871 manus
1500 1828 1650 1872 vero
1693 1807 1776 1871 ab
1819 1807 2164 1871 undecimo
2202 1829 2406 1892 usque

206 1905 364 1969 dum
390 1908 689 1992 pustulae
717 1930 825 1973 eas
848 1908 1215 1974 obsidentes
1243 1910 1696 1974 maturuerint.
1764 1911 1984 1993 Atque
2005 1909 2280 1973 fidenter
2307 1931 2405 1973 as-

204 2028 366 2088 sero,
390 2010 719 2074 neminem
739 2012 813 2075 in
834 2012 957 2077 hoc
977 2011 1203 2077 morbo
1222 2012 1423 2097 probe
1442 2020 1768 2077 versatum
1787 2033 1971 2096 posse
1989 2033 2227 2095 negare
2244 2011 2402 2075 utri-

202 2110 440 2175 uslibet
483 2112 715 2177 horum
757 2120 1091 2179 tumorum
1134 2114 1514 2194 absentiam,
1558 2136 1686 2200 quo
1724 2122 2015 2198 tempore
2055 2136 2122 2179 se
2162 2113 2403 2178 debent

198 2214 557 2294 ostendere,
586 2216 821 2299 pejoris
850 2238 988 2281 esse
1017 2216 1250 2282 ominis
1281 2240 1476 2301 quam
1502 2217 1922 2303 ptyalismum
1949 2217 2400 2299 interceptum.

198 2315 319 2381 Me
348 2317 521 2401 quod
550 2319 806 2398 attinet,
835 2319 1029 2402 longe
1058 2318 1263 2384 tutius
1294 2340 1431 2384 esse
1459 2326 1730 2385 autumo
1755 2319 2088 2405 ptyalismi
2115 2340 2400 2405 compes-

193 2419 389 2485 cendi
424 2419 766 2485 discrimen
804 2419 1040 2500 subire,
1072 2443 1264 2506 quam
1296 2444 1337 2486 a
1363 2424 1688 2486 narcotico
1720 2422 2061 2502 abstinere,
2096 2422 2268 2506 quod
2305 2422 2401 2487 ita

194 2521 487 2605 impense
529 2524 791 2588 morbus
834 2524 942 2588 hic
980 2525 1310 2608 efflagitat,
1350 2532 1428 2590 ut
1460 2527 1534 2590 in
1577 2547 1655 2590 eo
1689 2526 1869 2591 rudis
1914 2526 1999 2590 sit
2035 2531 2286 2613 oportet
2330 2535 2398 2590 et

184 2646 426 2708 parum
465 2626 891 2692 observationi
934 2627 1208 2706 deditus,
1256 2629 1367 2711 qui
1416 2649 1642 2713 aegros
1683 2651 1832 2696 suos
1877 2628 2162 2694 subsidio
2209 2635 2396 2696 tanto

190 2727 555 2793 defraudat.

290 2829 401 2916 [41
411 2831 457 2915 .]
510 2831 669 2896 Non
698 2853 846 2897 vcro
878 2832 973 2897 ita
1010 2831 1322 2916 capienda
1350 2840 1505 2897 sunt
1541 2854 1706 2917 quae
1744 2834 2058 2898 hactenus
2100 2831 2388 2910 disserui,
2419 2855 2666 2906 Quareo
2602 2873 2666 2906 no
2667 2875 2702 2908 n

188 2955 268 3000 ac
301 2934 357 2999 si
399 2956 519 3018 ego
558 2935 1005 3018 quotidianum
1050 2936 1325 3002 diacodii
1366 2958 1579 3016 usum,
1624 2939 1728 3002 vel
1764 2959 1844 3001 ea
1884 2957 2048 3021 quae
2088 2936 2387 3000 convenit
2414 2935 2566 3033 ’ἔξω
2571 2923 2706 3034 ἐξῶ-

182 3036 348 3116 dosi,
376 3037 449 3101 in
476 3039 801 3102 tenellulis
836 3038 1195 3104 infantibus
1226 3039 1337 3123 qui
1366 3038 1643 3106 Variolis
1688 3038 2179 3106 Confluentibus
2207 3038 2384 3104 labo·
2410 3049 2518 3096 oodi
2501 3065 2606 3098 mm
2631 3050 2686 3099 in

183 3145 357 3217 rant,
388 3140 743 3218 suaderem,
772 3140 903 3204 nisi
936 3140 1198 3205 morbus
1234 3141 1592 3224 periculum
1627 3163 1818 3226 grave
1854 3143 2160 3219 intentat,
2189 3140 2384 3223 idque
2405 3111 2696 3163 mmmm

186 3239 440 3306 duabus
463 3242 545 3306 de
565 3242 809 3308 causis:
844 3241 1073 3326 primo,
1098 3244 1251 3326 quia
1274 3266 1480 3328 usque
1502 3245 1662 3309 adeo
1692 3265 1826 3309 non
1847 3245 2061 3310 calent
2081 3244 2382 3322 infantes,

182 3349 382 3427 atque
409 3344 507 3408 illi
550 3365 825 3428 quorum
851 3345 1022 3410 vitae
1060 3346 1167 3409 fax
1209 3346 1463 3429 plenius
1506 3368 1776 3412 accensa
1810 3348 1948 3431 jam
1991 3345 2382 3410 luculentius

180 3445 405 3525 ardet3
442 3446 615 3527 dein,
637 3445 811 3530 quod
837 3447 1308 3512 narcoticorum
1329 3449 1577 3532 jugiter
1597 3456 2074 3532 assumptorum
2093 3448 2225 3512 vim
2245 3470 2381 3514 non

176 3549 279 3614 ita.
313 3547 481 3614 bene
522 3549 690 3614 ferat
734 3555 910 3614 aetas
952 3550 1209 3615 mollior
1251 3556 1317 3615 et
1354 3551 1561 3634 magis
1605 3552 1883 3617 infirma.
1974 3552 2163 3618 Adde
2207 3552 2379 3636 quod

177 3658 412 3735 sponte
440 3672 558 3716 sua
584 3672 811 3716 somno
838 3651 969 3717 fere
996 3659 1307 3736 perpetuo
1336 3653 1546 3719 morbi
1565 3655 1784 3719 taedia
1809 3654 2045 3719 fallunt
2073 3655 2377 3720 infantes.

171 3754 621 3824 Nihilominus
644 3755 893 3838 quoties
914 3756 1016 3819 vel
1042 3755 1343 3839 phrenesi
1360 3757 1457 3821 ini
1484 3757 1937 3842 corripiuntur,
1957 3759 2057 3822 vel
2077 3759 2376 3842 pustulae
2404 3788 2500 3835 quo

170 3857 333 3922 mali
374 3857 571 3921 moris
615 3863 790 3937 sunt,
821 3856 1122 3940 anodyna
1163 3859 1429 3922 omnino
1473 3859 1883 3939 indicantum
1929 3861 2164 3925 horum
2198 3861 2374 3925 enim
2397 3841 2659 3952 {fl-ginan-

166 3967 525 4045 utrumque
552 3961 885 4044 sanguinis
907 3967 1100 4044 atque
1129 3961 1471 4045 spirituum
1494 3963 1872 4028 animalium
1899 3975 2149 4030 motum
2171 3967 2372 4032 inter-

166 4064 511 4130 turbatum
538 4064 685 4147 plus
714 4063 869 4127 satis
899 4064 1154 4128 evincit.

268 4167 436 4252 [42]
478 4168 628 4232 Duo
656 4166 817 4231 haec
845 4188 1009 4250 quae
1038 4167 1198 4231 adeo
1225 4169 1469 4251 prolixe
1489 4169 1926 4248 tractavimus,
1955 4169 2213 4253 (nempe
2242 4171 2372 4235 ista
2395 4195 2510 4244 Duo
2522 4183 2680 4248 ο,,,((Η.’

163 4269 515 4334 methodus
545 4291 673 4354 qua
691 4269 971 4334 inhiberi
998 4269 1192 4336 debet
1212 4291 1638 4356 praepropera
1664 4271 1972 4336 materiae
1993 4263 2676 4375 Vari010⁸ass⁸¹bu2vffi²¹

158 4372 395 4457 primis
432 4373 505 4436 in
546 4372 773 4438 diebus
808 4372 1198 4453 assimilatio,
1228 4379 1375 4437 tum
1418 4381 1485 4437 et
1528 4375 1749 4452 altera,
1782 4393 1910 4458 qua
1941 4381 2154 4438 motus
2185 4376 2362 4459 spiri-
2389 4387 2550 4441 ιιι-ιω
2569 4343 2670 4504 οΞ.

158 4481 362 4542 tuum
389 4474 793 4566 inordinatus
837 4474 917 4541 ab
958 4483 1371 4542 externarum
1398 4477 1684 4560 partium
1719 4475 2228 4544 inflammatione
2257 4499 2362 4544 ex·
2386 4455 2642 4569 {affim-
