3138 5006
1081 1022 1571 1072 ORNATISSIMO
1610 1020 2291 1072 ERUDITISSIMOQUE
2326 1018 2515 1068 VIRO

1285 1181 1680 1256 HENRICO
1724 1181 2057 1272 PAMAN,
2101 1179 2311 1272 M.D.‚

822 1373 1020 1426 DIVI
1083 1373 1540 1428 JOHANNIS
1602 1369 2431 1430 CANTABBIGIENSIS
2499 1367 2804 1430 SOCIO‚

1103 1536 1609 1588 ACADEMIAE
1668 1537 2036 1587 ORATORI
2096 1535 2487 1593 PUBLICO,

819 1675 910 1723 ET
945 1675 1024 1724 IN
1061 1675 1429 1728 COLLEGIO
1467 1677 1993 1726 GRESHAMENSI
2030 1676 2226 1725 APUD
2263 1667 2805 1724 LONDINENSES

1389 1793 1456 1834 IN
1487 1792 1792 1834 MEDICINA
1821 1791 2199 1833 Pnornssom.

780 1971 1186 2043 QUANQUAM
1210 1995 1361 2038 eum
1385 1995 1577 2057 quem
1597 1975 1695 2037 De
1712 1975 1935 2037 Acuti-9
1954 1973 2218 2052 Morbis,
2242 1972 2365 2036 Vir
2390 1967 2904 2054 Spectatissime,

689 2095 897 2157 nuper
933 2075 1104 2140 edidi
1147 2082 1501 2140 tractatum
1536 2077 1723 2160 (quae
1768 2083 1867 2140 est
1908 2075 2049 2139 Tua
2090 2082 2229 2139 tam
2271 2073 2671 2150 humanitas,
2708 2091 2903 2154 qua-m

689 2177 890 2240 animi
918 2178 990 2240 in
1018 2199 1123 2241 me
1156 2177 1540 2262 propensi0,)
1578 2201 1695 2243 ceu
1725 2200 1885 2262 opus
1914 2178 2202 2262 undique
2232 2181 2767 2241 consummatum
2796 2173 2900 2236 de-

685 2279 1052 2360 praedicare
1083 2280 1404 2363 digneris,
1449 2303 1656 2367 usque
1694 2281 1852 2346 adeo
1880 2288 2104 2344 tamen
2132 2279 2471 2343 tenuitatis
2508 2285 2657 2341 tum
2690 2295 2899 2351 meae,

683 2387 828 2444 tum
873 2381 1059 2446 istius
1119 2384 1382 2466 opellae,
1429 2383 1591 2447 mihi
1642 2406 1788 2447 sum
1840 2384 2150 2462 consciuS,
2202 2389 2281 2446 ut
2331 2403 2435 2444 me
2486 2379 2655 2444 nihil
2723 2377 2903 2440 aliud

684 2485 890 2568 egisse
919 2485 1299 2565 existimem,
1325 2509 1519 2570 quam
1541 2487 1711 2553 viam
1742 2493 2306 2573 praemonstrasse,
2331 2507 2460 2569 qua
2480 2483 2595 2568 qui
2620 2483 2902 2565 ingenio

682 2588 888 2672 magis
919 2588 1152 2669 valent,
1179 2589 1496 2654 dictorum
1527 2591 1901 2655 morborum
1930 2598 1997 2655 et
2023 2589 2359 2655 historiam
2388 2594 2455 2653 et
2484 2587 2903 2651 mirationem

685 2701 924 2778 queant
953 2693 1340 2779 investigare
1360 2722 1464 2761 :—

799 2850 964 2865 .....
991 2818 1022 2843 “
1040 2816 1216 2879 fungor
1237 2816 1343 2863 vice
1365 2816 1500 2874 cotis,
1525 2824 1726 2865 acutum

796 2896 1016 2944 Reddere
1038 2912 1162 2959 quae
1181 2897 1365 2945 sermm
1387 2897 1531 2956 valet,
1555 2912 1695 2944 exors
1716 2898 1824 2960 ipsa
1844 2896 2089 2945 secandi.”
2128 2894 2327 2959 [Horat.
2352 2896 2423 2942 De
2446 2894 2565 2941 Arte
2590 2893 2725 2941 Ροὲι.
2752 2891 2899 2954 304.]

779 2994 900 3078 [2.]
954 2994 1043 3057 Et
1082 2994 1368 3076 profecto
1405 2994 1501 3058 ita
1537 2994 1894 3080 multiplex,
1932 2994 2199 3074 incerta,
2236 3000 2302 3058 et
2338 2993 2607 3055 delicata
2652 2992 2761 3073 (ut
2800 2992 2903 3055 ita

684 3095 936 3179 dieam‚)
967 3102 1065 3159 est
1094 3097 1372 3175 Natura,
1398 3103 1592 3181 atque
1620 3098 1717 3162 ita
1741 3097 1911 3161 ludit
1932 3098 2003 3161 in
2032 3097 2133 3160 his
2162 3095 2401 3160 morbis
2429 3092 2898 3177 producendis,

679 3203 756 3261 ut
801 3199 994 3262 unius
1038 3220 1174 3264 non
1219 3200 1302 3263 sit
1344 3199 1647 3279 hominis,
1687 3205 1841 3264 utut
1882 3200 2135 3279 vivacis,
2174 3198 2351 3262 varia
2392 3217 2619 3260 eorum
2666 3192 2899 3280 φαινό-

677 3324 856 3382 μενα,
882 3308 948 3364 et
978 3300 1339 3366 curationes
1368 3302 1598 3366 iisdem
1629 3302 2157 3381 accommodatas,
2182 3300 2483 3385 graphice
2513 3298 2899 3381 depingere.

681 3407 722 3437 “
749 3402 946 3467 Unum
983 3402 1314 3467 hominem
1326 3404 1366 3435 ’'
1399 3404 1577 3468 dixi?
1625 3405 1781 3487 quid
1811 3406 1982 3489 quod
2010 3405 2113 3469 vel
2141 3405 2341 3467 decem
2374 3401 2636 3486 quidem
2676 3400 2899 3465 homi-

677 3526 812 3585 nes,
857 3526 972 3589 per
1014 3512 1116 3570 tot
1156 3506 1410 3571 saecula
1447 3506 1571 3571 sibi
1613 3506 1889 3597 invicem
1933 3506 2407 3583 succenturiati,
2451 3510 2645 3587 atque
2688 3503 2899 3567 iidem

673 3614 820 3670 tum
876 3607 1158 3672 maxima
1213 3608 1462 3692 ingenii
1512 3609 1595 3688 vi,
1642 3616 1787 3675 tum
1830 3609 2151 3675 indefessa
2199 3606 2535 3686 industria,
2582 3606 2895 3690 praediti,

672 3716 818 3773 tum
863 3710 1060 3773 etiam
1101 3709 1174 3773 in
1215 3712 1398 3795 praxi
1443 3733 1607 3795 quae
1645 3734 2019 3778 numerosas
2064 3711 2535 3777 observationes
2581 3708 2897 3793 suppedi-

671 3817 843 3875 taret
871 3811 1306 3892 versatissimi,
1337 3814 1721 3898 perpulchre
1749 3816 1857 3879 hic
1886 3836 2147 3900 operam
2177 3835 2361 3878 suam
2395 3812 2710 3876 collocare
2738 3832 2893 3895 pos·

673 3912 852 3976 sint?
943 3913 1228 3979 Tantum
1267 3915 1449 3981 abest
1479 3923 1554 3981 ut
1594 3917 1677 3980 ad
1715 3918 1947 3983 Artem
1976 3917 2305 3982 Medicam
2339 3916 2441 3980 vel
2475 3914 2895 3999 pervenerim

670 4020 826 4105 ipse,
856 4020 956 4085 vel
985 4041 1092 4084 me
1121 4027 1343 4105 putem
1371 4022 1737 4105 pervenisse
1758 4048 1867 4087 :—

731 4158 767 4184 “
781 4156 982 4205 Mecum
1005 4158 1189 4217 habito,
1211 4164 1260 4206 et
1280 4158 1396 4206 novi
1419 4173 1568 4221 quam
1591 4159 1657 4207 sit
1676 4158 1798 4207 mihi
1818 4166 1957 4208 curta
1976 4158 2247 4221 supellex.”
2282 4155 2465 4219 [Persii
2487 4158 2586 4205 Sat.
2609 4154 2675 4205 iv·
2701 4155 2819 4219 52]

765 4269 886 4354 [3.]
943 4271 1210 4337 Morbos
1233 4272 1390 4338 istos
1415 4274 1767 4339 Chronicos
1792 4274 1964 4357 quod
1988 4274 2244 4353 attinet,
2271 4292 2547 4357 quorum
2566 4269 2889 4335 historiae

663 4371 1152 4454 perscribendae
1185 4397 1364 4459 spem
1402 4376 1524 4442 tibi
1563 4374 1861 4457 feceram,
1893 4378 1987 4443 ita
2029 4377 2290 4461 penitus
2328 4374 2545 4441 animo
2588 4394 2737 4438 meo
2778 4374 2887 4437 in-
