3138 5006
1189 326 1446 384 INDEX
1489 326 1797 385 RERUM.
2090 332 2099 341 ·
2582 315 2695 388 635

280 480 549 540 absolvunt,
589 482 668 541 77,
709 482 799 538 783
845 482 1096 530 materiam
1141 498 1170 530 a
1206 482 1442 545 sanguine

280 546 628 609 seJ'ungendam
656 547 775 595 adeo
802 562 1010 595 crassam
1039 546 1231 607 habent,
1255 554 1310 595 ut
1337 547 1442 595 sine

281 610 474 673 praevia
496 611 758 674 digestione
781 612 841 659 ad
860 612 1222 660 evacuationem
1253 610 1443 675 disponi

280 690 341 722 ne
345 682 502 739 queat,
532 679 649 732 1543
684 677 840 724 febres
864 676 1114 724 intermitt.
1137 676 1361 739 quamvis
1393 676 1444 725 in

281 740 569 802 quibusdam
603 758 632 789 a
659 740 899 789 continuis
924 757 1020 789 non
1055 740 1290 799 differant,
1314 742 1446 803 quod

281 804 343 851 ad
375 820 541 853 earum
578 806 786 869 speciem
818 812 964 867 atque
993 814 1194 854 naturae
1231 806 1447 881 proprie·

282 876 430 916 tatem
465 870 649 927 attinet,
675 878 724 918 et
755 886 784 918 8
817 869 1058 917 coutinuis
1091 878 1140 918 et
1171 885 1200 917 a
1233 886 1283 917 se
1317 884 1441 917 mvi-

279 934 716 1047 ἕὲἲῑιεῖὲωζιῖἶὲἒ
757 934 1446 1075 ἒὲᾞωζέἶεὲωῗ“ἶῗὲἒ

285 1060 475 1110 Natura
517 1064 792 1127 paroxysmi
834 1063 949 1111 novi
989 1064 1176 1127 impetu
1231 1062 1444 1127 expellit,

281 1128 406 1182 2833
454 1127 504 1174 in
546 1143 836 1191 paroxysmo
870 1128 956 1191 qui
990 1128 1276 1185 moriuntur,
1320 1137 1444 1176 tem-

283 1206 396 1253 pore
439 1192 849 1240 exborrescentiae
891 1193 990 1239 fato
1035 1193 1321 1255 funguntur,
1365 1194 1445 1250 69,

287 1255 362 1312 74,
389 1258 479 1312 843
516 1257 690 1304 sudore
710 1264 1068 1320 prorumpente,
1092 1255 1314 1319 ἀπυρεεία
1335 1273 1444 1305 suc-

284 1320 424 1377 cedit,
463 1323 586 1376 2803
621 1322 778 1369 febres
810 1321 1061 1369 intermitt.
1093 1322 1144 1369 in
1182 1321 1448 1369 infantibus

283 1384 362 1432 vel
395 1392 549 1433 aetate
576 1384 858 1433 florentibus
891 1384 1108 1433 Naturae
1138 1386 1442 1433 committen-

284 1449 388 1505 dae,
424 1452 486 1497 83
504 1467 517 1505 3·
571 1450 767 1498 senibus
805 1465 931 1508 vero,
967 1450 1272 1498 autumnales
1307 1466 1445 1513 prae-

284 1514 463 1571 sertim,
498 1514 808 1577 periculosae,
844 1517 934 1572 843
971 1529 1066 1563 non
1098 1516 1448 1579 oppugnandae

286 1584 501 1641 tempore
553 1594 972 1643 paroxysmorum,
1019 1582 1116 1627 442
1131 1600 1144 1636 3
1195 1580 1446 1629 intermitt.

284 1643 438 1689 febres
481 1650 703 1692 autumn.
740 1645 868 1691 unde
905 1643 1137 1702 oriantur,
1169 1645 1362 1706 quando
1400 1651 1450 1692 et

284 1708 526 1769 quomodo
559 1708 805 1766 invadant,
844 1710 931 1765 753
979 1708 1186 1756 febrium
1225 1715 1448 1757 autumn.

286 1772 767 1886 {mtrssxflfflzm
783 1773 1451 1901 ,ffxssffsstssjssizgffle

285 1902 492 1959 morbos,
533 1902 614 1960 73,
652 1902 959 1957 88-9231ιι
989 1901 1256 1950 infantibus
1298 1902 1445 1950 abdo·

286 1964 434 2013 minis
487 1971 667 2023 tumor,
719 1982 916 2015 crurum
970 1966 1023 2015 in
1079 1966 1275 2026 adultis,
1332 1967 1449 2029 quid

287 2029 455 2087 velint,
492 2032 570 2089 90,
611 2033 729 2088 5483
788 2032 1066 2095 paroxysmi
1105 2031 1254 2079 variis
1295 2032 1450 2093 aegris

287 2093 573 2193 plerumque
598 2112 697 2143 una
719 2096 986 2159 eademque
1007 2095 1103 2144 diei
1122 2096 1242 2143 hora
1263 2096 1448 2144 contin-

286 2166 424 2221 gunt,
453 2158 542 2215 763
578 2160 732 2208 febres
765 2168 986 2209 autumn.
1008 2161 1262 2208 continuas
1293 2160 1449 2209 febres

287 2222 354 2270 ita
388 2224 648 2287 aliquando
677 2224 946 2283 imitantur,
964 2232 1020 2273 ut
1041 2240 1136 2273 non
1160 2225 1256 2272 nisi
1277 2242 1306 2273 a
1329 2240 1444 2288 pru·

287 2288 570 2338 dentissimo
615 2289 988 2352 distinguantur,
1033 2292 1112 2347 33,
1152 2289 1243 2340 76·
1232 2325 1243 2345 ,
1300 2289 1448 2337 febris

287 2352 540 2401 intermitt.
564 2361 781 2403 autumn.
807 2356 920 2403 anni
949 2356 1025 2402 '61
1059 2323 1238 2417 singuli
1305 2369 1444 2403 arox-

288 2418 416 2479 ysmi
438 2419 774 2481 compendium
797 2418 943 2467 febris
966 2420 1162 2477 contin„
1179 2419 1252 2467 uti
1307 2435 1448 2467 aecce

289 2483 629 2560 compendium
659 2483 847 2542 harum,
875 2484 1174 2542 videbantur,
1207 2485 1296 2541 383
1333 2500 1448 2534 cum

288 2548 475 2594 ratione
516 2548 798 2606 durationis,
841 2556 947 2598 tum
987 2556 1036 2596 et
1076 2519 1296 2612 periculi,
1340 2565 1446 2597 ver-

290 2611 482 2658 nalibus
518 2612 775 2688 graviores,
803 2613 894 2670 73,
932 2619 1195 2688 quartanae
1231 2614 1448 2662 tertianis

291 2675 423 2722 omni
447 2677 630 2724 ratione
659 2679 858 2740 pejoreS,
883 2684 928 2725 et
950 2677 1160 2726 seniores
1190 2679 1450 2740 aliquando

289 2741 422 2787 brevi
455 2741 700 2804 jugulant,
739 2743 832 2798 74,
867 2741 1176 2790 autumnales
1217 2757 1312 2790 non
1343 2749 1451 2790 tam

291 2803 434 2852 facile
464 2819 520 2852 ac
551 2805 766 2853 vernales
792 2813 1088 2864 amoventur,
1113 2805 1203 2860 753
1239 2807 1447 2854 curatio-

289 2883 402 2916 nem
441 2885 591 2931 quare
627 2877 728 2918 tam
762 2871 1020 2919 difficulter
1051 2870 1323 2929 admittant,
1359 2871 1450 2927 773

291 2949 388 2980 non
432 2935 753 2996 attingendae,
797 2936 890 2983 nisi
943 2941 1200 2998 postquam
1257 2937 1454 2998 sanguis

291 3005 484 3061 tempus
523 2999 648 3047 illud
686 3000 897 3062 exegerit
929 3000 1058 3062 quod
1099 3000 1160 3047 ad
1192 3000 1452 3063 despuma-

295 3062 474 3110 tiouem
521 3079 662 3111 suam
707 3064 1049 3128 perficiendam
1095 3065 1312 3127 requirit,
1359 3067 1450 3121 843

293 3127 378 3174 ubi
424 3129 666 3176 curandae
704 3129 921 3186 veniunt,
967 3128 1284 3178 indicationes
1325 3130 1455 3178 unde

292 3193 418 3239 sumi
442 3193 630 3252 debent,
656 3193 745 3250 79,
781 3208 954 3242 veuse-
959 3195 1221 3242 sectionem
1248 3209 1344 3242 ιιοιι
1366 3195 1447 3242 ad·

292 3257 510 3314 mittunt,
532 3259 624 3315 803
660 3259 899 3322 quomodo
915 3259 1206 3316 tracumdse,
1227 3259 1266 3306 si
1289 3259 1456 3307 cortici

295 3321 470 3370 Peruv.
499 3337 594 3370 non
629 3323 821 3380 cedunt,
851 3325 944 3380 843
979 3323 1238 3386 purgantis
1276 3323 1454 3386 qualia,

294 3387 502 3447 quando,
519 3403 616 3450 quo
639 3395 853 3451 tempore
871 3395 916 3435 et
940 3388 1127 3450 quoties
1148 3389 1454 3446 assumenda,

295 3453 372 3508 86,
397 3451 488 3506 873
525 3452 831 3515 quotidianae
851 3467 948 3500 non
984 3461 1097 3500 sunt
1131 3451 1454 3510 autumnales,

294 3514 384 3571 763
431 3517 650 3565 vernales
684 3533 780 3581 quo
819 3524 1032 3580 tempore
1074 3517 1320 3575 invadant,
1364 3517 1455 3573 71,

294 3593 392 3642 quo
443 3581 680 3629 maturius
733 3581 816 3629 vel
866 3582 1050 3630 tardius
1101 3581 1352 3640 invadunt,
1399 3596 1457 3630 eo

295 3644 450 3706 magis
483 3645 560 3693 vel
599 3645 761 3693 minus
795 3646 1060 3716 epidemice
1093 3646 1456 3709 depraedantur,

295 3709 388 3762 713
423 3723 614 3773 semper
641 3711 890 3768 salutares,
913 3727 1020 3758 raro
1057 3710 1326 3770 diuturnae,
1365 3711 1456 3767 733

293 3781 498 3835 possunt
510 3781 672 3822 tamen
686 3775 747 3822 ob
759 3791 1034 3838 perversam
1045 3775 1284 3822 medelam
1299 3791 1460 3824 moras

293 3838 498 3895 trahere,
523 3837 601 3896 73,
643 3839 732 3894 753
779 3838 854 3886 vel
892 3839 1198 3902 quotidianae
1235 3847 1351 3887 sunt
1383 3839 1463 3887 vel

294 3902 542 3959 tertianae,
574 3902 665 3959 72,
717 3903 1024 3966 paucioribus
1058 3903 1297 3966 stipantur
1326 3919 1458 3966 sym-

297 3967 592 4030 ptomatibus
613 3983 760 4030 quam
777 3968 1098 4025 autumnales,
1115 3970 1203 4024 883
1228 3983 1315 4015 suo
1333 3969 1459 4016 arbi-

297 4032 388 4079 trio
417 4031 786 4109 permittendae,
808 4031 900 4088 743
935 4033 1329 4080 evacuationibus
1351 4048 1460 4096 per-

296 4095 554 4145 tinaciores
583 4097 722 4154 fiunt,
747 4095 826 4154 74,
853 4068 942 4152 753
980 4113 1009 4145 a
1037 4097 1251 4145 febribus
1281 4098 1460 4147 vex-nal.

298 4161 732 4209 convalescentes·
719 4177 772 4209 ιιι
800 4162 1016 4210 maniam
1045 4161 1305 4226 aliquando
1336 4163 1460 4211 inci-

298 4225 412 4273 dere
434 4233 651 4288 possunt,
679 4225 753 4276 73.

367 4290 636 4338 Interstitia
675 4290 984 4353 pustularum
1024 4291 1074 4338 in
1121 4291 1319 4339 variolis
1362 4291 1461 4340 dis-

300 4363 415 4403 cret.
454 4355 531 4402 die
565 4359 640 4403 δ”
673 4354 882 4403 colorem
918 4371 1138 4404 rosarum
1173 4356 1463 4406 Damascen.

301 4419 548 4468 aemulum
590 4421 837 4479 exhibent,
886 4423 992 4480 122,
1041 4420 1147 4478 126,
1200 4420 1306 4479 127,
1353 4424 1462 4479 222,

369 4549 749 4600 Intumcscentia
772 4551 913 4600 faciei
932 4559 980 4600 et
1003 4565 1240 4599 manuum
1264 4550 1316 4599 in
1335 4551 1460 4598 vari-

1533 480 1627 531 olis
1650 481 1803 545 nigris
1824 480 2048 545 pessimis
2070 480 2185 529 anni
2202 481 2283 532 ’74
2304 481 2547 540 salutaris,
2573 484 2697 538 2243

1532 547 1711 657 frigore
1730 546 1883 593 nimio
1905 546 2107 604 decedit,
2132 548 2241 594 221.

1631 611 1831 667 nunctio
1874 611 1925 657 in
1968 610 2051 658 lue
2094 626 2297 659 venerea
2347 611 2603 674 quomodo,
2649 619 2699 659 et

1534 676 1789 739 quamdiu,
1812 675 1916 723 fieri
1937 675 2123 733 debeat,
2148 678 2257 734 319,
2282 678 2393 735 322,
2419 678 2529 724 323.

1600 740 1631 787 J
1634 740 1803 803 alapae
1815 739 1979 788 radix'
1966 756 2017 787 ιιι
2031 741 2330 802 gonorrhoea
2342 710 2486 788 viruL
2504 740 2698 804 saepius

1536 804 1666 917 solau
1690 804 1947 881 auperibus
1968 804 2166 868 profuit,
2188 808 2296 854 313.

1718 884 1799 933 pia
1832 869 2165 932 refriget-entia
2196 870 2249 917 in
2282 870 2412 917 febre
2446 869 2700 927 variolosa,

1540 935 1663 989 1533
1695 934 1749 982 in
1776 934 2155 1011 haemorrhagian·
2174 934 2384 991 narium,
2408 936 2533 990 268,
2563 934 2697 996 jula—

1535 998 1673 1060 pium
1686 1014 1745 1046 ex
1762 998 1939 1046 cortice
1952 997 2155 1048 Peruv.
2141 1014 2191 1046 ιιι
2207 1000 2338 1047 febre
2350 1014 2477 1047 nova
2493 998 2697 1062 epidem.

1534 1078 1622 1125 pro
1643 1062 1926 1121 infantibus,
1948 1065 2059 1119 503,
2084 1066 2198 1111 504.

1601 1126 1638 1176 J
1641 1127 1835 1175 uniores
1879 1134 2033 1175 aetate
2074 1128 2259 1175 febrem
2308 1135 2532 1191 quartan.
2576 1143 2699 1191 quo-

1535 1192 1681 1239 modo
1703 1193 1872 1249 ferant,
1897 1191 1974 1242 74.

1600 1256 1631 1303 J
1634 1256 1805 1304 uscula
1872 1271 2110 1304 avenacea
2163 1256 2391 1305 omnibus
2451 1257 2704 1319 anteponit

1535 1320 1741 1379 Auctor,
1764 1323 1857 1376 533
1890 1320 1941 1367 in
1965 1321 2176 1383 podagra
2196 1336 2294 1369 non
2316 1320 2544 1385 regulari,
2576 1328 2698 1369 tem·

1535 1400 1651 1447 pore
1688 1384 1983 1448 paroxysmi,
2016 1388 2140 1441 4453
2176 1401 2414 1434 avenacea
2448 1394 2498 1434 et
2528 1386 2699 1434 horde-

1536 1450 1718 1497 accain
1734 1450 1865 1497 febre
1894 1450 2091 1508 contin,
2118 1420 2211 1507 533
2242 1450 2295 1498 in
2316 1450 2512 1499 variolis
2544 1452 2701 1507 confi..

1537 1513 1656 1570 3573
1693 1514 1915 1573 farinosa,
1930 1530 2027 1562 non
2042 1530 2231 1573 carnea,
2243 1515 2293 1563 in
2309 1515 2566 1573 morbillis,
2587 1517 2701 1563 185·
2690 1534 2701 1572 3

1534 1578 1588 1625 in
1609 1578 1849 1626 morbillis
1882 1594 2043 1628 auom.
2066 1581 2180 1627 anni
2200 1580 2298 1639 ’74,
2320 1582 2443 1636 2183
2482 1580 2534 1627 in
2552 1550 2701 1629 iheu-

1533 1643 1761 1691 matismo
1798 1651 2147 1707 proponuntur,
2188 1660 2363 1693 carnea
2404 1644 2703 1706 rejiciuntur,

1536 1708 1648 1765 257,
1668 1710 1791 1763 2583
1827 1708 1879 1755 in
1902 1709 2188 1771 dysenteria,
2207 1725 2267 1756 ex
2284 1709 2441 1757 ovinis
2460 1709 2703 1767 carnibus,

1542 1771 1657 1829 1733
1696 1773 1747 1820 in
1782 1773 1913 1821 febre
1948 1780 2057 1821 tert.
2086 1772 2271 1837 duplici
2306 1773 2485 1837 qualia,
2523 1776 2614 1831 823
2651 1774 2703 1822 in

1536 1837 1731 1885 cholera
1752 1838 1938 1895 morbo,
1962 1839 2071 1887 165.

1600 1902 1631 1949 J
1634 1918 1816 1950 uvenes
1854 1901 2083 1951 athletico
2118 1902 2306 1961 habitu,
2347 1910 2396 1951 et
2428 1902 2700 1965 sanguinei,

1535 1967 1929 2015 venae-sectione
1992 1966 2229 2030 indigent,
2295 1970 2392 2025 423
2474 1967 2703 2015 diuturno

1535 2030 1705 2079 morbo
1749 2030 1957 2079 confecti
1988 2032 2429 2080 venae-sectionem
2471 2032 2523 2079 in
2555 2032 2699 2079 febri-

1537 2095 1629 2143 bus
1662 2102 1844 2154 vetant,
1875 2097 1955 2153 41,
1980 2098 2070 2153 423
2106 2097 2373 2159 hydropem
2409 2096 2515 2154 sibi,
2547 2096 2599 2143 in
2630 2097 2700 2144 fe-

1533 2159 1702 2208 bribus
1735 2168 1974 2217 autumn„
2006 2178 2101 2209 usu
2136 2162 2509 2209 catharticorum
2540 2177 2701 2209 accer-

1536 2239 1640 2271 sere
1681 2234 1903 2288 possunt,
1945 2194 2034 2283 883
2090 2227 2305 2290 podagra
2346 2226 2562 2290 genuina
2605 2242 2703 2273 non

1536 2289 1833 2347 afficiuntur,
1858 2290 1967 2341 417.

1604 2354 1877 2417 Lacrymae
1908 2370 1968 2401 ex
1997 2354 2242 2419 hysterica
2274 2354 2431 2402 affect-
2462 2354 2567 2403 sine
2601 2355 2706 2403 ulla

1535 2434 1679 2481 saepe
1704 2435 1869 2478 causa,
1900 2420 2021 2476 3683
2068 2420 2215 2467 etiam
2246 2420 2298 2467 in
2332 2419 2463 2477 viris,
2494 2421 2615 2475 3753
2653 2420 2703 2467 in

1535 2484 1775 2532 morbillis
1804 2484 2132 2534 certissimum
2163 2485 2337 2534 horum
2370 2484 2705 2548 ingruentium

1535 2549 1749 2612 signum,
1777 2552 1885 2598 183.

1606 2613 1707 2662 Lac
1732 2615 2086 2662 cerevisiatum.
2112 2613 2181 2676 [v.
2205 2613 2513 2678 Zythogala.]

1573 2677 1707 2792 ⁷Lac
1746 2679 1954 2727 crudum
1990 2679 2285 2743 tepefactum
2320 2679 2373 2727 in
2414 2679 2701 2742 dysenteria,

1608 2805 1813 2855 Lacteae
1847 2807 2032 2856 diaetae
2069 2806 2425 2870 praecellentia,
2454 2813 2503 2854 et
2527 2805 2705 2870 quibus

1539 2870 1849 2934 potissimum
1875 2871 2114 2929 convenit,
2140 2873 2263 2928 3893
2299 2886 2502 2919 censura
2534 2877 2705 2919 notatu

1541 2936 1706 2998 digna.
1728 2938 1840 2985 433.

1608 2999 1775 3047 Laetis
1797 3015 1975 3048 serum.
2002 2999 2076 3062 [v.
2098 3002 2258 3048 Serum
2280 2999 2486 3063 Laelia]

1610 3065 1902 3112 Laudanum
1931 3064 2079 3112 nimis
2110 3063 2365 3128 repetitum
2398 3071 2556 3122 nocet,
2580 3066 2700 3120 3933

1543 3129 1785 3192 quomodo
1837 3129 2179 3186 exhibendum,
2227 3131 2349 3184 3943
2406 3129 2467 3176 ad
2512 3129 2705 3176 corticis

1544 3193 1717 3242 Peruv.
1744 3193 1843 3242 vim
1864 3194 2171 3257 purgativam
2195 3193 2474 3251 sistendam,
2496 3195 2617 3249 2853
2654 3195 2706 3241 in

1541 3257 1827 3316 infantibus,
1862 3258 1989 3315 2873
2032 3259 2083 3306 in
2118 3258 2406 3320 dysenteria,
2444 3273 2505 3305 ex
2538 3259 2707 3307 tormi-

1541 3323 1689 3371 nibus
1708 3324 1892 3371 ventris
1919 3323 1971 3370 in
2000 3323 2131 3370 febre
2154 3338 2278 3371 nova
2298 3323 2501 3386 epidem.
2526 3323 2707 3380 oborta,
2758 3341 2765 3348 ·

1543 3389 1665 3443 5003
1702 3387 1753 3435 in
1782 3388 2055 3450 hystericae
2086 3387 2239 3436 affect.
2275 3403 2579 3452 paroxysmo,
2612 3391 2708 3438 392

1542 3467 1631 3514 sq.,
1656 3453 1778 3507 5443
1813 3453 1863 3500 in
1888 3453 2157 3515 nephritico
2178 3467 2487 3515 paroxymo,
2509 3453 2630 3508 5273
2654 3454 2707 3501 in

1541 3517 1755 3580 podagra
1774 3517 2053 3576 inveterata,
2078 3519 2203 3573 458,
2234 3517 2287 3564 in
2308 3517 2547 3580 podagrae
2568 3518 2707 3566 inve·

1541 3589 1721 3630 teratae
1751 3597 2058 3645 paroxysmo,
2092 3582 2218 3638 4463
2257 3581 2497 3646 podagrae
2530 3598 2704 3658 paro-x·

1541 3661 1743 3708 ysmum
1765 3661 1794 3693 a
1808 3647 2135 3774 ffurgmtqibus·
2152 3647 2453 3694 oboriturum
2470 3647 2709 3710 reprimit,

1544 3712 1667 3766 5243
1724 3710 1806 3758 18ιι
1842 3727 1921 3758 am
1965 3711 2002 3758 li
2036 3710 2139 3758 uidi
2172 3711 2401 3758 Auctoris
2435 3710 2706 3774 descriptio,

1549 3774 1657 3832 174,
1682 3777 1804 3832 5393
1841 3791 1987 3838 quare
2020 3775 2130 3822 81118
2160 3775 2327 3822 formis
2350 3774 2413 3821 sit
2432 3775 2705 3836 praeferen-

1545 3839 1625 3896 da,
1654 3839 1771 3894 1743
1818 3839 1969 3900 hujus
2002 3845 2128 3902 gutt-
2167 3839 2252 3885 xvi
2289 3838 2422 3886 idem
2454 3838 2621 3887 valent
2651 3855 2707 3887 ac
2774 3891 2779 3894 ,

1547 3919 1665 3966 syru
1698 3903 1715 3950 i
1736 3874 1795 3951 de
1827 3903 2047 3951 meconio
2068 3903 2137 3964 3j,
2164 3904 2287 3956 3523
2323 3902 2385 3950 ad
2406 3902 2706 3951 diarrhoeam

1545 3967 1597 4016 in
1613 3984 1668 4015 sa
1687 3968 1895 4015 ivatione
1912 3965 2204 4024 mercuriali,
2220 3969 2343 4021 3203
2368 3965 2419 4014 in
2440 3967 2633 4014 νει-10118
2646 3967 2707 4016 ad

1547 4031 1705 4096 epilep
1707 4040 1741 4080 t.
1764 4031 1963 4080 affectus
1984 4031 2263 4088 infantium,
2278 4033 2400 4087 3453
2434 4031 2486 4078 in
2508 4031 2705 4080 infanti-

1547 4098 1639 4144 bus
1662 4097 1809 4154 dosis,
1831 4099 1953 4152 3453
1987 4095 2257 4143 laudunum
2284 4066 2496 4143 solidum
2520 4095 2707 4145 Londi-

1545 4177 1697 4210 nense
1731 4177 1879 4224 quare
1912 4167 2239 4223 anteponatur
2262 4160 2473 4208 laudano
2505 4159 2709 4224 liquido,

1547 4233 1597 4274 et
1626 4241 1807 4288 syrupo
1844 4225 1903 4273 de
1944 4224 2182 4282 meconio,
2218 4227 2342 4280 5203
2384 4225 2521 4273 illius
2560 4225 2707 4285 dosis,

1548 4293 1643 4338 520
1658 4309 1670 4346 3
1705 4290 1916 4338 laudano
1951 4289 2135 4353 liquido
2172 4291 2358 4337 Auctor
2388 4289 2584 4337 tandem
2619 4306 2705 4338 an·

1547 4355 1733 4418 teponit
1744 4369 1861 4417 syru
1895 4371 1981 4403 um
1996 4355 2055 4402 de
2069 4354 2287 4402 meconio
2299 4353 2351 4401 in
2367 4355 2576 4412 vai-ielis,
2588 4357 2707 4412 3493

1545 4420 1814 4468 laudanum
1878 4419 2100 4483 iquidum
2137 4426 2299 4466 tamen
2338 4419 2705 4484 propinandum,

1547 4485 1588 4532 si
1617 4485 1784 4548 syrupi
1810 4485 2105 4550 frequentior
2122 4499 2242 4532 usus
2263 4499 2494 4533 nauseam
2514 4500 2706 4534 creave-

1545 4550 1626 4608 rit,
1647 4553 1757 4598 352.
