3138 5006
526 280 1317 346 OBSERVATIONUM
1363 232 1953 345 MEDICARUM
1983 287 2064 341 11.
2108 294 2158 342 2.
2365 284 2454 344 99

242 442 403 507 fieri.
492 443 673 507 Alias
718 442 893 506 enim
937 464 1071 506 non
1116 462 1415 526 assequor
1460 441 1572 526 qui
1614 442 1729 506 fiat
1775 448 1852 505 ut
1893 442 1967 505 in
2007 440 2234 506 eodem
2280 440 2442 505 coeli
2501 450 2700 565 ἓξὲξ

240 550 459 609 tractu
493 544 651 608 dum
688 566 897 608 unum
940 544 1198 628 aliquod
1242 544 1547 628 oppidum
1588 545 1778 609 Peste
1809 544 2176 629 gravissime
2215 543 2438 626 affligi-
2488 580 2534 629 &
2558 580 2749 629 Pas-m

240 654 375 726 tur,
407 646 585 711 aliud
623 668 759 712 non
797 647 992 730 longe
1031 647 1348 727 dissitum,
1380 668 1644 711 omnem
1684 648 2046 712 commercii
2090 647 2438 712 necessitu-
2465 646 2746 733 anaqam

242 748 466 813 dinem
494 770 645 813 cum
671 750 811 815 loco
842 750 1212 833 contagioso
1241 756 1429 814 caute
1456 749 1832 829 inhibendo,
1863 771 2120 833 prorsus
2149 749 2440 813 immune
2514 711 2594 768 Μ’
2637 712 2730 827 ⁶⁶⁸,

242 872 319 915 se
354 852 781 935 praestiterit3
828 852 1373 936 quemadmodum
1419 874 1555 917 non
1597 860 1750 917 ante
1795 852 2036 917 multos
2085 874 2287 917 annos
2321 850 2442 937 [sc.
2469 814 2759 941 {ffieflffiff

246 954 473 1041 1656.]
506 956 689 1019 Pesti
711 976 827 1039 per
862 955 1230 1019 universam
1258 956 1391 1020 fere
1434 955 1698 1020 Italiam
1727 955 2099 1020 immaniter
2129 954 2448 1038 grassanti
2472 942 2564 990 erit
2585 943 2684 991 ”³⁸³
2759 966 2773 978 ‘⁴

243 1057 495 1141 Magni·
520 1058 723 1123 Ducis
764 1057 1191 1142 [Fordinandi
1220 1057 1351 1145 ῃ]
1385 1079 1543 1122 eura
1577 1064 1770 1141 atque
1808 1058 2158 1143 prudentia
2196 1056 2446 1121 aditum
2473 1005 2731 1147 {²533}ssssoe

237 1160 316 1223 in
348 1158 697 1225 Hetruriae
724 1161 887 1224 fines
916 1160 1179 1244 penitus
1206 1161 1574 1225 interclusit
1585 1157 1621 1223 ὶ.
2475 1136 2726 1247 }{3{d³⁸‘

345 1262 467 1347 [8.]
520 1263 779 1327 Primus
806 1263 1088 1327 insultus
1114 1263 1393 1346 rigorem
1424 1284 1499 1328 ac
1525 1262 1879 1342 horrorem,
1905 1262 2450 1347 quemadmodum
2477 1287 2660 1336 Modus
2675 1260 2758 1335 in.

242 1370 316 1427 et
343 1364 621 1429 febrium
644 1365 1221 1430 intermittentium
1244 1366 1657 1445 accessiones,
1679 1366 1814 1430 fere
1835 1372 2225 1450 perpetuum
2250 1365 2452 1432 habet
2476 1346 2711 1465 {zffggffi-

246 1467 572 1531 comitem.
637 1468 797 1531 Mox
824 1466 1103 1531 vomitus
1133 1489 1447 1547 enormes,
1480 1468 1662 1533 dolor
1690 1469 1860 1533 circa
1886 1468 2096 1532 cordis
2123 1468 2458 1551 regionem
2479 1488 2570 1530 tur.

242 1569 408 1633 acsi
435 1570 741 1634 torculari
778 1576 1245 1653 premerentur,
1277 1570 1501 1635 Febris
1532 1569 1766 1634 ardens
1793 1571 2036 1634 usitata
2065 1579 2456 1654 symptoma-

244 1676 397 1735 tum
442 1668 761 1758 συνδρομῇ
810 1673 1064 1755 stipata,
1110 1672 1554 1738 indesinenter
1603 1694 1830 1756 aegros
1882 1671 2202 1750 divexant,
2249 1671 2454 1737 donec

244 1781 367 1838 aut
410 1794 583 1838 mors
632 1774 791 1857 ipsa,
840 1780 955 1839 aut
1006 1774 1291 1859 benigna
1339 1774 1620 1839 bubonis
1671 1775 1774 1839 vel
1820 1774 2131 1858 parotidis
2180 1775 2453 1858 eruptio,

253 1898 425 1961 quae
466 1876 804 1941 materiam
845 1877 1245 1942 morbificam
1296 1877 1467 1941 foras
1516 1876 1792 1961 ablegat,
1840 1898 1948 1940 eos
1991 1875 2074 1941 ab
2117 1876 2472 1940 luctuosis-

254 1981 423 2043 simo
481 1980 847 2043 discrimine
904 1979 1153 2043 liberet.
1245 1980 1479 2045 Rarius
1537 1979 1800 2063 quidem
1867 1979 2101 2044 accidit
2159 1986 2238 2043 ut
2295 1979 2458 2044 citra
2523 2008 2526 2011 ⁴

243 2082 453 2145 ullam
475 2082 697 2146 Febris
730 2082 1245 2165 praesensionem
1273 2083 1557 2166 ingruat,
1582 2103 1658 2147 ac
1683 2082 1980 2147 homines
2004 2082 2084 2146 de
2113 2082 2455 2166 improviso
2481 2098 2754 2165 Repentina

245 2206 291 2249 e
346 2184 560 2249 medio
615 2184 823 2263 tollat,
882 2184 1151 2259 maculis
1216 2185 1576 2269 purpureis,
1634 2186 2084 2269 praesentanei
2149 2186 2454 2251 interitus
2478 2164 2776 2277 {i'gaffli'n

242 2288 521 2367 nuntiis,
552 2287 751 2353 etiam
790 2288 945 2351 dum
986 2288 1059 2351 in
1096 2288 1236 2352 foro
1272 2294 1632 2368 versantur,
1665 2288 2172 2372 erumpentibus.
2266 2288 2452 2354 Qua-e
2479 2264 2638 2341 Pe’stis
2660 2296 2746 2343 ad-

244 2389 591 2473 repentina
617 2389 1007 2454 exanimatio
1042 2390 1239 2473 (quod
1277 2390 1828 2456 animadversione
1869 2389 2186 2474 dignum,)
2221 2391 2348 2454 nisi
2377 2392 2453 2455 in.
2477 2358 2696 2471 222⁰ss

244 2493 461 2558 Pestis
500 2492 849 2558 admodum
886 2492 1183 2559 funestae
1228 2492 1487 2560 exordio
1514 2493 1622 2558 vix
1663 2493 1986 2577 contingit
2009 2521 2028 2573 3
2073 2494 2448 2560 remittente
2475 2487 2700 2600 ξζῗᾱῑῡίἱ

246 2617 329 2660 ac
354 2595 630 2661 refracta
648 2597 787 2681 jam
814 2597 943 2676 lue,
975 2603 1089 2661 aut
1128 2595 1203 2660 in
1242 2596 1433 2661 annis
1458 2597 1531 2660 in
1562 2597 1795 2681 quibus
1835 2619 1969 2660 non
1999 2598 2217 2662 ekistit
2245 2619 2447 2683 popu·
2474 2567 2662 2676 git-con
2703 2569 2761 2600 n-

244 2699 422 2779 laris,
468 2721 805 2783 nunquam
850 2698 1185 2765 observata
1242 2706 1363 2764 est.
1452 2699 1558 2765 Fit
1607 2701 1804 2764 etiam
1851 2721 2326 2784 nonnunquam
2372 2708 2449 2764 ut
2477 2691 2756 2768 Quibusgu.

248 2810 541 2868 tumores
566 2809 1010 2887 prorumpant,
1040 2822 1163 2867 nec
1192 2802 1399 2867 Febre
1432 2823 1554 2867 nec
1585 2803 1872 2886 graviore
1913 2803 2128 2888 aliquo
2165 2810 2447 2886 sympto-
2474 2769 2631 2867 ’113ἕῦξὲ
2651 2772 2758 2896 ἔξω

246 2910 427 2970 mate
471 2925 877 2988 praegresso3
926 2925 1297 2988 quanquam
1344 2905 1630 2988 suspicor
1675 2905 1956 2988 rigorem
2004 2913 2070 2968 et
2117 2905 2449 2988 horrorem
2471 2884 2754 3011 {2³:332}ss-

243 3007 673 3072 leviusculum
738 3027 813 3071 ac
878 3006 1099 3071 minus
1154 3007 1636 3091 perceptibilem
1705 3027 1955 3090 semper
2011 3006 2448 3090 praecessisse.
2469 3017 2658 3068 „tomate

250 3108 511 3175 Quibus
556 3113 775 3174 autem
819 3108 942 3174 hoc
988 3108 1291 3192 obtingit,
1338 3110 1417 3174 iis
1468 3109 1800 3193 integrum
1851 3115 1950 3173 est
1999 3131 2115 3195 per
2158 3090 2694 3202 publicas‘ssfssfssffi'

244 3213 495 3297 plateas
536 3233 653 3295 pro
695 3210 925 3277 libitu*
968 3211 1407 3292 obambulare,
1451 3234 1527 3278 ac
1568 3213 1940 3277 communia
1980 3214 2150 3277 vitae
2199 3213 2446 3292 munia,
2473 3204 2762 3280 ”⁰¹¹⁸fgem

247 3335 557 3380 sanorum
583 3335 781 3394 more,
812 3322 1025 3400 spreta
1053 3314 1233 3380 omni
1258 3315 1590 3398 regiminis
1621 3337 1794 3394 cura,
1825 3315 2024 3380 obire.
2473 3275 2732 3317 emmone.

348 3417 471 3502 [9.]
526 3417 870 3482 Caeterum
928 3417 1102 3500 quod
1164 3417 1248 3482 ad
1304 3417 1515 3482 morbi
1581 3419 1926 3482 essentiam
1986 3425 2250 3502 spectat,
2304 3440 2446 3482 eam
2473 3427 2760 3476 Morborum

247 3520 585 3585 enucleate
614 3519 880 3585 definire
921 3520 993 3584 in
1035 3543 1139 3584 me
1180 3541 1317 3585 non
1364 3520 1661 3605 suscipio.
1751 3521 1896 3584 Nec
1937 3521 2206 3585 sortasse
2240 3521 2446 3584 homi·
2471 3494 2752 3618 ζζξζὲζζο

242 3623 445 3688 nibus
473 3622 935 3688 cordatioribus
974 3627 1111 3686 rem
1148 3622 1365 3686 minus
1404 3622 1842 3705 importunam
1886 3622 1996 3686 illc
2035 3623 2244 3686 facere
2272 3623 2443 3686 vide·
2471 3621 2756 3696 “13111321111121

242 3727 447 3805 bitur,
489 3727 607 3809 qui
638 3747 679 3789 a
714 3746 821 3789 me
858 3725 1199 3809 postularit
1240 3725 1397 3809 quid
1432 3724 1604 3788 hanc
1645 3730 1758 3788 aut
1801 3725 1980 3788 illam
2020 3725 2444 3808 aegritudinis
2469 3693 2754 3798 {tgfffftfflg

246 3830 525 3914 speciem
548 3829 921 3907 constituat,
944 3851 1137 3912 quam
1160 3849 1281 3911 ego
1304 3828 1501 3892 etiam
1522 3828 1820 3906 facerem,
1845 3827 1900 3890 si
1923 3827 2004 3892 ab
2025 3828 2138 3892 illo
2165 3828 2340 3892 idem
2363 3829 2444 3892 de

244 3953 415 4016 equo
444 3931 643 4014 (verbi
670 3931 907 4012 causa‚)
933 3931 1107 3996 inter
1127 3929 1447 4009 animalia,
1470 3930 1574 3994 vel
1595 3929 1675 3994 de
1698 3929 1998 3994 betonica
2012 3930 2184 3994 inter
2213 3931 2442 4014 stirpes

240 4033 523 4100 vicissim
553 4032 977 4097 sciscitarer..
1015 4032 1348 4098 Nimirum
1387 4033 1756 4098 certissimis
1796 4033 2036 4116 ubique
2064 4031 2338 4115 legibus,
2369 4055 2444 4096 ac

243 4136 521 4202 artificio
578 4135 700 4199 sibi
768 4135 889 4200 soli
951 4135 1304 4216 intellecto,
1359 4157 1580 4200 rerum
1647 4136 1942 4201 omnium
1999 4135 2445 4218 generationes

242 4238 509 4304 Natura
544 4259 778 4322 parens
815 4239 1191 4323 exequitur3
1239 4261 1529 4325 quaeque
1566 4239 1820 4323 uspiam
1861 4259 1898 4302 e
1936 4258 2274 4302 causarum
2305 4258 2462 4319 gre-·

310 4397 325 4430 ¹
359 4401 485 4449 Vide
514 4399 763 4458 Galluaezi,
794 4401 929 4449 Istor.
960 4402 1037 4447 del
1072 4401 1302 4448 Grandae.
1456 4400 1481 4435 k
1517 4398 1679 4460 libitu]
1703 4398 1781 4446 Sic
1803 4397 1934 4460 Syd„
1953 4395 2129 4444 melius
2147 4395 2249 4446 edd.
2269 4399 2443 4444 recent.

244 4470 298 4514 ds·
332 4467 536 4514 Tot-cana
558 4467 635 4528 ᾆο.
656 4464 736 4513 vii.
762 4465 807 4512 6.
832 4473 863 4512 t.
890 4465 952 4512 iv.
975 4480 1023 4526 p.
1052 4466 1181 4514 122·
1392 4465 1551 4510 Iubt'to.
