3138 5006
712 268 843 331 520
1002 264 1215 329 ΤΗΟ.
1266 262 1788 331 SYDENHAM
1835 262 2158 329 SCHED.
2207 263 2532 328 MONIT.
2585 264 2690 327 ΙΙ.

406 442 491 491 D„
504 442 687 491 1333„
998 422 1202 487 Misc03
1248 426 1345 478 fiat
1390 424 1563 495 pulvis
1607 424 2002 487 subtilissimus,
2047 424 2204 493 cujus
2259 424 2436 492 capiat
2481 420 2952 476 aesnidi-achinam

422 508 671 555 Pv'rlum
996 512 1157 564 tertia
1186 527 1396 581 quaque
1418 510 1549 564 hora
1573 528 1642 563 ex
1663 509 1924 565 cochleari
1947 526 2055 563 uno
2081 509 2274 579 Syrupi
2309 508 2377 563 de
2413 508 2744 580 symphyto,
2769 524 2954 577 super·

390 630 409 639 ·-
502 572 592 620 ἅθ’
996 596 1229 652 bibendo
1252 582 1549 651 cochlearia
1573 606 1802 666 quatuor
1826 596 1908 649 vel
1932 597 2170 666 quinque
2185 595 2384 666 julapii
2406 596 2684 665 sequentis
2713 618 2810 647 :—

714 734 921 802 [Form.
949 736 1131 801 116.]·
1181 732 1245 813 st
1283 736 1471 806 Aquae
1496 736 1850 806 plantaginis,

1285 822 1529 893 [Aquae]
1558 823 1874 875 Ger-minum
1902 821 2162 885 Quercus,
2184 838 2292 874 ana
2311 820 2499 873 uncias
2521 829 2648 886 tren,

1276 909 1465 979 Aquae
1489 909 1834 963 cinnamomi
1861 907 2169 962 Hordeatae
2193 907 2380 961 uncias
2403 906 2556 971 duas,

1278 994 1471 1067 Sympi
1497 994 1563 1049 de
1589 994 1745 1048 Rosis
1769 994 1938 1048 Siccis
1962 995 2178 1047 unciam
2202 1010 2384 1057 unam,
2407 1002 2416 1009 '

1276 1080 1505 1154 Spiritus
1554 1082 1768 1134 Vitrioli
1828 1081 2184 1150 quantitatem
2230 1079 2580 1133 sufficientem
2625 1079 2704 1133 ad
2764 1082 2942 1135 levem

1346 1166 1684 1229 aciditaoeuu

994 1254 1241 1327 [Misce]

706 1402 982 1470 Interim
1033 1400 1303 1487 singulis
1350 1400 1651 1465 noctibus
1702 1398 2144 1483 paregoricum
2190 1400 2658 1485 praescriptum
2715 1402 2938 1486 propi-

702 1501 916 1571 netur.
1006 1504 1415 1569 Emulsiones
1444 1503 1601 1565 item
1635 1522 1714 1565 ex
1744 1508 2018 1584 quatuor
2047 1501 2399 1565 seminibus
2439 1503 2695 1587 frigidis
2725 1506 2937 1589 majo-

700 1609 879 1673 ribus
890 1606 927 1687 ¹,
966 1628 1115 1671 cum
1160 1604 1513 1669 seminibus
1555 1603 1884 1687 papaveris
1930 1602 2080 1682 albi,
2118 1625 2505 1687 magnopere
2553 1606 2936 1670 conferunt..

704 1708 1011 1776 Cessante
1069 1730 1222 1787 vero
1276 1705 1787 1788 haemorrhagia,
1832 1705 2076 1789 reliqua
2132 1727 2247 1789 per
2305 1706 2652 1771 decursum
2715 1710 2938 1774 morbi

702 1820 979 1895 agantur
1026 1817 1219 1896 prout
1270 1809 1341 1872 in
1404 1808 1796 1871 Variolarum
1847 1807 2054 1890 capite
2111 1807 2394 1891 [Observ.
2443 1810 2618 1873 Med.
2673 1809 2774 1873 iii.
2829 1812 2926 1895 2.]

702 1916 1001 1981 traditur.

800 2015 967 2102 [14]
1007 2014 1377 2099 Antequam
1407 2015 1606 2077 finem
1633 2010 1882 2092 faciam,
1912 2012 2036 2077 hoc
2066 2004 2399 2097 adjiciam5
2438 2014 2631 2098 quod,
2668 2019 2934 2101 quoties

702 2120 993 2204 guttulas
1058 2118 1301 2202 aliquot
1357 2115 1653 2179 Laudem*
1722 2114 1980 2195 [liquidi
2053 2116 2454 2199 usurpandas
2525 2120 2936 2201 praescribo,

696 2220 1089 2313 ‚Laudanum
1147 2240 1329 2283 meae
1388 2216 1828 2302 descriptionis
1885 2216 2198 2300 intellige,
2259 2219 2442 2303 cujus
2505 2220 2806 2285 formula
2863 2224 2934 2287 in

694 2323 865 2415 ,libro
907 2328 1130 2386 nostro
1177 2321 1284 2383 De
1328 2320 1576 2383 Morbis
1620 2320 1863 2397 Acuti-3,
1905 2317 2112 2401 capite
2159 2319 2240 2383 de
2279 2320 2658 2401 Dysenteria
2711 2324 2836 2407 [iv.
2866 2328 2932 2391 3.

705 2420 839 2509 14.]
890 2422 1203 2501 habetur3
1247 2428 1315 2487 et
1362 2420 1535 2506 quod
1577 2422 1888 2503 Sympum
1927 2421 2004 2484 de
2041 2420 2330 2485 Mecom‘o
2366 2421 2554 2485 illum
2595 2426 2776 2506 volu,
2821 2429 2934 2512 qui

692 2517 1036 2594 conficitur
1096 2549 1174 2592 ex
1230 2525 1438 2590 unciis
1496 2524 1980 2608 ‘quatuordecim
2046 2524 2330 2608 capitum
2393 2529 2729 2611 papaveris
2793 2533 2932 2596 albi

698 2629 865 2715 bene
910 2629 1311 2707 siccatorum,
1355 2635 1423 2692 et
1473 2628 1641 2710 (post
1697 2623 2197 2692 macerationem
2239 2627 2310 2690 in
2351 2650 2553 2712 aquae
2599 2629 2930 2698 fontanae

696 2730 875 2796 libris
955 2723 1101 2795 octo
1167 2729 1251 2794 ad
1322 2727 1513 2793 horas
1587 2727 1822 2810 viginti
1897 2727 2220 2812 quatuor,)
2287 2729 2485 2811 probe
2554 2739 2928 2814 coctorum,

646 2911 655 2918 .
698 2829 849 2898 dein
908 2852 1348 2916 expressorum
1406 2850 1597 2913 quam
1653 2829 2033 2908 fortissime;
2097 2852 2370 2913 quorum
2421 2831 2754 2898 colatmae
2809 2835 2928 2899 ad-

696 2935 946 2999 duntur
993 2933 1276 2998 sacchari
1316 2931 1546 2996 unciae
1595 2930 1827 3013 viginti
1865 2921 2164 3014 quatuor,'
2207 2939 2274 2996 et
2322 2931 2394 2995 in
2443 2955 2768 3017 syrupum
2815 2959 2927 3002 co-

696 3037 936 3120 quitur.
1028 3036 1169 3099 Has
1212 3034 1387 3098 enim
1431 3033 1591 3118 duas
1634 3031 2148 3116 praeparationes
2175 3031 2248 3096 in
2285 3055 2400 3097 suo
2431 3055 2671 3117 genere
2699 3037 2924 3104 effica-

696 3137 979 3202 cissimas
1017 3157 1155 3200 esse
1185 3131 1439 3228 judico;
1482 3133 1858 3217 praesertim
1892 3133 2218 3218 Syrupum
2253 3133 2334 3198 de
2362 3134 2690 3216 MeconiO,
2721 3141 2924 3225 cujus

694 3239 885 3303 uncia
909 3259 1046 3302 una
1078 3237 1222 3321 plus
1260 3243 1544 3320 praestat
1576 3257 1766 3318 quam
1805 3234 2033 3299 unciae
2078 3236 2240 3302 duae
2285 3236 2545 3302 alterius
2588 3238 2814 3319 istius,
2845 3243 2920 3306 in

693 3362 821 3423 quo
864 3361 1253 3424 papaverum
1294 3339 1508 3422 capita
1543 3337 1908 3401 humidiora
1945 3345 2359 3421 usurpantur,
2388 3338 2600 3422 liquor
2635 3363 2782 3406 non
2823 3344 2922 3408 ita

690 3442 944 3506 fortiter
986 3439 1378 3525 exprimitur,
1410 3446 1496 3519 et,
1524 3439 1667 3504 loco
1695 3439 1884 3522 nigri,
1917 3440 2299 3523 quandoque
2335 3441 2544 3524 capita
2567 3447 2918 3526 papaveris

690 3544 1023 3623 rhoeados,
1056 3564 1216 3627 quae
1244 3543 1580 3625 paululum
1608 3540 1867 3620 virtutis
1895 3540 2160 3620 habent,
2190 3549 2441 3624 partem
2468 3542 2564 3606 ita
2591 3566 2914 3628 magnam

692 3645 1124 3730 suppeditant.
1216 3643 1485 3709 Quoties
1512 3641 1732 3726 itaque
1770 3664 1906 3706 non
1941 3641 2094 3705 satis
2121 3642 2283 3705 mihi
2312 3649 2564 3708 constat
2595 3645 2678 3710 de
2709 3648 2914 3712 alter-

690 3749 898 3812 utrius
926 3747 1159 3811 horum
1188 3744 1700 3828 paregoricorum
1733 3743 1994 3822 viribus,
2017 3745 2406 3808 utrorumvis
2434 3745 2576 3810 loco
2599 3747 2914 3813 Laudani

693 3848 1120 3914 Londinensis
1161 3845 1344 3912 solidi
1383 3845 1890 3930 sesquigranum,
1920 3846 2020 3909 vel
2064 3841 2259 3910 etiam
2303 3867 2508 3929 grana
2542 3847 2696 3928 duo,
2731 3851 2918 3917 soleo

687 3951 1114 4036 praescribere
1150 3949 1221 4012 in
1256 3970 1423 4032 aqua
1466 3947 1870 4032 appropriata
1907 3947 2160 4027 soluta3
2206 3969 2334 4032 quo
2365 3955 2555 4032 pacto
2593 3951 2678 4015 ab
2723 3955 2918 4018 omni

687 4075 901 4119 errore
930 4059 997 4117 et
1026 4051 1189 4115 mihi
1217 4057 1283 4114 et
1313 4071 1505 4133 aegro
1532 4071 1679 4113 meo
1709 4070 1914 4113 caveo.

884 4195 905 4218 Φ
941 4187 1011 4235 Cf
1028 4185 1219 4235 formm.
1244 4187 1323 4245 88,
1350 4187 1457 4234 199.

884 4249 901 4281 ¹
930 4251 1009 4302 Sc.
1034 4254 1225 4309 cito-ulli,
1242 4252 1506 4308 cucumeris,
1530 4252 1808 4308 cucurbitae,
1838 4255 1888 4297 et
1915 4251 2147 4298 melonum.
2173 4265 2216 4316 V·
2245 4249 2503 4298 Blancardi
2527 4253 2643 4302 Les.
2669 4255 2812 4304 Med.
