3138 5006
650 253 782 319 260
1260 251 1650 318 THOMAE
1697 250 2220 317 SYDENHAM

356 422 623 479 Rnnum-
654 414 913 499 quidem
948 434 1086 479 non
1118 413 1200 478 de
1236 413 1574 481 arthritide
1611 420 1886 491 tantum,
1919 414 2033 479 sed
2076 420 2144 479 et
2191 414 2272 478 de
2316 412 2608 499 hydrope
2641 414 2858 480 adhuc

383 500 594 534 Tlsuus.
660 518 673 531 ·

344 560 406 623 33-
421 558 629 623 OEhss
656 518 1027 601 incipiente,
1072 518 1321 581 dictum
1348 518 1530 596 volo;
1577 518 1656 581 de
1701 538 1828 601 quo
1871 518 2096 582 morbo
2135 517 2286 581 licet
2319 518 2514 601 vulgo
2551 519 2858 604 jactetur,

344 594 521 704 diripi..
547 591 579 638 y
661 619 859 685 “Ubi
918 620 1155 684 desinit
1207 620 1563 699 scorbutus,
1617 620 1712 684 ibi
1754 620 1982 705 incipit
2025 619 2373 705 hydrops,”
2421 620 2581 685 haec
2630 629 2858 686 tamen

658 723 885 807 regula
928 744 1115 807 saepe
1154 724 1407 808 saepius
1442 745 1578 787 non
1622 724 1810 789 aliter
1853 733 1951 789 est
1997 724 2387 807 accipienda,
2425 747 2618 809 quam
2663 724 2856 809 quod,

655 827 771 890 ubi
813 825 1095 910 primum
1134 848 1202 890 se
1244 827 1525 910 hydrops
1573 826 1931 891 manifestis
1973 826 2188 909 prodit
2233 826 2510 905 indiciis,
2549 848 2856 911 praeeon-

656 935 843 1011 cepta
871 925 952 991 de
996 927 1297 992 scorbuto
1326 928 1543 1012 opinio
1585 928 1806 992 statim
1840 928 2230 992 collabescit.
2321 927 2545 991 Potest
2575 934 2641 992 et
2679 927 2858 992 idem

653 1030 777 1097 hoc
834 1029 1137 1095 affirmari
1190 1030 1271 1094 de
1316 1052 1509 1115 quam
1556 1030 1848 1115 plurimis
1893 1031 2034 1095 aliis
2077 1031 2318 1095 morbis
2371 1030 2706 1110 chronicis,
2753 1030 2860 1093 vel

656 1132 867 1197 adhuc
902 1134 975 1196 in
1014 1154 1276 1217 corpore
1313 1133 1602 1197 humano
1645 1133 2082 1213 nascentibus,
2115 1134 2352 1217 quique
2383 1134 2655 1218 proinde
2689 1154 2856 1197 non-

657 1237 815 1303 dum
844 1245 1093 1301 certum
1123 1237 1401 1321 aliquem
1430 1236 1553 1301 sibi
1584 1236 1901 1301 cuderunt
1929 1243 2197 1321 typum3
2237 1237 2337 1300 vel
2367 1236 2564 1301 etiam
2595 1236 2676 1300 de
2707 1236 2857 1314 illis,

656 1340 787 1422 qui,
818 1339 968 1405 licet
997 1339 1235 1423 partim
1260 1338 1471 1422 fugati
1500 1339 1653 1418 sint,
1684 1338 1976 1403 nondum
2011 1348 2234 1404 tamen
2263 1340 2524 1424 penitus
2552 1339 2860 1403 debellati

658 1441 1195 1525 exterminatique
1252 1440 1574 1506 videntur.
1681 1442 1770 1506 Et
1829 1463 1984 1506 sane
2041 1441 2168 1505 nisi
2224 1442 2347 1506 hoc
2405 1442 2856 1519 concedamus,

660 1545 946 1608 Scor-buti
968 1565 1227 1624 nomen,
1248 1544 1350 1607 uti
1365 1543 1558 1608 hodie
1587 1544 1681 1622 fit,
1701 1544 1772 1607 in
1800 1544 2188 1609 immensum
2213 1552 2474 1624 crescet,
2499 1551 2566 1609 et
2597 1564 2860 1608 omnem

352 1657 618 1707 Methodus
657 1647 791 1711 fere
829 1647 1200 1712 morborum
1234 1668 1580 1711 numerum
1630 1647 1935 1712 absolvet.
2025 1648 2212 1728 Cum,
2251 1648 2307 1712 si
2339 1649 2408 1711 id
2445 1648 2667 1713 sedulo
2705 1668 2858 1729 aga-

350 1724 606 1835 {ssffffiffi
658 1771 805 1815 mus
834 1758 911 1814 ut
941 1750 1161 1815 abdita
1190 1751 1501 1835 cujusque
1527 1750 1740 1816 morbi
1766 1752 2122 1835 penetralia
2148 1758 2646 1835 perscrutemur,
2677 1771 2858 1815 eum-

349 1852 636 1979 {}¹,‡}¹1}{J,¹¹³⁸
663 1874 787 1936 que
815 1859 961 1936 post
996 1854 1446 1936 irregularium
1482 1860 1989 1939 symptomatum
2017 1854 2158 1918 vela
2191 1854 2504 1918 latentem
2533 1874 2856 1931 eruamus,

352 1988 512 2035 mam,
537 1982 619 2029 sed
663 1976 781 2019 sua
810 1976 879 2019 se
906 1977 1058 2020 mox
1088 1957 1295 2039 specie
1332 1957 1416 2021 sit
1459 1957 1831 2041 proditurus
1864 1965 1932 2021 et
1962 1956 2044 2021 ad
2071 1956 2251 2020 illam
2280 1956 2363 2020 ad
2395 1978 2589 2040 quam
2617 1955 2859 2020 attinet

354 2044 445 2156 {122³
456 2046 635 2171 ¹3¹3&
661 2058 972 2121 familiam
1000 2058 1177 2122 haud
1197 2058 1541 2123 difficulter
1560 2059 1965 2143 relegandus
2058 2058 2238 2123 Quin
2267 2065 2333 2123 et
2355 2057 2700 2123 methodus
2731 2079 2860 2141 qua

352 2174 479 2220 fecte
500 2174 597 2222 for·
661 2159 1105 2243 hujuscemodi
1144 2160 1355 2225 morbi
1384 2168 1537 2225 sunt
1578 2161 1900 2246 abigendi,
1931 2183 2066 2227 non
2107 2162 2486 2227 adulterinis
2520 2161 2646 2225 illis
2685 2182 2858 2245 sym-

354 2247 627 2349 ἱῖξζᾍξξξ,
661 2263 986 2345 ptomatis,
1032 2261 1147 2326 sed
1187 2262 1312 2346 ipsi
1360 2263 1606 2342 morbo,
1654 2265 2012 2348 qualisnam
2061 2264 2118 2329 is
2171 2265 2434 2329 demum
2476 2264 2691 2343 fuerit,
2737 2284 2862 2329 ceu

355 2367 527 2413 danda.
662 2364 943 2447 perfecte
971 2365 1268 2444 formate,
1292 2365 1558 2449 jamque
1588 2372 1740 2430 actu
1769 2367 2090 2445 existenti,
2121 2366 2682 2431 accommodanda.

356 2462 619 2576 'Innatil'ffffig-
756 2464 927 2554 [11.]
980 2467 1109 2532 Sed
1137 2467 1242 2532 hic
1270 2468 1651 2549 notandum,
1673 2490 1808 2534 non
1831 2469 1990 2534 adeo
2021 2470 2390 2535 consultum
2419 2490 2574 2551 esse,
2600 2468 2860 2553 quando

356 2591 622 2641 inveterato
666 2569 1191 2635 Rheumatismus
1242 2571 1486 2655 aliquot
1537 2593 1858 2636 annorum
1909 2572 2336 2639 diuturnitate
2395 2574 2558 2638 altas
2614 2573 2860 2638 radices

352 2655 569 2783 ὶῗζξξζιζι
667 2671 818 2750 egit,
866 2671 1247 2755 sanguinem
1293 2682 1429 2738 tam
1486 2673 1806 2753 brevibus,
1859 2695 1934 2740 ac
1985 2675 2106 2740 sub
2165 2676 2455 2760 ejusdem
2498 2675 2860 2760 primordiis

354 2785 480 2832 inter
501 2801 589 2862 νεῖ
666 2775 881 2854 fiebat,
948 2777 1297 2842 intervallis
1362 2779 1662 2856 mittere3
1739 2777 1896 2862 quin
1952 2785 2297 2861 praestare,
2355 2779 2860 2862 septimanarum

354 2858 625 2978 ξζΐξξιξζ
667 2877 909 2962 aliquot
960 2878 1437 2964 intercapedine
1482 2879 1786 2964 repetitas
1833 2879 1974 2944 illas
2030 2878 2574 2944 venae-sectiones
2633 2878 2860 2942 dister-

355 2979 470 3053 ,titw
492 2989 565 3027 θεῖ
602 3030 613 3042 .
664 2983 948 3061 minare3
995 3003 1157 3064 quae
1186 2981 1451 3046 tandem
1480 2983 1582 3046 vel
1609 2983 1868 3065 penitus
1895 2981 2230 3046 materiam
2259 2980 2656 3046 morbificam
2684 3001 2880 3045 aver--

352 3053 583 3158 ᾙὲξῇἷῗῇ
664 3083 1054 3162 runcabunt,
1086 3084 1184 3147 vel
1216 3084 1444 3149 saltem
1474 3105 1549 3148 eo
1581 3087 1963 3165 conducent,
1995 3092 2072 3148 ut
2101 3084 2456 3150 fontanella
2484 3085 2554 3149 in
2597 3107 2862 3150 crurum

358 3191 645 3266 ,Fontanella
667 3187 977 3250 alterutro
1016 3186 1310 3264 excitata,
1342 3194 1409 3250 et
1438 3187 1667 3270 spiritu
1697 3185 1950 3270 quovis‘¹
1979 3187 2220 3251 volatili
2260 3187 2330 3250 in
2359 3187 2508 3251 vino
2539 3186 2862 3251 Cana-rino

355 3271 406 3367 ἓξ
428 3272 627 3383 ξὲζξῗζη
666 3309 857 3352 mane
888 3295 953 3352 et
984 3310 1125 3352 sero
1155 3288 1456 3366 exhibito,
1488 3289 1792 3372 reliquiae
1823 3291 1960 3373 ejus
1989 3289 2412 3372 extirpentur.

358 3386 641 3498 ffiiifizffhgg·
757 3387 959 3474 [12.]f
1000 3389 1041 3452 J
1044 3410 1149 3464 am
1194 3410 1341 3453 vero
1388 3397 1960 3475 quantumcunque
2001 3391 2381 3456 discriminis
2425 3391 2597 3456 inter
2637 3411 2863 3456 verum

358 3525 575 3580 Pmsunt·
668 3492 1229 3556 Rheumatismum
1284 3493 1381 3574 (ut
1434 3514 1628 3576 supra
1677 3493 1906 3577 innui,)
1954 3501 2020 3558 et
2069 3494 2444 3559 scorbutum
2483 3491 2862 3571 intercedat,

666 3594 856 3658 aliam
893 3603 1115 3658 tamen
1153 3595 1426 3678 speciem
1466 3616 1602 3660 esse
1632 3595 2122 3674 Rheumatismi,
2157 3616 2316 3678 quae
2360 3595 2444 3659 ad
2487 3593 2864 3658 scorbutum

666 3718 859 3779 quam
887 3697 1175 3780 proxime
1218 3698 1481 3776 accedit,
1513 3698 1778 3763 omnino
1822 3699 2264 3763 confitendum
2293 3706 2411 3776 est,
2442 3705 2670 3781 utpote
2701 3717 2866 3780 quae

665 3799 1017 3882 insigniora
1065 3800 1261 3884 hujus
1306 3800 1515 3865 morbi
1573 3809 2007 3885 symptomata
2065 3803 2446 3880 aemulatur,
2499 3807 2567 3864 et
2624 3799 2866 3884 pariter

667 3905 891 3968 eadem
920 3904 1122 3968 ferme
1150 3905 1433 3968 remedia
1467 3904 1589 3969 sibi
1626 3905 1940 3983 vendicat,
1972 3904 2242 3987 ideoque
2280 3903 2440 3966 mihi
2473 3903 2867 3966 Rheumatis-

666 4028 802 4070 mas
832 4007 1228 4071 Scorlmticus
1256 4007 1456 4071 audit.
1543 4007 1747 4074 Dolor
1776 4029 1952 4072 nunc
1981 4008 2169 4085 hanc,
2201 4027 2380 4070 nunc
2408 4006 2583 4069 illam
2613 4011 2868 4089 partem

669 4109 938 4189 obsidet,
970 4110 1082 4175 sed
1113 4109 1384 4174 eandem
1414 4110 1482 4173 in
1512 4118 1855 4189 tumorem,
1888 4131 1962 4174 ac
1991 4109 2060 4174 in
2091 4109 2216 4173 alia
2245 4109 2470 4192 specie,
2499 4128 2644 4172 raro
2675 4106 2866 4171 attol-

735 4317 756 4349 ἆ
791 4323 945 4380 quovis
981 4318 1145 4382 volem]
1180 4323 1355 4368 volatili
1398 4315 1473 4367 0⁸⁴
1512 4324 1724 4370 Doctoris
1815 4325 2036 4371 Goddard
2052 4324 2124 4370 ed.
2150 4323 2245 4373 ’76.

676 4387 899 4431 Goddard
920 4383 991 4430 ed.
1020 4385 1112 4432 ’76.
1877 4387 1894 4418 f
1929 4388 2078 4434 Deest
2103 4391 2125 4447 ξ
2158 4390 2214 4436 12
2239 4388 2290 4435 in
2323 4387 2397 4435 ed.
2432 4387 2526 4438 ’76.
2557 4386 2633 4434 Cf.
2659 4389 2864 4435 Procas.

736 4460 755 4484 e
790 4451 935 4509 qm'tu's
974 4447 1139 4510 volan]
1177 4452 1373 4497 volatilis
1398 4447 1475 4496 D²⁵
1512 4451 1723 4498 Doctora's
1815 4455 1904 4500 Int.
1929 4468 1966 4500 c.
1993 4454 2069 4501 59.
