3138 5006
680 289 768 350 80
1307 286 1697 352 ΤΗΟΜΑΕ
1744 284 2267 352 SYDENHAM

413 462 624 512 Faunus
685 455 900 514 autem
931 468 1005 512 ac
1051 446 1414 513 divitiarum
1467 448 1663 532 longe
1690 447 1899 516 minor
1914 448 2087 531 apud
2127 446 2359 533 probos
2392 447 2561 511 ratio
2603 448 2889 514 habetur

375 526 658 642 Ᾱζζξζξκ
685 573 871 637 quam
901 550 1160 616 virtutis
1189 557 1258 614 et
1287 551 1663 635 sapientiae.

408 657 616 706 ’el-⁵64.
777 653 946 738 [29]
969 655 990 691 ²
1033 653 1534 720 Quantumlibet
1563 658 1785 718 autem
1822 652 2021 718 fuerit
2060 651 2319 718 difficile
2360 653 2882 718 Intermittentes

377 745 610 858 fflssssssss,
679 757 798 822 has
848 756 1284 822 Autumnales
1335 763 1512 820 certo
1561 756 1807 840 fugare,
1860 756 2117 820 tradam
2172 764 2397 821 tamen
2444 757 2748 840 quicquid
2799 757 2895 822 ad·

379 887 515 923 nun
542 876 653 924 Au·
680 857 1034 924 earundem
1063 857 1466 922 curationem
1493 877 1647 940 prae
1676 857 1938 941 reliquis
1966 857 2177 922 facere
2204 858 2365 922 mihi
2395 859 2606 922 visum
2634 865 2755 922 est.

375 951 639 1052 {ss‘sss’m
773 960 1367 1026 Intermittentium
1411 960 1914 1028 Autumualium
1964 960 2365 1026 curationem
2410 983 2548 1027 non
2596 959 2737 1026 sine
2756 1019 2761 1022 .
2778 961 2897 1028 in-

377 1082 556 1145 gum.
685 1064 870 1149 genti
917 1063 1286 1130 discrimine
1335 1085 1450 1148 per
1497 1063 1825 1128 cathal-sin
1868 1063 2128 1142 tentari,
2183 1065 2332 1146 (nisi
2374 1083 2453 1130 eo
2497 1085 2691 1149 quem
2731 1086 2887 1132 mox

379 1158 642 1270 cathmi}
685 1167 972 1232 dicemus
991 1167 1184 1232 modo
1201 1166 1628 1249 instituatur,)
1652 1165 2028 1248 praesertim
2044 1187 2195 1230 vero
2214 1187 2329 1250 per
2356 1167 2885 1250 phlebotomiam,

375 1223 505 1334 ἕέἒῖἑ
515 1237 600 1364 ¹313?
627 1237 658 1271 ⁰
685 1270 1012 1352 frequenti
1061 1269 1256 1333 nimis
1309 1267 1753 1334 observatione
1796 1268 1933 1351 jam
1982 1267 2138 1332 olim
2183 1268 2397 1333 didici.
2489 1269 2755 1334 Etenim
2808 1270 2887 1334 in

374 1351 623 1477 ζξῇἓξῖ·
686 1372 1005 1436 Tertianis
1020 1372 1320 1455 (maxime
1337 1372 1393 1435 si
1409 1393 1487 1436 ea
1503 1371 1883 1436 constitutio
1902 1370 2251 1435 admodum
2266 1371 2463 1435 fuerit
2481 1372 2881 1456 epidemica,)

377 1451 658 1543 praesciam
681 1475 805 1539 hac
832 1475 1140 1540 methodo
1162 1473 1485 1553 sanandis,
1509 1474 1639 1538 nisi
1667 1475 1971 1556 Chirurgi
2001 1473 2315 1557 gladiolus
2340 1473 2565 1538 eodem
2592 1474 2728 1540 ictu
2752 1497 2883 1559 quo

378 1544 650 1666 {fissssgffie'
683 1598 914 1642 venam
936 1575 1273 1661 pertundit
1289 1576 1496 1661 ipsam
1514 1576 1711 1641 etiam
1731 1575 2005 1640 Febrem
2022 1575 2366 1655 confodiat,
2392 1575 2600 1641 dictae
2623 1577 2885 1657 Febres‚

376 1674 610 1786 ³¹¹.t1t2“‘'tf.·
685 1680 884 1744 etiam
911 1681 984 1744 in
1011 1680 1444 1764 vegetioribus
1474 1687 1542 1744 et
1573 1679 1877 1744 athletice
1908 1686 2161 1744 caetera
2186 1679 2570 1759 valentibus,
2594 1701 2729 1746 non
2756 1681 2889 1746 nisi

376 1754 470 1850 ἷζε
484 1753 614 1880 Anu?
683 1784 880 1867 longo
908 1783 1216 1867 temporis
1244 1788 1460 1848 tractu
1505 1782 1861 1866 expugnari
1890 1803 1959 1847 se
1998 1783 2359 1866 patiuntur.
2445 1785 2532 1848 In
2568 1784 2885 1868 provecti·-

377 1867 662 1981 ffifflss}¹‘ue
686 1886 903 1950 oribus
934 1895 1154 1951 autem
1184 1884 1514 1950 diutinum
1544 1885 1767 1949 Febris
1797 1885 2154 1950 cruciatum
2181 1886 2450 1951 tandem
2479 1886 2676 1950 etiam
2710 1908 2889 1951 mors

377 1950 599 2047 noeenaq
687 1989 957 2072 excepit,
1005 2011 1198 2072 quam
1249 2010 1402 2072 prae
1459 1988 1704 2052 foribus
1748 1987 1888 2071 jam
1934 2008 2071 2052 esse
2120 1987 2297 2052 haud
2332 2009 2491 2082 ,raro
2536 1989 2893 2056 denunciat

687 2089 942 2156 lethalis
987 2091 1100 2156 illa
1149 2091 1555 2156 tonsillarum
1601 2089 2044 2169 inflammatiO,
2085 2090 2267 2173 cujus
2306 2089 2575 2157 fecimus
2636 2091 2705 2177 [θ
2749 2091 2889 2178 12.]

686 2193 1110 2258 mentionem.
1198 2192 1388 2258 Adde
1418 2192 1589 2277 quod
1618 2191 2046 2258 venae-sectio
2077 2190 2201 2255 alia
2230 2192 2427 2256 etiam
2456 2200 2895 2277 symptomata.

688 2295 802 2359 illa
821 2294 1138 2360 maturius
1161 2296 1506 2374 accersivit,
1529 2315 1694 2378 quae
1722 2296 1961 2360 Febres
1981 2295 2413 2360 Autumnales
2434 2296 2889 2361 Inter-mitten-

688 2405 788 2462 tes
806 2397 880 2460 in
901 2403 1081 2461 statu
1101 2397 1547 2462 declinationis
1564 2398 1666 2461 vel
1682 2397 1973 2462 comitari
1996 2396 2292 2476 diximuS,
2302 2398 2403 2461 vel
2424 2419 2465 2462 a
2479 2405 2665 2481 tergo
2686 2399 2895 2482 sequi.

695 2499 1142 2565 Quartanariis
1181 2522 1330 2567 vero
1373 2499 1446 2564 in
1484 2507 1745 2565 tantum
1780 2497 1964 2566 obest
2001 2498 2456 2583 phlebotomia,
2488 2506 2565 2565 ut
2595 2500 2887 2584 juvenes,

693 2603 805 2686 qui
835 2625 876 2667 a
901 2602 1126 2667 morbo
1157 2604 1312 2667 alias
1355 2603 1531 2667 intra
1561 2624 1675 2667 sex
1712 2624 1967 2667 menses
2004 2602 2279 2667 fuissent
2316 2603 2594 2682 liberati,
2624 2624 2741 2687 per
2778 2624 2895 2667 sex

691 2705 908 2770 adhuc
959 2706 1115 2770 alios
1159 2705 1241 2770 ab
1285 2705 1514 2769 eodem
1559 2704 2010 2771 detineantur:
2064 2711 2401 2789 aetateque
2443 2706 2891 2788 provectiores,

693 2807 826 2891 qui,
883 2806 1012 2871 nisi
1069 2807 1456 2891 sanguinem
1515 2806 1963 2887 detraxissent,
2021 2806 2199 2870 intra
2268 2827 2521 2869 annum
2586 2814 2893 2891 poterant

694 2909 926 2987 sanari,
958 2908 1258 2973 morbum
1302 2909 1498 2974 etiam
1537 2910 1713 2973 ultra
1752 2915 1997 2973 statum
2039 2908 2202 2973 illud
2230 2915 2489 2992 tempus
2527 2906 2697 2975 alere
2723 2910 2899 2993 peri-

693 3012 1022 3089 clitantur,
1059 3032 1134 3075 ac
1164 3011 1442 3095 denique
1480 3009 1564 3075 ab
1604 3010 1831 3075 eodem
1867 3010 2021 3074 victi
2056 3010 2492 3075 succumbere.
2582 3010 2767 3077 Quae
2810 3012 2903 3084 de,

693 3113 1207 3179 venae-sectione
1257 3115 1398 3199 jam
1456 3114 1609 3193 dixi,
1660 3113 1785 3189 leri
1844 3134 2038 3197 opera
2096 3114 2181 3179 ad
2238 3113 2565 3179 catharain
2620 3122 2895 3197 possunt

757 3324 776 3356 ⁸
805 3326 859 3385 §5
889 3324 1080 3371 29—35
1112 3338 1210 3371 om.
1243 3323 1348 3373 edd.
1373 3324 1468 3382 ’66,
1493 3324 1591 3383 ⁹68,
1626 3338 1749 3387 quo·
1834 3330 1971 3371 caute
2002 3326 2229 3382 adhibita,
2275 3326 2523 3386 aliquando
2562 3322 2802 3387 prefuisse,
2848 3336 2897 3375 et

693 3402 807 3435 rum
841 3389 894 3435 in
925 3388 1034 3435 loco
1067 3388 1188 3436 haec
1228 3403 1352 3451 quae
1384 3397 1658 3451 sequuntur
1672 3406 1755 3435 :--
1830 3402 2125 3450 paros-ymos
2156 3392 2332 3436 omnino
2376 3390 2644 3443 sustulisse.-
2684 3394 2897 3451 inprimis

697 3454 882 3500 Interea
915 3456 1142 3514 temporis,
1165 3468 1249 3515 ego
1281 3469 1376 3501 rem
1403 3456 1532 3501 illam
1563 3461 1615 3501 ut
1637 3455 1753 3500 satis
1838 3468 1955 3509 vero,
2000 3454 2042 3499 si
2081 3460 2344 3513 tempestate
2383 3456 2535 3515 quoad
2574 3457 2685 3501 istos
2720 3458 2901 3503 morbos

697 3518 926 3576 difficilem
945 3519 1164 3575 arbitror,
1187 3521 1256 3565 ita
1284 3522 1422 3565 etiam
1448 3520 1754 3579 periculosam
1839 3520 1987 3564 minas
2000 3519 2247 3577 epidemica
2262 3526 2551 3577 usurpentur.
2594 3520 2899 3569 Veruntamen

697 3597 792 3629 esse
825 3598 914 3629 non
951 3584 1121 3630 dubito.
1192 3580 1337 3642 Cujus
1374 3584 1444 3629 rei
1480 3584 1755 3629 luculentum
1840 3582 2019 3628 etiamsi
2041 3596 2097 3627 ex
2120 3583 2179 3627 iis
2200 3596 2316 3642 quae
2332 3598 2449 3629 nunc
2470 3586 2797 3641 annotavimus,
2820 3588 2899 3631 vir

697 3648 946 3707 exemplum
967 3663 998 3693 a
1009 3648 1195 3707 pulvere
1211 3648 1290 3693 illo
1311 3662 1440 3708 quem
1454 3645 1486 3692 J
1489 3646 1758 3693 esuitarum
1842 3648 2001 3706 aliqua
2031 3660 2135 3705 spes
2168 3648 2385 3693 sanitatis
2414 3662 2551 3708 ocyus
2586 3650 2898 3698 restituendae

697 3712 948 3770 appellant,
982 3726 1154 3757 mmere
1188 3712 1308 3757 licet.
1381 3712 1597 3761 Quamvis
1640 3713 1757 3757 enim
1842 3711 1971 3756 nobis
1999 3710 2223 3771 affulgeat
2236 3728 2255 3763 ,·
2294 3710 2477 3757 Medico
2510 3717 2658 3758 tamen
2690 3714 2820 3759 docto
2852 3720 2899 3759 et

690 3775 898 3835 pulveris
914 3776 1041 3821 illius
1053 3791 1138 3821 usu
1141 3770 1537 3833 fermentationem
1549 3776 1615 3822 ad
1622 3790 1759 3835 prae-
1844 3776 2005 3835 sagaci
2018 3776 2139 3820 loeas
2153 3776 2443 3835 relinquitur,
2464 3778 2543 3836 qui
2558 3778 2799 3837 sanguinis
2814 3780 2897 3824 de-

697 3852 799 3885 sem
821 3840 1023 3886 inhibere
1037 3841 1274 3899 possimis,
1292 3841 1486 3886 materia
1505 3846 1653 3887 tamen
1667 3840 1753 3886 ad—
1844 3840 1985 3886 bitam
2018 3839 2357 3897 depurationem
2386 3846 2619 3899 procuret,
2652 3856 2739 3901 quo
2772 3844 2899 3889 intra

697 3904 786 3949 huc
815 3905 1017 3958 residua,
1049 3919 1164 3964 quae
1184 3899 1507 3962 fermentando
1535 3905 1758 3963 dissipari
1844 3904 2009 3949 limites
2040 3917 2069 3947 a
2090 3902 2281 3949 Natura
2308 3902 2513 3960 definitos
2542 3920 2599 3951 ea
2622 3912 2896 3966 peragatur,

695 3966 846 4021 debet,
869 3970 995 4014 intra
1025 3968 1155 4014 breve
1175 3969 1387 4027 temporis
1415 3970 1615 4027 spatium
1636 3969 1756 4013 vires
1842 3974 1979 4027 atque
1996 3968 2137 4013 etiam
2158 3978 2211 4012 ut
2232 3970 2605 4028 symptomatibus
2620 3970 2717 4015 illis
2738 3986 2896 4016 occur-

697 4045 807 4077 suas
827 4033 1128 4093 redintegrat,
1152 4046 1394 4093 novumque
1413 4034 1576 4079 bellum
1598 4032 1755 4078 Natu-
1842 4036 1934 4087 rat,
1958 4046 2073 4092 quae
2106 4033 2155 4077 in
2187 4032 2269 4076 hoc
2296 4033 2445 4077 morbo
2474 4035 2735 4094 contingere
2754 4036 2900 4081 solent

697 4109 780 4141 rae
801 4096 979 4141 indicit.
1046 4095 1170 4141 Novi
1191 4096 1473 4145 Qum-tanam
1483 4098 1759 4156 peraliquot
1843 4111 1899 4142 ac
1919 4096 2220 4155 eupenvnire.
2288 4096 2361 4142 De
2382 4098 2468 4142 hae
2490 4112 2540 4143 re
2562 4096 2713 4157 igitur
2732 4101 2899 4157 paucis

698 4174 840 4205 annos
855 4161 1060 4214 durasse,
1073 4160 1180 4205 dum
1193 4158 1332 4219 bajus
1341 4162 1544 4219 pulveris
1559 4161 1756 4220 repetito
1844 4166 1889 4206 et
1928 4165 2147 4220 quatenus
2172 4161 2298 4205 itlius
2328 4166 2499 4207 natura
2513 4158 2619 4220 sert
2642 4162 2899 4209 brevissime

697 4238 783 4268 usu
803 4225 992 4270 subinde
1013 4226 1400 4270 interturbaretur
1415 4241 1431 4270 .·
1465 4226 1599 4271 immo
1623 4240 1754 4285 quos·
1844 4224 1993 4271 dicam
2010 4240 2029 4277 ,-
2080 4229 2321 4285 utrumqne
2360 4240 2507 4285 genas
2556 4226 2711 4271 eadem
2760 4242 2899 4286 opera

698 4285 805 4333 dam
827 4290 980 4347 pulvis
997 4288 1090 4344 ille,
1114 4289 1372 4334 immediate
1399 4294 1507 4334 ante
1529 4303 1755 4349 paroxys-
1846 4290 2112 4348 compte-rus,
2156 4290 2277 4348 quod
2316 4290 2472 4335 eadem
2505 4285 2615 4347 fere
2657 4292 2900 4337 medicatio

699 4366 818 4395 mum
831 4352 1072 4407 exhibitus,
1087 4354 1222 4399 evita
1235 4352 1450 4405 sustulit5
1473 4355 1562 4399 etsi
1578 4354 1755 4411 inficias
1840 4355 2023 4413 utrique
2053 4349 2327 4410 (Tertianae
2356 4356 2546 4409 scilieet,
2570 4358 2709 4415 atque
2744 4356 2898 4405 Quar-

699 4416 770 4459 ire
789 4416 928 4460 nolim
955 4413 1214 4475 hujusmodi
1243 4418 1568 4463 medicamenta
1592 4419 1639 4462 in
1662 4417 1753 4462 Fe·
1844 4415 2019 4476 tanae,)
2044 4419 2291 4465 conveniat.

697 4478 848 4523 briam
889 4482 1049 4525 tearum
1091 4480 1389 4527 declinatione
1419 4482 1673 4541 prudenter
1708 4488 1757 4527 et
