3138 5006
479 302 597 357 624

478 450 687 501 anni'78
719 450 1038 497 certissimam
1055 462 1194 511 spem
1210 448 1339 504 fecit,
1363 450 1487 504 2813
1523 450 1637 525 dys-

478 515 676 569 crasiae,
699 529 848 575 quam
882 512 1163 576 paroxysmi
1195 512 1508 568 induxerunt,
1533 528 1639 560 sine

478 593 569 639 ope
603 578 978 625 catharticorum
1011 576 1250 633 subvenit,
1285 578 1408 632 2883
1443 577 1528 624 ubi
1563 577 1637 623 fe-

476 642 587 688 bres
635 642 890 689 intermitt.
938 641 992 688 in
1039 641 1381 687 continuarum
1423 640 1639 701 speciem

477 713 700 766 vergunt,
723 704 1042 752 nihilominus
1071 712 1146 751 est
1177 703 1494 760 exhibendus,
1524 706 1638 760 285,

479 770 601 825 2863
657 770 710 816 in
731 769 944 815 febribus
977 768 1229 816 intermitt.
1259 774 1482 814 autumn.
1516 782 1641 829 quo·

477 833 622 879 modo
656 832 972 887 exhibendus,
998 834 1060 879 82
1095 846 1200 893 sq.3
1255 831 1308 877 in
1340 829 1472 877 febre
1509 846 1641 879 nova

477 897 683 958 epidem.
705 896 897 957 quando
919 894 1236 950 adhibendus,
1260 894 1385 951 5063
1421 895 1473 941 in
1491 894 1637 942 febri-

475 960 568 1007 bus
591 960 809 1007 tertianis
829 974 960 1005 vern.
987 974 1042 1006 ac
1075 965 1298 1005 autumn.
1321 972 1474 1019 aeque
1505 974 1562 1005 ac
1586 958 1638 1005 in

476 1024 740 1085 quartanis,
765 1022 980 1070 exhiberi
1001 1028 1174 1084 potest,
1196 1023 1286 1077 833
1323 1036 1421 1069 non
1443 1028 1639 1069 tantum

475 1086 528 1133 in
550 1088 763 1134 febribus
784 1086 1035 1133 intermitt.
1057 1085 1142 1133 sed
1163 1092 1270 1132 tum
1293 1085 1344 1132 in
1365 1086 1508 1141 uteri,
1527 1092 1639 1133 tum

475 1150 749 1205 ventriculi,
772 1150 1024 1197 affectibus
1045 1164 1239 1196 summa
1257 1156 1484 1210 praestat,
1509 1152 1599 1196 281
1624 1168 1637 1205 3

475 1215 560 1261 sed
581 1229 680 1262 non
701 1220 804 1262 tam
825 1220 956 1261 certo
987 1213 1228 1260 succurrit
1251 1228 1308 1259 ac
1338 1212 1390 1259 in
1420 1213 1637 1260 febribus

474 1278 745 1335 intel-mitt..
766 1280 888 1333 3883
929 1276 1198 1325 infantibus
1231 1276 1473 1338 quomodo
1494 1276 1635 1323 exhi-

475 1341 676 1398 bendus,
701 1344 812 1399 287,
836 1344 947 1397 503,
972 1343 1084 1387 553.

543 1405 778 1452 Granium
811 1404 1046 1466 grandius
1078 1404 1162 1466 qui
1197 1402 1359 1461 habet,
1393 1403 1640 1465 podagrae

478 1469 731 1526 obnoxius,
755 1470 868 1517 409.

544 1532 759 1594 Crapula
779 1532 936 1580 febres
956 1530 1196 1593 producit,
1221 1530 1334 1577 240.

543 1595 729 1643 Crocus
781 1594 1090 1643 metallorum
1143 1594 1196 1641 in
1249 1592 1486 1656 hydrope,
1543 1608 1643 1654 quo

476 1660 620 1708 modo
663 1659 998 1715 assumendus,
1021 1664 1070 1705 et
1107 1656 1297 1719 quoties
1325 1657 1640 1718 repetendus,

475 1724 588 1780 461,
609 1724 723 1781 462,
746 1722 876 1779 4673
929 1722 1050 1769 item
1083 1721 1138 1768 in
1173 1720 1372 1768 variolis
1413 1720 1641 1783 regular„

542 1850 812 1898 Cruditatis
843 1863 906 1897 ex
949 1848 1106 1905 urina,
1150 1846 1194 1895 si
1234 1845 1314 1895 vel
1354 1860 1520 1894 crassa
1555 1854 1643 1895 aut

474 1914 652 1970 tenuis,
677 1914 890 1975 signum,
915 1913 995 1960 39.

543 1977 756 2025 Crurum
779 1984 942 2024 tumor
961 1976 1011 2023 in
1035 1974 1250 2023 febribus
1269 1973 1528 2022 intermitt.
1547 1988 1637 2021 au-

477 2048 650 2098 tumn..
675 2043 764 2095 903
801 2041 853 2087 in
875 2038 1087 2097 variolis,
1115 2040 1223 2094 148,
1251 2037 1360 2085 149.

543 2105 803 2153 Crustulae
823 2104 876 2152 in
897 2103 980 2151 lue
1001 2116 1219 2156 venerea,
1243 2102 1355 2149 311.

543 2168 711 2216 Cubiti
731 2169 784 2216 in
804 2168 1020 2230 podagra
1039 2165 1236 2229 irregul.
1262 2164 1508 2226 quomodo
1532 2164 1635 2213 affi-

477 2232 682 2289 ciantur,
704 2234 818 2281 413.

544 2297 744 2345 Curatio
764 2295 1027 2343 affectuum
1048 2291 1376 2354 plurimorum
1397 2305 1496 2338 non
1520 2305 1637 2339 cau-

475 2376 661 2418 sarum,
681 2360 767 2407 sed
801 2372 942 2406 verae
979 2364 1126 2417 atque
1155 2362 1384 2417 expertae
1407 2354 1641 2410 methodi,

475 2424 750 2485 cognitione
785 2420 1068 2475 absolvitur,
1112 2421 1232 2473 1003
1290 2418 1557 2466 curationis
1591 2420 1642 2467 in

475 2487 658 2535 morbis
708 2486 864 2535 acutis
907 2492 1036 2532 recte
1078 2482 1330 2531 institutae
1373 2483 1640 2540 character,

543 2615 731 2662 Currus
747 2614 801 2662 in
820 2611 1077 2661 calculosis
1089 2611 1297 2658 mictum
1315 2609 1642 2672 sanguineum

475 2693 574 2726 non
596 2678 790 2734 excitat,
814 2678 856 2724 si
877 2691 964 2739 per
985 2675 1088 2723 vias
1108 2673 1354 2737 lapidibus
1386 2689 1486 2722 non
1521 2683 1640 2722 stra-

475 2749 552 2790 tas
593 2743 854 2798 vehuntur,
899 2742 1024 2794 5253
1081 2739 1133 2787 in
1185 2753 1334 2786 curru
1384 2737 1543 2786 vectio
1589 2739 1642 2786 in

477 2806 676 2869 phthisi,
701 2808 824 2861 3923
860 2805 912 2853 in
933 2804 1162 2866 podagra,
1187 2804 1297 2856 441,
1321 2803 1436 2848 444.

545 2871 825 2918 Curvatura
855 2869 996 2932 penis
1027 2867 1077 2914 in
1111 2864 1410 2929 gonorrhoea
1443 2867 1587 2914 virul.
1613 2884 1641 2916 a

479 2935 648 2982 fiaeno
670 2934 945 2990 constricto,
970 2933 1080 2979 310.

543 2997 774 3046 Cuticula
798 2997 1116 3046 humerorum
1139 2998 1190 3039 et
1219 2991 1348 3039 dorsi
1371 2992 1424 3039 in
1447 2993 1647 3042 variolis

477 3062 617 3110 confi.
641 3075 994 3123 nonnunquam
1018 3055 1311 3120 deperditur,
1341 3059 1450 3103 124.

544 3126 687 3174 Cutis
721 3125 1042 3187 inaequalitas
1075 3122 1126 3169 in
1160 3120 1300 3176 facie,
1323 3120 1522 3169 variolis
1543 3121 1642 3168 dis-

475 3190 622 3238 cretis
641 3190 872 3246 deciduis,
897 3195 944 3236 et
971 3189 1152 3242 foveae,
1181 3185 1300 3240 1223
1337 3185 1465 3232 cutis
1497 3185 1642 3232 affec-

475 3261 618 3302 tuum
641 3253 838 3310 curatio,
863 3254 974 3309 264,
999 3251 1110 3306 265,
1133 3247 1242 3298 557.

544 3317 760 3365 Decocta
807 3317 1055 3378 lignorum
1104 3313 1156 3360 in
1217 3311 1517 3373 gonorrhoea
1567 3312 1641 3359 vi-

475 3379 586 3436 ruL,
627 3379 738 3438 317,
773 3382 900 3435 3213
945 3380 1200 3427 decoctum
1234 3375 1402 3422 album
1439 3376 1490 3422 in
1526 3375 1641 3438 dys-

477 3444 676 3499 enteria,
719 3443 843 3499 1723
884 3443 936 3490 in
975 3439 1172 3488 variolis
1205 3453 1382 3495 auom„
1427 3440 1512 3487 191
1534 3459 1545 3494 3
1592 3440 1645 3486 in

475 3522 601 3555 nova
633 3507 780 3562 febre,
813 3509 926 3562 493,
963 3506 1072 3562 501,
1109 3505 1204 3551 552
1232 3519 1244 3556 3
1280 3502 1343 3549 ad
1373 3503 1642 3565 hydropem

475 3586 538 3619 ex
573 3571 792 3618 sambuci
824 3569 1016 3626 cortice,
1047 3569 1171 3622 4693
1221 3566 1474 3614 decoctum
1506 3582 1640 3614 ama-

475 3649 584 3682 rum
615 3635 812 3697 quando
838 3632 1197 3696 usurpandum,
1219 3632 1344 3684 2883
1386 3631 1645 3678 decoctum

475 3700 528 3746 in
561 3698 776 3746 febribus
809 3697 1028 3746 tertianis
1052 3702 1275 3743 autumn.
1300 3693 1519 3754 vulgare,
1545 3696 1605 3742 81
1629 3713 1642 3750 3

477 3763 732 3810 decoctum
753 3763 1084 3810 vulnerarium
1107 3773 1221 3806 cum
1245 3757 1359 3818 spir.
1382 3757 1568 3805 vitrioli
1590 3759 1643 3806 in

475 3828 632 3875 mictu
654 3834 854 3874 cruento
875 3841 935 3874 ex
958 3825 1089 3872 febre
1111 3829 1269 3878 acuta,
1295 3821 1409 3868 360.

541 3891 816 3939 Decubitus
857 3890 912 3938 in
950 3887 1148 3936 variolis
1188 3885 1375 3933 nimius
1416 3885 1642 3946 pustulas

473 3956 661 4018 pejores
677 3955 848 4012 reddit,
875 3955 981 4002 138.

542 4020 728 4067 Dentes
749 4018 992 4081 hysterica
1012 4015 1163 4064 affect.
1189 4011 1464 4068 discruciat,
1487 4011 1598 4062 367.

543 4083 908 4140 Dan-unone,
935 4081 1043 4144 (Ds
1076 4079 1352 4126 Fzsaxsus
1374 4089 1532 4123 caris
1559 4075 1637 4137 a‚)

475 4147 602 4202 5973
638 4147 698 4194 cf.
722 4149 834 4194 504.

544 4210 817 4258 Dentitioni
847 4209 1094 4256 infantum
1132 4202 1476 4268 superveniens
1518 4217 1635 4252 con-

475 4274 634 4322 vulsio
657 4274 758 4322 sola
779 4271 1169 4320 venae-sectione
1191 4275 1403 4325 curatur,
1430 4265 1536 4316 187.

542 4338 940 4385 ΒεΡυιιΑτοιιῐΛ
975 4333 1107 4397 (Dr.)
1145 4333 1326 4380 Fusus
1370 4343 1637 4378 ammam«

473 4402 719 4456 ’61-’64,
744 4399 1032 4454 645-5473
1057 4399 1117 4447 cf.
1145 4397 1350 4446 39-65,

541 4466 865 4526 Depuratoria
917 4464 1063 4512 febris
1115 4475 1354 4525 quaenam
1412 4465 1657 4516 vocetur,⁴

1375 296 1637 354 INDEX
1680 296 1990 354 RERUM.

1738 452 1861 503 2343
1898 462 2046 511 quare
2070 448 2289 496 Naturae
2310 448 2541 522 primaria
2568 446 2735 502 febris,
2760 447 2889 492 ibid.
2910 464 2931 496 .-

1734 514 2085 633 33:31152050:
2098 510 2931 637 fssssssffinfffflssat‘ffifflss:

1733 645 1855 701 quot
1884 640 2111 687 materiae
2138 646 2396 686 concoctae
2418 640 2557 700 signa
2580 638 2799 693 exhibet,
2826 652 2931 697 per

1732 703 2044 765 diaphoresin
2086 702 2426 759 eliminandae,
2469 704 2596 757 2983
2654 701 2927 762 quomodo

1730 768 1965 823 curanda,
1988 768 2199 823 41-56,
2224 768 2335 821 545,
2358 767 2469 813 546.

1798 831 2070 892 Depuratio
2106 829 2361 892 sanguinis
2398 829 2614 891 genuina
2650 828 2709 876 fit
2742 843 2918 875 secre-

1728 894 1863 942 tione
1886 902 1935 941 et
1956 909 2043 956 per
2060 894 2221 941 faeces
2243 900 2293 941 et
2312 908 2399 955 per
2416 893 2572 949 flores,
2594 892 2673 939 62.

1798 958 2087 1019 Desperatio
2128 958 2189 1005 de
2232 972 2347 1004 recu
2498 957 2559 1003 da
2596 956 2810 1003 sanitate
2862 956 2919 1002 in

1725 1021 1793 1083 hy
1800 1022 1973 1069 sterica
1992 1021 2147 1069 affect-
2165 1020 2455 1083 plerumque
2478 1021 2626 1075 adest,
2644 1020 2763 1073 366,
2788 1022 2918 1067 369.

1799 1085 2123 1147 Despumatio
2155 1084 2341 1132 febrilis
2368 1084 2491 1145 quid
2518 1085 2597 1137 sit,
2620 1084 2715 1138 693
2752 1084 2919 1130 febris

1727 1149 1906 1196 contin.
1936 1149 2179 1210 quomodo
2200 1148 2510 1210 impediatur,
2532 1149 2611 1201 49.
2636 1148 2717 1195 55.

1794 1212 2151 1273 Desquamatio
2173 1213 2225 1259 in
2247 1212 2487 1259 morbillis
2510 1212 2623 1259 armi
2646 1210 2747 1267 ’70,
2776 1212 2909 1265 1843

1726 1276 1841 1322 anni
1862 1276 1961 1332 ²⁷4,
1988 1276 2113 1330 2173
2150 1276 2201 1322 in
2224 1276 2355 1324 febre
2376 1275 2649 1329 scarlatina,
2674 1276 2787 1321 243.

1793 1339 2060 1395 Dianas-s,
2088 1338 2222 1400 (Da)
2261 1340 2385 1393 5943
2423 1339 2487 1385 cf.
2510 1340 2637 1391 2893
2680 1338 2913 1385 curativa

1726 1402 1973 1458 indicatio,
1996 1405 2106 1459 289,
2132 1404 2261 1457 5943
2299 1403 2512 1449 remedia
2532 1402 2738 1458 medica,
2767 1404 2885 1449 290.

1794 1466 2092 1515 Diacodium
2124 1466 2177 1513 in
2209 1466 2515 1527 haemoptoe,
2537 1467 2661 1521 2693
2702 1466 2912 1527 quando

1725 1529 1938 1577 laudano
1960 1530 2348 1592 praeferendum,
2372 1532 2481 1577 500.

1794 1593 1973 1641 Diaeta
2012 1608 2111 1655 qua
2146 1594 2333 1640 Auctor
2368 1593 2527 1639 mictu
2566 1592 2841 1653 sanguineo
2877 1608 2911 1639 a

1728 1657 1918 1705 calculo
1950 1664 1997 1704 et
2032 1658 2247 1719 podagra
2277 1656 2503 1703 laborans
2536 1670 2655 1703 usus
2688 1663 2777 1711 est,
2800 1658 2909 1703 524

1726 1722 1916 1774 -5263
1943 1722 2101 1769 diaeta
2130 1722 2183 1767 in
2205 1721 2400 1781 angina,
2424 1720 2550 1774 2673
2585 1720 2639 1766 in
2656 1720 2903 1781 apoplex-

1726 1784 1789 1841 ia,
1830 1799 2122 1846 paroxysmo
2162 1784 2370 1840 sublato,
2394 1783 2521 1839 5713
2570 1784 2622 1830 in
2654 1784 2907 1830 chronicis

1726 1848 1925 1905 morbis,
1950 1850 2063 1905 432,
2088 1850 2214 1903 4333
2266 1848 2319 1894 in
2354 1846 2507 1896 colica
2538 1847 2731 1901 biliosa,
2776 1850 2903 1901 1993

1728 1912 1779 1958 in
1814 1912 1992 1959 cortice
2028 1912 2203 1959 Peruv.
2238 1912 2503 1967 utentibus,
2544 1913 2665 1964 2883
2704 1912 2759 1958 in
2792 1912 2901 1959 dia-

1728 1975 1853 2031 bete,
1890 1978 2011 2030 2903
2045 1976 2097 2022 in
2132 1975 2399 2031 diarrhoea,
2426 1975 2545 2029 1733
2580 1975 2633 2021 in
2664 1975 2900 2037 dysente-

1730 2039 1817 2095 ria,
1846 2039 1967 2093 1723
2001 2040 2053 2086 in
2074 2038 2350 2101 dysenteria
2380 2053 2441 2085 ex
2462 2038 2755 2085 torminibus
2778 2054 2901 2085 ren-

1732 2103 1833 2157 tris,
1870 2103 1921 2149 in
1956 2102 2088 2151 febre
2130 2118 2257 2149 nova
2296 2102 2503 2164 epidem.
2546 2102 2730 2157 oborta,
2768 2104 2899 2157 5013

1727 2166 1779 2212 in
1797 2166 1930 2214 febre
1953 2166 2269 2228 dysenterica,
2298 2167 2385 2213 181
2410 2185 2422 2221 3
2454 2166 2509 2213 in
2532 2166 2661 2212 febre
2684 2166 2898 2227 epidem.

1728 2244 1839 2276 ann.
1865 2230 2109 2286 ’73—’75‚
2136 2232 2257 2285 2103
2294 2230 2346 2277 in
2380 2230 2505 2277 tussi
2537 2229 2745 2291 epidem.
2780 2232 2901 2277 anni

1730 2292 1825 2349 '75,
1858 2292 1983 2353 2273
2024 2294 2077 2340 in
2112 2293 2243 2340 febre
2276 2293 2637 2355 erysipelatosa,
2672 2294 2797 2347 2633
2842 2294 2895 2341 in

1727 2356 1943 2404 febribus
1980 2357 2230 2405 intermitt.
2260 2364 2502 2413 autumn„
2527 2360 2623 2411 823
2664 2357 2719 2403 in
2760 2358 2895 2405 febre

1727 2420 1961 2482 hyemali,
1986 2420 2107 2476 4783
2140 2421 2194 2468 iu
2226 2420 2360 2468 febre
2392 2420 2645 2475 variolosa,
2672 2422 2797 2475 1563
2842 2422 2896 2468 in

1728 2484 1944 2532 febribus
1978 2484 2236 2542 continuis,
2266 2486 2346 2543 53,
2371 2486 2465 2540 543
2509 2485 2561 2532 in
2594 2486 2898 2548 gonorrhoea

1730 2549 1890 2604 virul„
1916 2551 2009 2596 315
2029 2568 2041 2604 3
2074 2549 2127 2596 in
2149 2549 2519 2611 haemorrhagia
2530 2550 2741 2603 narium,
2766 2553 2893 2604 2683

1728 2613 1781 2660 in
1815 2613 1925 2670 ileo,
1953 2613 2047 2668 643
2092 2613 2147 2660 in
2184 2613 2269 2660 lue
2304 2627 2524 2668 venerea,
2546 2613 2633 2659 ubi
2669 2613 2897 2660 salivatio

1727 2677 1999 2734 adhibetur,
2025 2679 2148 2732 3243
2184 2676 2234 2724 in
2260 2676 2510 2724 mensium
2542 2676 2683 2723 fluxu
2714 2677 2893 2724 immo-

1731 2739 1853 2796 dico,
1886 2743 2011 2796 4023
2048 2741 2099 2788 in
2130 2741 2287 2787 mictu
2323 2741 2589 2802 sanguineo
2622 2755 2651 2786 a
2686 2740 2895 2798 calculo,

1730 2806 1854 2859 5223
1888 2803 1941 2852 in
1962 2803 2217 2860 morbillis,
2241 2807 2362 2860 1853
2398 2805 2449 2850 in
2472 2803 2711 2851 morbillis
2732 2819 2895 2851 anoni.

1731 2867 1848 2915 anni
1870 2867 1967 2925 ⁹⁷4,
1988 2869 2111 2923 2183
2146 2868 2197 2914 in
2218 2868 2460 2929 podagrae
2472 2867 2759 2923 intervallis,
2780 2869 2895 2924 432,

1731 2933 1857 2987 4333
1903 2947 1992 2979 cur
2022 2932 2105 2979 hic
2138 2931 2303 2993 palato
2336 2931 2599 2992 aliquando
2632 2931 2893 2979 consulen-

1730 2995 1866 3052 dum,
1887 2997 2003 3050 4333
2032 2995 2083 3042 in
2104 2995 2320 3057 podagra
2340 2995 2563 3056 religiose
2578 2995 2893 3052 observanda,

1731 3061 1827 3106 432
1852 3075 1947 3122 sq.;
1984 3059 2210 3121 quamvis
2243 3059 2596 3106 enormioribus
2626 3059 2895 3106 insultibus

1729 3123 1915 3178 liberet,
1942 3123 2003 3170 ab
2026 3123 2252 3170 omnibus
2274 3129 2436 3170 tamen
2456 3123 2581 3169 tueri
2598 3137 2697 3170 non
2718 3131 2893 3186 potest,

1730 3189 1855 3241 4423
1905 3187 2062 3234 diaeta
2096 3187 2147 3233 in
2178 3186 2421 3248 podagrae
2452 3187 2774 3248 paroxysmis
2798 3189 2895 3234 443

1732 3264 1828 3310 sq.3
1865 3251 2024 3298 diaeta
2056 3250 2214 3298 lactea
2229 3251 2280 3298 in
2303 3250 2531 3312 podagra,
2558 3252 2669 3306 433,
2702 3253 2830 3304 4843
2866 3267 2894 3298 e

1732 3328 1836 3361 sero
1858 3314 1999 3362 laetis
2019 3314 2071 3360 in
2092 3314 2457 3370 rheumatismo,
2482 3315 2606 3369 2993
2642 3315 2804 3361 cautio
2834 3315 2894 3362 de

1730 3393 1801 3434 ea,
1819 3380 1942 3433 3023
1978 3378 2138 3426 diaeta
2154 3378 2207 3424 in
2226 3378 2423 3424 variolis
2435 3393 2594 3425 enom.
2614 3393 2726 3426 ann.
2744 3379 2893 3428 ‘70—

1732 3440 1828 3498 ³72,
1857 3443 1964 3498 191,
1994 3443 2115 3498 1933
2149 3441 2201 3488 in
2233 3441 2431 3488 variolis
2462 3455 2620 3489 auom.
2644 3457 2755 3488 ann.
2792 3443 2890 3500 74,

1731 3503 1827 3561 ⁹75,
1852 3507 2103 3561 221,2233
2158 3505 2211 3552 in
2250 3505 2446 3552 variolis
2482 3505 2640 3560 confi„
2664 3507 2788 3560 3553
2842 3507 2893 3554 in

1730 3569 1927 3616 variolis
1946 3569 2153 3631 regular.
2178 3569 2412 3626 diseretis,
2440 3570 2547 3625 136,
2575 3571 2683 3627 138,
2711 3571 2819 3618 139.

1799 3633 2129 3694 Diaphoresis.
2158 3630 2229 3694 [v.
2254 3632 2444 3695 Sudor-J

1796 3695 2114 3759 Diaphoresis
2135 3711 2232 3743 non
2260 3695 2487 3744 convenit
2506 3696 2558 3743 in
2580 3696 2715 3744 omni
2741 3696 2891 3754 febre,

1730 3761 1822 3807 211
1842 3779 1854 3816 3
1889 3759 2094 3823 periculi
2114 3759 2259 3822 plena
2280 3767 2355 3807 est
2383 3761 2435 3807 in
2456 3761 2675 3808 tertianis
2698 3767 2747 3808 et
2767 3777 2889 3823 quo-

1728 3823 1939 3882 tidianis,
1986 3827 2109 3878 2803
2165 3839 2403 3886 quaenam
2444 3824 2612 3886 prosit,
2650 3839 2895 3886 quaenam

1725 3903 1841 3936 vero
1862 3894 2052 3942 noceat,
2071 3887 2180 3935 211.

1794 3951 2143 4013 Diaphoretica
2162 3951 2214 3997 in
2231 3950 2363 3998 febre
2380 3951 2584 4012 epidem.
2606 3966 2719 3998 ann.
2742 3951 2891 4002 ’73-

1722 4017 1735 4038 ’
1747 4013 1823 4072 75,
1846 4017 1965 4071 2133
2001 4016 2053 4064 in
2074 4015 2289 4062 febribus
2308 4015 2563 4062 intermitt.
2578 4015 2781 4072 venial„
2798 4015 2885 4070 753

1724 4079 1777 4126 in
1797 4086 1949 4140 peste,
1968 4080 2058 4126 108
2083 4095 2172 4140 sq.,
2190 4079 2283 4126 114
2306 4093 2375 4140 sq.
2394 4097 2407 4134 3
2440 4078 2493 4124 in
2514 4079 2745 4141 podagra,
2760 4082 2887 4135 4223

1725 4143 1777 4190 in
1800 4143 2084 4192 salivatione
2104 4141 2399 4198 mercuriali,
2424 4143 2535 4191 325.

1789 4207 2140 4262 Βιᾼῐιιιιιοεᾼ,
2164 4206 2297 4267 (Da)
2316 4207 2691 4263 DrssnrmuA,
2710 4219 2777 4252 nr
2792 4205 2890 4254 'st-

1725 4283 1919 4327 ussuo,
1943 4269 2219 4320 574-576,

1790 4335 2060 4383 Diarrhoea
2080 4335 2166 4382 ubi
2186 4333 2537 4381 vomituritioni
2562 4334 2886 4396 conjungitur,

1720 4398 1784 4445 ab
1818 4400 2034 4455 emetico‚
2060 4413 2157 4446 non
2188 4399 2250 4445 ab
2280 4398 2677 4460 astringentibus,
2700 4399 2887 4460 proprie

1723 4463 1927 4521 sistitur,
1958 4465 2038 4520 43,
2062 4465 2159 4518 443
2206 4467 2422 4510 attamen
2456 4471 2676 4510 enemate
2710 4462 2881 4509 astrin-
