3138 5006
651 276 781 338 300
1153 318 1161 323 -
1276 268 1668 335 THOMAE
1716 264 2234 333 SYDENHAM

346 458 431 506 De
446 456 628 503 Rucu-
654 433 855 499 thodo
895 430 1437 517 adjungebantur,
1470 428 1928 494 incommodis:
1981 447 2194 510 neque
2233 445 2338 489 me
2377 422 2605 487 fefellit
2645 420 2863 485 diaeta

354 534 619 621 {Um-³¹⁰·
658 560 693 601 e
724 558 864 601 sero
890 535 1075 599 lactis
1102 534 1576 618 phlebotomiae
1603 533 1743 597 loco
1773 530 2145 595 substituta.

352 610 580 659 lintona.
757 638 922 724 [60.]
976 639 1362 719 Praegressa
1420 643 1663 701 aestate
1715 632 2220 716 Pharmacopola
2267 629 2432 693 mihi
2488 629 2560 691 in
2601 626 2857 705 vicinia,

656 743 921 807 nomine
973 740 1288 819 Malthus,
1349 738 1467 821 (vir
1512 737 1770 822 probus,
1817 744 1884 800 et
1927 736 2192 819 ingenio
2233 755 2370 799 non
2411 730 2707 815 vulgari)
2756 750 2864 793 me

658 844 1039 910 accersebat.
1155 842 1645 906 Rheumatismo
1711 848 1930 904 autem
1997 838 2228 902 misere
2287 834 2698 900 cruciabatur
2759 832 2862 895 his

660 946 1107 1032 symptomatis
1166 944 1437 1027 stipato:
1499 942 1842 1007 coxendice
1900 939 2110 1025 primo
2169 939 2252 1003 ad
2299 938 2576 1003 biduum
2619 934 2860 999 claudi·

659 1050 867 1128 cahat,
920 1047 1150 1113 exinde
1206 1047 1545 1129 pulmones
1598 1045 1814 1109 dolore
1863 1042 2286 1107 tentabantur
2339 1039 2660 1122 gravativo
2711 1056 2862 1101 cum

662 1153 1003 1237 dyspnoea,
1045 1170 1209 1233 quae
1246 1155 1392 1232 post
1432 1147 1608 1211 aliud
1644 1147 1846 1211 ferme
1885 1144 2158 1209 biduum
2199 1140 2653 1218 evanescebat5
2710 1137 2864 1202 dein

659 1260 853 1336 caput
892 1250 1306 1315 vehementer
1345 1248 1554 1333 coepit
1599 1250 1833 1327 dolere,
1870 1268 2016 1311 mox
2064 1246 2260 1311 etiam
2301 1242 2614 1309 coxendix
2649 1240 2864 1305 dextri

660 1352 897 1432 lateris,
930 1372 1093 1435 quae
1124 1350 1415 1414 omnium
1444 1350 1652 1433 primo
1688 1349 2059 1428 laborabat;
2105 1355 2475 1431 posteaque,
2499 1366 2614 1428 pro
2651 1342 2866 1407 morbi

658 1455 896 1534 indole,
943 1473 1166 1519 omnes
1216 1453 1351 1519 fere
1400 1462 1538 1517 tam
1589 1454 1996 1517 brachiorum
2050 1474 2244 1535 quam
2294 1471 2560 1517 crurum
2609 1447 2866 1512 articuli

656 1576 774 1639 per
815 1556 983 1621 vices
1028 1554 1558 1619 molestabantur.
1651 1554 1822 1619 Cum
1861 1554 2152 1619 debiliori
2196 1560 2363 1619 esset
2409 1560 2474 1617 et
2515 1552 2682 1616 sicco
2725 1570 2864 1615 cor-

658 1662 829 1745 poris
870 1660 1117 1739 habitu,
1149 1661 1389 1725 veritus
1428 1680 1513 1724 ne
1553 1660 1768 1724 minus
1807 1660 2024 1725 firmas
2056 1659 2312 1744 jamdiu
2343 1660 2510 1721 vires
2551 1664 2616 1721 et
2653 1657 2864 1721 labas-

660 1770 879 1827 centes
931 1763 1193 1845 dempto
1237 1762 1553 1845 copiosius
1606 1763 1922 1845 sanguine
1971 1783 2230 1845 prorsus
2282 1760 2658 1837 exolverem,
2705 1759 2866 1841 (ma-

659 1866 829 1929 xime
868 1885 1019 1945 cum
1059 1870 1265 1927 aestas
1302 1885 1378 1929 eo
1417 1885 1622 1946 usque
1658 1864 2003 1929 adoleverit
2036 1872 2114 1929 ut
2146 1865 2285 1946 jam
2325 1870 2538 1927 metus
2575 1870 2743 1927 esset
2779 1884 2868 1926 ne

660 1966 1114 2049 superveniens
1157 1964 1381 2049 hyems
1425 1965 1944 2048 redintegrandis
1983 1967 2226 2031 viribus
2270 1966 2597 2049 frequenti
2635 1986 2868 2029 venae-

661 2068 944 2132 sectione
983 2067 1225 2131 attritis
1262 2067 1735 2152 intercederet‚)
1769 2070 2076 2152 imperavi
2105 2076 2182 2133 ut
2211 2069 2346 2134 solo
2381 2069 2568 2133 lactis
2607 2090 2748 2133 sero
2782 2068 2870 2132 ad

664 2169 799 2235 dies
831 2178 1107 2252 quatuor
1134 2175 1496 2232 vesceretur
1532 2190 1759 2253 aeger3
1808 2172 2041 2253 quibus
2076 2172 2324 2255 elapsis,
2355 2178 2612 2254 praeter
2649 2192 2870 2235 serum

542 2268 561 2285 ⁰
664 2271 849 2335 lactis
887 2292 1003 2354 pro
1036 2270 1211 2334 victu
1250 2270 1573 2335 ordinario
1612 2293 1849 2355 panem
1890 2273 2362 2357 similagineum
2403 2273 2687 2337 concessi
2723 2272 2870 2336 loco

662 2376 937 2459 prandii,
990 2373 1187 2439 semel
1233 2396 1467 2458 nempe
1512 2375 1583 2437 in
1636 2375 1760 2454 die,
1814 2376 2017 2441 donec
2059 2377 2320 2462 penitus
2371 2376 2866 2440 convalesceret.

664 2478 874 2543 Tenui
902 2478 1023 2542 hac
1062 2477 1276 2542 diaeta
1314 2484 1682 2558 contentus,
1714 2478 1796 2544 ad
1827 2478 1963 2544 dies
2002 2479 2358 2545 octodecim
2395 2478 2867 2564 perseverabat,

662 2581 791 2646 nisi
830 2581 1003 2666 quod
1040 2581 1378 2664 postremis
1423 2601 1650 2644 eorum
1691 2582 1889 2645 alium
1929 2582 2195 2666 insuper
2234 2603 2470 2666 panem
2509 2603 2626 2666 pro
2665 2603 2874 2646 coena

663 2685 1105 2767 indulgerem:
1154 2705 1369 2748 serum
1408 2692 1628 2748 autem
1667 2705 1702 2748 e
1731 2684 1918 2748 lactis
1953 2684 2134 2749 libris
2175 2691 2320 2747 octo
2349 2683 2524 2747 domi
2565 2689 2874 2766 paratum

664 2789 949 2873 quotidie
998 2789 1383 2868 insumebat,
1431 2811 1558 2874 quo
1609 2789 1762 2852 satis
1809 2790 1975 2854 bene
2019 2790 2448 2855 nutriebatur.
2539 2789 2696 2852 Post
2745 2789 2870 2852 hos

663 2893 799 2957 dies
828 2913 977 2956 cum
1014 2913 1150 2956 non
1185 2891 1457 2974 amplius
1491 2899 1800 2975 urgerent
1839 2899 2289 2977 symptomata,
2321 2898 2388 2957 et
2420 2892 2559 2976 jam
2599 2891 2718 2955 sub
2757 2891 2870 2954 dio

657 3003 1037 3074 versaretur,
1070 3017 1291 3060 carnes
1328 2996 1523 3060 etiam
1562 2995 1844 3079 permisi,
1874 2995 2200 3079 pullorum
2242 2995 2482 3058 scilicet
2525 2993 2866 3070 elixorum,

662 3105 1038 3180 caeteraque
1090 3096 1396 3160 εὔπεπτα.
1486 3095 1705 3158 Tertio
1757 3101 1973 3158 autem
2023 3115 2276 3177 quoque
2327 3093 2450 3172 die,
2499 3093 2632 3156 solo
2680 3092 2869 3156 lactis

661 3219 801 3261 sero
832 3196 1183 3274 victitabat,
1217 3195 1419 3259 donec
1454 3195 1722 3259 tandem
1757 3196 2122 3279 pancratice
2151 3197 2411 3274 valeret,
2441 3195 2870 3260 incommodis

662 3321 825 3382 quae
884 3320 1078 3383 supra
1133 3298 1477 3362 memoravi
1527 3297 1651 3362 hac
1702 3297 2007 3362 methodo
2067 3297 2280 3376 elusis,
2328 3297 2562 3381 quibus
2614 3297 2868 3361 decimo

661 3398 896 3462 abhinc
956 3419 1127 3462 anno
1182 3398 1455 3481 pessime
1515 3397 1968 3481 excipiebatur,
2017 3399 2532 3462 venae-sectione
2591 3420 2670 3462 ex
2717 3417 2870 3461 meo

660 3501 1051 3584 praescripto
1091 3503 1159 3565 in
1202 3500 1550 3564 curationis
1606 3500 1964 3564 subsidium
2007 3507 2167 3564 tunc
2213 3499 2521 3580 adhibita,
2559 3521 2634 3564 ac
2677 3519 2873 3581 saepe

354 3587 626 3714 {glff‘i'ffge-
663 3604 960 3686 repetita.

356 3718 453 3776 nia,
479 3731 603 3792 guae
763 3705 928 3788 [61.]
986 3705 1199 3786 Siquis
1234 3705 1404 3768 hanc
1435 3705 1814 3769 methodum
1853 3712 2164 3789 tanquam
2210 3705 2536 3769 rudiorem
2571 3711 2638 3768 et
2683 3702 2871 3768 Artis

357 3798 435 3830 ἐ’
444 3781 645 3844 nhpen-
663 3806 853 3871 laude
877 3815 1205 3871 carentem
1223 3808 1700 3889 contempserit,
1724 3808 1882 3871 sciat
1899 3808 1955 3870 is
1977 3808 2187 3885 velim,
2209 3808 2434 3891 primo,
2456 3807 2692 3870 leviora
2718 3812 2871 3869 tan-

359 3847 474 3894 dent
495 3846 625 3907 quod

358 3910 605 4023 2³32?ss
662 3918 806 3974 tum
840 3911 1105 3994 ingenia
1142 3931 1243 3974 res
1284 3911 1600 3994 quaslibet
1629 3911 2015 3994 vilipendere
2053 3912 2230 3998 quod
2269 3912 2588 3994 simplices
2622 3911 2872 3974 fuerint

294 4029 305 4040 ’
358 4045 565 4100 apertae.
666 4021 733 4078 et
780 4023 1075 4097 apertae3
1131 4013 1302 4090 dein,
1350 4034 1475 4090 me,
1516 4015 1617 4076 vel
1662 4014 2048 4078 imminutae
2099 4014 2590 4079 existimationis
2635 4013 2870 4097 preti0,

361 4118 641 4232 gffftffisffi:
664 4119 923 4201 publico
946 4118 1280 4182 hominum
1303 4117 1475 4182 bono
1496 4118 1802 4182 inservire
1830 4121 2328 4202 paratissimum.
2385 4118 2640 4185 Quibus
2663 4117 2871 4196 edice,

362 4246 405 4293 is
429 4248 577 4296 etiam
668 4221 858 4303 quod,
919 4221 1045 4284 nisi
1112 4220 1443 4286 obstarent
1509 4220 1902 4304 praejudicia
1967 4223 2163 4304 vulgi,
2225 4222 2442 4284 nullus
2501 4219 2872 4284 dubitarem

362 4311 642 4424 ’ρ’ἓῗὲξιῑιζέἶ
665 4321 1040 4386 methodum
1084 4325 1221 4406 jam
1267 4322 1506 4387 dictam
1548 4322 1688 4387 aliis
1734 4324 1931 4388 etiam
1970 4324 2229 4402 morbis,
2272 4345 2550 4409 quorum
2593 4322 2874 4405 imprae—

360 4445 505 4486 retur.
669 4425 1023 4489 sentiarum
1076 4447 1313 4490 nomen
1364 4427 1634 4491 reticere
1677 4427 1856 4506 libet,
1909 4427 2423 4506 accommodare,
2489 4426 2660 4510 quod
2714 4447 2876 4490 sane
