3138 5006
429 308 548 363 640

426 456 716 505 dicernentis
751 456 1072 520 producendis
1105 455 1256 504 simul
1289 470 1348 504 ac
1385 470 1587 519 praepa-

427 522 592 570 randis
615 521 925 577 collaudatio,
949 521 1061 578 379,
1086 523 1194 569 380.

494 586 544 633 Ν
551 600 653 633 ern
662 599 843 634 arrico
855 586 989 648 (Dr.)
1006 586 1220 633 Paaoxr
1229 586 1536 644 suo,572,57
1545 588 1587 635 3.

495 651 771 715 Nephritici
803 652 1082 714 paroxysmi
1115 651 1232 708 veri,
1259 657 1308 698 et
1340 650 1587 713 hystorici,

428 730 577 778 quam
601 717 816 764 diversae
835 716 1106 763 curationes
1128 714 1230 762 sint
1245 714 1591 774 instituendae,

431 782 556 835 ³953
589 796 910 843 paroxysmus
929 795 990 827 ex
1015 780 1258 841 hysterica
1285 780 1439 828 affect.
1465 796 1587 842 quo·

429 845 572 893 modo
585 845 897 907 dignoscatur
913 846 974 891 ab
990 844 1160 892 eodem
1177 860 1238 891 ex
1253 845 1464 903 calculo,
1476 846 1593 902 366,
1628 853 1635 932 ¹

429 909 552 965 367,
587 910 828 971 quomodo
859 924 888 956 a
922 908 1078 956 colica
1101 909 1294 967 biliosa,
1315 909 1440 965 576,
1475 924 1591 957 eum

428 973 690 1035 aliquando
720 974 954 1022 mentitur
976 973 1164 1022 affectio
1196 974 1453 1035 quaedam,
1471 978 1589 1021 hm·-

428 1040 546 1101 bago
577 1042 860 1086 rlaeumatiea
889 1038 1036 1095 dicta,
1057 1040 1184 1093 2563
1221 1038 1484 1101 aliquando
1515 1040 1589 1086 af-

427 1102 570 1150 fectio
609 1103 848 1164 quaedam
889 1103 1044 1150 febres
1081 1103 1336 1151 intermitt.
1369 1118 1480 1152 ann.
1507 1104 1589 1153 ’75

426 1168 591 1225 -’80,
617 1166 882 1230 excipiens,
910 1166 1036 1223 302'3
1075 1168 1128 1215 in
1157 1168 1372 1231 podagra
1401 1169 1585 1216 invete-

426 1238 660 1289 rascente,
679 1232 882 1294 vulgare
903 1238 1197 1294 symptoma,
1216 1233 1328 1284 447.

493 1296 780 1344 Nicotianae
803 1297 970 1343 fumus
991 1298 1042 1343 in
1065 1296 1177 1354 ileo,
1199 1298 1312 1354 502,
1334 1297 1446 1349 579.

495 1360 542 1409 N
547 1360 714 1423 igredo
752 1361 804 1409 in
843 1360 1101 1417 morbillis,
1138 1364 1256 1417 185,
1299 1362 1352 1409 in
1394 1361 1597 1410 variolis

428 1426 544 1474 anni
579 1426 676 1483 ⁹70,
718 1426 842 1481 189,
889 1426 1132 1487 quomodo
1171 1435 1439 1489 superetur,
1479 1429 1589 1484 192,

434 1492 556 1545 193,
589 1490 642 1537 ἰιι
665 1490 860 1539 vai-ielis
881 1490 996 1537 anni
1016 1491 1098 1541 ’74
1117 1498 1268 1548 tanta,
1285 1498 1344 1539 ut
1364 1491 1593 1553 pustulae

428 1554 688 1616 fuliginem
719 1564 1000 1617 aequarent,
1022 1557 1144 1611 219,
1179 1556 1422 1618 quomodo
1445 1571 1589 1619 supe-

430 1626 578 1677 retur,
602 1622 726 1673 222,
762 1620 816 1667 in
833 1620 1030 1667 variolis
1050 1620 1204 1683 regul.
1221 1620 1340 1667 anni
1361 1621 1458 1675 ’67,
1481 1623 1588 1670 128.

495 1684 685 1731 Novas
710 1684 846 1745 (Da)
871 1684 1072 1731 Fennis
1107 1684 1395 1743 Inoasssu,
1427 1686 1593 1733 486—-

430 1750 542 1796 513.
569 1749 630 1797 cf.
655 1747 929 1805 476-478,
953 1751 1228 1797 550-552

499 1812 636 1861 Haec
657 1813 824 1861 eadem
861 1820 936 1860 est
969 1828 1118 1875 quam
1149 1814 1336 1862 Auctor
1370 1813 1588 1877 primum

431 1878 628 1925 nornine
677 1880 842 1925 Febris
881 1878 1125 1940 Hyemalis
1170 1878 1380 1936 tradidit,
1427 1880 1593 1929 476-

429 1942 541 2000 478,
565 1941 678 1998 487,
701 1944 832 1997 488,
867 1956 1014 2004 qusm
1081 1949 1216 1991 ostea
1247 1942 1434 1991 invenit
1464 1944 1590 1991 nihil

428 2021 532 2055 esse
569 2007 702 2055 aliud
735 2022 884 2070 quam
917 2008 1046 2070 simp
1065 2008 1190 2056 icem
1223 2008 1476 2069 sanguinis
1513 2008 1590 2055 in-

427 2070 826 2129 flammationem,
845 2074 960 2126 489,
983 2074 1105 2127 490,
1139 2072 1266 2119 hanc
1281 2074 1462 2120 febrem
1485 2087 1591 2120 cor-

427 2136 524 2184 tice
559 2136 734 2185 Peruv.
771 2152 920 2199 quare
949 2136 1176 2185 nonnulli
1212 2137 1396 2185 Medici
1422 2138 1589 2201 profli-

429 2216 543 2263 gare
565 2201 810 2259 tentarint,
835 2204 960 2257 498,
993 2202 1124 2249 uude
1145 2201 1333 2263 liquido
1355 2203 1589 2259 constitit,

427 2264 558 2313 hane
599 2266 782 2314 febrem
833 2266 896 2313 ab
951 2266 1060 2313 istis
1111 2267 1305 2314 constit.
1359 2266 1589 2317 ’77—’85

430 2336 531 2378 toto
583 2332 717 2378 coelo
761 2331 954 2385 distare,
997 2332 1124 2387 499,
1179 2331 1388 2378 infantes
1437 2346 1593 2395 aeque

429 2409 486 2441 ac
519 2394 710 2442 adultos
739 2394 996 2452 afficiebat,
1017 2398 1144 2449 504,
1175 2410 1240 2443 ne
1269 2396 1592 2457 primordium

429 2458 492 2507 sit
513 2460 662 2507 febris
683 2460 1034 2522 depuratoriae,
1059 2459 1176 2508 olim
1199 2466 1387 2523 pestem
1411 2460 1591 2510 imma-

429 2526 1594 2652 ἓῗῗ,Ρῖῗέῗέζίἐηῗὲἵξὶᾏζῗίἱῖΐέῗηᾭ

429 2653 686 2715 ingruente
717 2660 856 2700 nocto
887 2655 1297 2711 exacerbescebat,
1331 2658 1440 2714 488,
1463 2659 1558 2707 497
1581 2676 1593 2713 ,

430 2732 558 2765 anno
597 2719 694 2774 ’85,
731 2718 962 2765 diuturno
997 2718 1113 2781 gelu
1149 2719 1376 2776 resoluto,
1409 2727 1591 2779 exorta,

429 2783 558 2838 488,
590 2783 696 2844 ejus
709 2791 1052 2846 symptomata,
1070 2787 1184 2840 488,
1198 2785 1310 2840 489,
1329 2787 1442 2840 498,
1463 2787 1587 2842 499,

434 2849 541 2910 ejus
573 2848 774 2904 curatio,
809 2849 904 2896 489
944 2863 1048 2910 sq.3
1093 2849 1144 2896 in
1181 2849 1406 2896 foeminis
1443 2850 1589 2898 affec-

431 2912 643 2960 tionibus
665 2912 846 2973 hyster.
863 2913 1099 2970 obnoxiis,
1115 2916 1237 2968 498,
1263 2914 1436 2961 sudore
1449 2929 1593 2976 spon·

433 2983 574 3024 taneo
637 2984 875 3025 nocturno
935 2977 1195 3040 aliquando
1260 2978 1591 3040 mitigabatur,

432 3044 546 3100 492,
572 3043 700 3098 493,
731 3042 914 3090 aestivo
947 3049 1177 3104 tempore,
1211 3043 1393 3090 ventris
1418 3044 1588 3091 tormi-

433 3107 578 3154 nibus
601 3109 857 3169 praecipue
879 3122 930 3154 se
947 3107 1301 3164 manifestabat,
1323 3109 1443 3162 499,
1473 3108 1591 3155 item

437 3171 810 3228 vomitur-itione,
858 3173 982 3226 499,
1025 3172 1293 3230 cerebrum,
1327 3186 1443 3235 prae
1479 3173 1591 3220 aliis

436 3237 724 3298 quibusque,
741 3244 904 3300 petere
920 3243 1046 3299 apta,
1065 3237 1160 3285 493
1180 3256 1192 3292 3
1227 3237 1462 3299 phrenitis
1478 3237 1593 3285 inde

435 3301 682 3348 nascitura
719 3302 962 3363 quomodo
1001 3309 1258 3358 avertatur,
1297 3304 1422 3356 494,
1466 3303 1588 3364 aph-

431 3365 545 3412 thae
567 3373 614 3413 et
648 3365 894 3426 singultus
920 3365 960 3412 si
991 3365 1186 3422 adsunt,
1209 3368 1386 3414 cortice
1417 3367 1593 3414 Peruv.

431 3439 680 3486 curantur,
707 3431 818 3487 491,
841 3432 970 3486 492,
999 3430 1156 3478 diaeta
1179 3431 1313 3492 quali
1335 3431 1591 3488 utendum,

429 3495 554 3550 493,
592 3509 832 3556 quaenam
855 3495 920 3542 sit
947 3495 1134 3558 optima
1151 3495 1378 3544 medendi
1399 3496 1589 3542 metho-

433 3559 525 3606 dus
569 3561 812 3621 quomodo
855 3560 1173 3622 adjudicetur,
1219 3561 1330 3616 511,
1376 3562 1502 3616 5123
1547 3561 1590 3608 si

431 3625 661 3673 methodo
701 3625 907 3672 traditae
949 3625 1147 3673 omnino
1191 3639 1286 3673 non
1327 3624 1484 3680 cedat,
1529 3626 1592 3672 sd

431 3690 660 3737 corticem
698 3689 874 3737 Peruv.
913 3690 1276 3746 recurrendum,
1307 3691 1431 3745 506,
1467 3690 1591 3736 reci-

433 3755 544 3802 diva
589 3753 831 3816 quomodo
875 3754 1242 3816 praevenienda,
1284 3755 1411 3810 491,
1445 3753 1593 3802 febris

432 3819 676 3880 quomodo
699 3819 748 3866 in
771 3818 1042 3866 infantibus
1063 3819 1292 3875 curanda,
1314 3821 1424 3866 503.

497 3885 654 3931 Novae
693 3885 865 3932 Febres
899 3897 1048 3946 quare
1082 3891 1154 3931 tot
1189 3882 1338 3946 vulgo
1375 3882 1595 3940 audiunt,

438 3948 557 4003 180,
594 3949 740 3996 febris
770 3964 922 3997 novae
955 3955 1132 3997 natura
1160 3947 1402 4010 quomodo
1429 3948 1592 3994 inves-

431 4013 645 4075 tiganda,
670 4013 792 4068 237,
830 4029 926 4076 qua
957 4013 1156 4060 demum
1191 4013 1382 4062 cautela
1407 4011 1592 4059 indica-

431 4077 588 4125 tiones
609 4077 856 4126 cnrativae
885 4078 1150 4126 sumendae
1177 4079 1230 4126 in
1252 4085 1420 4126 exon-tu
1439 4091 1596 4125 novae

430 4141 594 4198 sehris,
620 4141 732 4200 237,
759 4145 868 4190 238.

499 4207 730 4254 Nutrices
761 4207 814 4254 in
847 4206 1043 4255 variolis
1065 4221 1208 4270 saepe
1229 4213 1409 4263 errant,
1435 4207 1540 4255 135.

497 4271 809 4335 Objectiones
828 4272 1215 4334 dog-maticorum
1243 4271 1516 4329 solvuntur,
1535 4271 1595 4319 de

431 4336 588 4399 aegris
622 4335 747 4384 lecto
778 4336 830 4383 in
863 4336 1060 4385 variolis
1092 4337 1264 4399 primis
1295 4337 1464 4384 diebus
1487 4335 1593 4383 affl-

427 4401 617 4464 gendis,
639 4401 911 4451 337—340.

498 4465 870 4514 Observationes
909 4465 1228 4528 particulares
1267 4465 1316 4513 in
1353 4465 1597 4513 medicina

430 4544 526 4576 non
563 4543 794 4588 mag-nam
815 4529 1024 4576 afferunt
1041 4529 1322 4586 utilitatem,
1347 4531 1421 4578 15.

1334 302 1595 361 INDEX
1638 301 1945 361 RERUM.

1743 455 1995 504 ObstetrIx
2016 454 2155 504 τὼ
2182 451 2263 503 vel
2278 453 2581 517 jactabunda
2600 453 2869 517 quomodo

1674 535 1963 583 puerperam
1983 520 2173 569 laedere
2192 520 2360 582 possit,
2380 520 2493 567 396.

1744 588 2087 635 obstructione-e
2135 584 2399 633 mulierum
2454 583 2615 632 dictae
2674 584 2861 632 adem

1674 650 1902 698 methodo
1922 665 1979 699 sc
2000 649 2247 713 hysterica
2264 649 2417 697 affeet-
2442 656 2697 705 sensnum
2720 650 2849 697 386.

1740 714 2039 777 Odontalgia
2061 730 2123 763 ex
2142 714 2385 777 hyster-ica
2407 712 2583 769 effect„
2604 714 2721 763 367.

1745 779 1927 827 Oleum
1960 780 2207 842 amygdal.
2238 778 2367 827 dulc.
2394 794 2633 841 quasnam
2666 779 2861 827 habent

1674 844 1948 902 facultates,
1964 846 2047 902 58,
2066 846 2159 899 59,
2193 844 2247 890 in
2268 844 2499 899 febribus,
2514 844 2601 897 59,
2638 843 2693 890 in
2714 844 2857 906 peri-

1673 909 1973 971 pneumonia
1998 909 2163 965 notha,
2198 911 2323 963 254,
2358 908 2411 955 in
2442 908 2703 969 pleuritide
2734 915 2855 970 post

1673 974 2133 1031 venae-sectionem,
2161 976 2285 1029 249,
2320 974 2371 1020 in
2392 973 2515 1019 tussi
2546 972 2725 1027 febrili,
2748 976 2855 1029 59,

1672 1038 1969 1086 vsriolarum
1992 1039 2239 1085 aridarum
2262 1037 2439 1084 crustis
2459 1037 2693 1094 illinitur,
2718 1040 2819 1085 143
2836 1058 2853 1093 ,

1673 1103 1859 1151 viribus
1880 1102 2059 1151 attritis
2080 1102 2327 1159 subvenit,
2348 1104 2425 1151 59.

1740 1168 1921 1215 Oleum
1963 1166 2053 1215 lini
2094 1168 2297 1215 seminis
2334 1166 2387 1213 in
2424 1166 2689 1229 pleuritide
2729 1174 2853 1227 poet

1673 1233 2137 1290 venae-sectionem,
2160 1234 2273 1280 249.

1741 1297 2127 1354 Ornruamru,
2155 1296 2289 1359 (Dr.)
2316 1296 2427 1352 571,
2453 1294 2563 1345 572.

1740 1362 1855 1426 Opii
1886 1362 2181 1424 praestantia
2210 1370 2260 1409 et
2294 1361 2461 1409 nativa
2488 1360 2693 1416 bonitas,
2728 1356 2847 1415 174,

1680 1426 1769 1476 175
1792 1446 1803 1481 3
1846 1427 1899 1474 in
1932 1427 2109 1489 quibus
2140 1426 2393 1474 affectibus
2418 1425 2679 1488 praecipue
2706 1424 2847 1472 indi-

1674 1498 1809 1538 eetur
1822 1492 1930 1554 ejus
1944 1506 2079 1544 usus,
2098 1492 2195 1541 278
2208 1510 2222 1547 ,
2253 1491 2382 1538 inter
2392 1490 2555 1553 opiata
2568 1490 2729 1551 quoad
2738 1490 2850 1537 vim

1674 1556 1833 1618 ipsam
1854 1556 2053 1603 nullum
2072 1556 2172 1603 fere
2192 1564 2269 1603 est
2286 1555 2565 1611 discrimen,
2590 1554 2647 1605 17
2652 1557 2697 1603 4.

1740 1620 1813 1667 Os
1832 1620 2165 1669 exulceratum
2198 1626 2309 1683 post
2342 1620 2677 1667 salivationem
2709 1634 2847 1666 mer-

1674 1684 1927 1742 curialem,
1950 1688 2069 1741 320,
2102 1686 2147 1732 si
2170 1684 2285 1733 ferri
2306 1692 2531 1746 nequeat,
2548 1684 2671 1746 quid
2686 1698 2844 1746 agen-

1674 1749 1812 1807 dum,
1836 1752 1961 1805 3243
1998 1757 2071 1797 est
2090 1756 2368 1813 symptoma
2386 1749 2537 1796 totius
2558 1762 2705 1797 curae
2724 1748 2845 1796 sali-

1676 1814 1883 1862 vationis
1902 1814 2321 1871 molestissimum,
2344 1816 2454 1861 324.

1742 1880 1979 1927 Oscitatio
2021 1880 2263 1927 matutina
2314 1879 2367 1925 in
2410 1877 2689 1940 podagricis
2733 1878 2847 1939 jam

1676 1943 1889 1991 multum
1914 1960 2023 1992 eam
2044 1943 2215 2007 passis,
2239 1943 2359 2005 quid
2380 1942 2577 2000 efficiat,
2596 1945 2711 1991 414.

1742 2007 2007 2070 Palpebrae
2038 2008 2091 2055 in
2124 2008 2321 2055 variolis
2352 2007 2495 2055 discr.
2524 2008 2629 2067 jam
2672 2014 2843 2053 matu-

1674 2072 1895 2121 rantibus
1928 2072 2175 2129 inflantur,
2204 2075 2323 2127 121,
2359 2072 2489 2135 quod
2524 2080 2571 2119 et
2600 2078 2714 2119 ante
2748 2071 2847 2119 hee

1676 2143 1869 2199 tempus
1894 2152 2244 2201 nonnunquam
2269 2136 2523 2198 contingit,
2550 2138 2659 2184 121.

1742 2201 2005 2264 Palpitatio
2058 2201 2219 2250 cordis
2274 2216 2337 2249 ex
2386 2200 2629 2262 hysteriea
2682 2200 2846 2248 affect-

1675 2280 1913 2327 qussnam
1930 2268 2219 2330 praeprimis
2240 2274 2395 2323 vexet,
2420 2268 2531 2319 365,
2556 2266 2671 2313 366.

1744 2330 1985 2379 Paludosa
2008 2331 2115 2379 loca
2146 2331 2329 2380 febrem
2354 2338 2641 2393 quartanam
2664 2330 2845 2377 inferre

1674 2402 1892 2456 possunt,
1916 2396 2031 2447 378.

1742 2460 1997 2510 Panatella
2016 2462 2069 2509 in
2090 2460 2380 2524 dysenteria,
2408 2460 2513 2512 173.

1742 2525 2073 2574 Paracentesis
2100 2527 2151 2573 in
2179 2525 2395 2588 hydrope
2418 2524 2705 2588 periculosa,
2726 2528 2847 2576 42⁹⁴.

1743 2590 2034 2650 Paruum,
2060 2590 2195 2652 (De)
2221 2592 2335 2646 604,
2360 2592 2475 2639 605.

1740 2653 1989 2718 Paralysis
2010 2672 2071 2704 ex
2092 2656 2195 2704 vini
2213 2671 2309 2704 usu
2327 2655 2605 2710 immodico,
2628 2655 2739 2702 435.

1740 2717 2031 2783 Paregorica
2050 2721 2101 2767 in
2137 2721 2313 2783 quibus
2336 2720 2529 2768 casibus
2558 2727 2688 2766 recto
2710 2719 2843 2766 indi-

1674 2791 1861 2842 centur,
1903 2784 2015 2842 278,
2056 2786 2179 2840 349,
2224 2784 2517 2848 paregoricis
2552 2785 2846 2832 evacuanti·

1674 2848 1847 2896 debere
1884 2849 2145 2913 praemitti,
2181 2850 2233 2896 in
2278 2849 2561 2911 sang-uineis
2594 2855 2843 2911 tempera-

1676 2914 1866 2970 mentis,
1892 2929 1987 2962 non
2015 2913 2139 2970 aliis,
2174 2915 2301 2969 393,
2337 2913 2540 2962 remedii
2576 2911 2651 2960 vis
2680 2920 2727 2960 et
2762 2929 2843 2960 re-

1672 2978 1868 3039 petendi
1880 2980 2013 3026 vices
2020 2995 2137 3026 cum
2150 2979 2487 3041 symptomatis
2500 2978 2845 3040 magnitudine

1674 3051 1789 3090 sunt
1816 3044 2147 3100 conferendae,
2172 3043 2295 3098 278,
2330 3057 2545 3106 quonam
2578 3043 2722 3090 modo
2760 3049 2843 3090 tn-

1672 3107 1861 3155 tissime
1882 3109 2171 3165 exhibenda,
2194 3115 2253 3156 ut
2274 3107 2533 3156 definiatur
2554 3107 2701 3164 dosis,
2722 3110 2841 3165 340,

1674 3173 1798 3227 350,
1836 3173 1919 3220 ubi
1940 3172 2243 3235 frequentius
2260 3172 2566 3229 exhibentur,
2584 3172 2713 3220 intra
2732 3173 2841 3219 sin-

1672 3236 1815 3296 gulas
1848 3237 1989 3284 doses
2030 3245 2273 3299 quantum
2316 3238 2461 3300 spatii
2500 3237 2841 3298 interjiciunt,

1674 3301 1785 3357 278,
1810 3303 1925 3358 349,
1948 3305 2060 3359 350,
2078 3304 2189 3360 394,
2211 3304 2302 3350 581
2322 3321 2334 3356 ,
2370 3302 2521 3350 nimis
2544 3302 2735 3364 saepius
2760 3316 2839 3349 re-

1672 3367 1825 3428 petita
1854 3366 2129 3415 functiones
2148 3366 2397 3414 naturales
2418 3366 2691 3421 debilitant,
2712 3369 2839 3422 393,

1672 3430 1945 3480 exhibenda
1978 3431 2268 3494 plerumque
2300 3438 2413 3495 post
2446 3431 2721 3494 purgantis,
2744 3433 2837 3487 87,

1671 3494 1791 3556 quid
1830 3495 1883 3542 in
1917 3495 2059 3544 initio
2096 3495 2317 3544 cholerae
2350 3495 2508 3544 morbi
2546 3495 2665 3544 mali
2696 3510 2839 3557 prae-

1672 3566 1819 3616 stent,
1856 3561 1974 3616 1643
2014 3561 2210 3623 quando
2244 3561 2534 3618 exhibenda,
2568 3561 2675 3616 165,
2716 3563 2843 3616 166,

1671 3624 1727 3671 in
1759 3623 1953 3672 cholera
1983 3627 2149 3673 morbo
2180 3627 2293 3674 anni
2317 3626 2397 3676 ’76
2428 3624 2623 3673 fortiora
2656 3633 2707 3673 et
2740 3626 2837 3674 fne-

1675 3689 1929 3750 quentiora
1970 3689 2113 3738 solito
2159 3691 2547 3753 requirebantur,
2592 3690 2687 3740 278
2710 3709 2723 3746 ,
2784 3691 2837 3738 in

1674 3753 1831 3802 colica
1862 3753 2051 3809 biliosa,
2092 3755 2211 3810 196,
2258 3763 2371 3818 post
2409 3755 2673 3810 utliarsin,
2714 3757 2837 3810 196,

1676 3827 1785 3880 post
1815 3819 2271 3877 venae-sectionem,
2308 3821 2419 3876 195,
2440 3819 2567 3874 577,
2612 3827 2725 3882 post
2754 3835 2843 3868 vo-

1674 3883 1925 3931 mitorium
1939 3899 1999 3932 ex
2016 3883 2515 3946 sythogals,quando,
2528 3885 2642 3938 195,
2678 3899 2839 3945 quan·

1674 3948 1853 3996 donam
1875 3949 2152 3996 catharticis
2172 3949 2546 4010 praemittenda,
2572 3949 2685 4004 196,
2724 3965 2843 3998 oon-

1674 4013 1908 4060 tinuanda
1930 4013 2091 4060 adhuc
2124 4019 2237 4076 post
2266 4028 2413 4060 usum
2440 4013 2841 4070 cathartieorum,

1680 4077 1771 4128 197
1790 4097 1801 4132 ,
1838 4077 1901 4125 ad
1930 4077 2146 4126 dolorem
2175 4077 2443 4125 recidivum
2472 4077 2837 4140 expellendum,

1680 4143 1769 4191 198
1788 4161 1801 4197 ,
1833 4142 1883 4190 in
1901 4141 2055 4190 colica
2074 4142 2331 4205 hysteriea,
2350 4143 2469 4198 202,
2506 4143 2837 4190 evacuationi-

1674 4206 1767 4254 bus
1808 4207 2103 4269 praemissis,
2136 4206 2297 4254 minor
2328 4205 2461 4254 dosis
2492 4205 2672 4256 efficiet
2702 4208 2839 4270 quodi

1676 4272 1811 4334 prius
1850 4272 2005 4333 major
2038 4287 2135 4318 non
2170 4271 2379 4328 valebat,
2414 4273 2525 4328 202,
2563 4273 2678 4329 393,
2708 4275 2835 4326 581,

1676 4351 1829 4393 coms,
1855 4337 1985 4398 quod
2009 4352 2038 4384 a
2062 4335 2281 4384 tumultu
2314 4351 2461 4398 quem
2492 4337 2753 4400 purgantis
2784 4338 2837 4384 in

1676 4401 2057 4449 febricitantium
2084 4401 2321 4463 sanguine
2340 4401 2570 4459 excitant,
2590 4401 2833 4450 moliun-

1677 4473 1773 4522 tur,
1800 4468 1927 4522 490,
1973 4466 2025 4513 ἰιι
2058 4464 2317 4514 comatosis
2348 4465 2597 4514 affectibus
2628 4466 2839 4514 variola

1676 4531 2091 4593 praecedentibus,
2136 4532 2261 4585 346,
2307 4531 2359 4578 in
2398 4530 2667 4587 diarrhoea,
2712 4533 2833 4586 173,
