3138 5006
1214 288 1482 347 INDEX
1523 287 1830 349 RERUM.

2616 291 2731 347 653

379 442 666 493 vantome
699 444 1010 493 Anouanar.
1045 458 1312 493 annosum
1335 444 1485 495 ’70-
1568 442 1717 492 nimis
1734 444 1981 507 langueat,
2011 446 2135 501 132,
2170 450 2219 493 et
2239 443 2467 555 pustulae
2489 444 2631 507 quasi
2652 458 2729 493 re·

318 507 418 565 ’72,
447 510 715 559 188-194.

385 572 612 623 Variolae
649 574 902 623 anomalae
939 574 1110 637 nigrae
1150 573 1338 637 quales,
1371 574 1484 632 161,

321 638 430 695 162,
457 640 730 698 188-191,
751 642 878 695 218,
911 640 1072 702 primo
1101 639 1376 697 atrociores,
1404 639 1480 687 ul-

318 703 438 749 timo
481 718 610 751 anno
641 704 879 767 benignae
915 710 1030 751 sunt
1067 704 1222 751 factae
1258 710 1482 767 respectu

316 767 524 829 generis,
551 770 660 827 188,
686 771 792 827 189,
820 770 927 826 191,
953 770 1080 825 219,
1115 784 1204 816 cur
1223 771 1480 831 dysenteri-

317 848 398 879 eae
413 840 630 890 vocatae,
649 834 734 883 161
758 854 770 889 ,
807 834 1064 883 distinctae
1085 834 1331 896 quomodo
1346 849 1377 882 a
1394 849 1480 881 va-

319 895 455 944 riolis
679 933 694 945 .
719 899 862 947 discr.
889 898 1072 947 fuerint
1105 898 1484 955 discriminatae,

322 962 440 1017 1893
495 964 698 1020 curatio,
741 970 792 1012 et
830 964 1004 1021 diaeta,
1051 965 1138 1011 191
1163 982 1174 1018 ,
1232 962 1484 1012 anomalae

317 1026 460 1073 confi.
480 1028 724 1089 quomodo
751 1044 782 1076 a
810 1028 1116 1091 regularibus
1136 1027 1278 1076 confi.
1303 1028 1481 1077 discre-

316 1097 500 1152 parent,
525 1094 634 1150 189,
660 1094 770 1149 190,
797 1093 916 1149 194,
941 1094 1182 1156 quomodo
1199 1109 1228 1140 a
1245 1092 1484 1141 morbillis

316 1162 367 1202 et
399 1156 690 1219 erysipelate
727 1157 1160 1220 distinguerentur,
1201 1158 1325 1213 190,
1383 1158 1482 1205 dis-

321 1220 506 1268 crimen
526 1222 604 1269 die
631 1222 727 1270 14‘0
747 1222 930 1280 aderat,
948 1222 1210 1285 aliquando
1239 1222 1368 1280 17⁸⁶,
1388 1237 1486 1284 quo

322 1284 402 1332 die
433 1285 600 1348 elapso
643 1286 814 1334 nullus
853 1287 1168 1344 moriebatur,
1208 1288 1319 1343 190,
1359 1289 1482 1345 219,

320 1348 534 1399 furfures
549 1349 634 1398 diu
649 1351 1002 1409 adhaerebant3
1027 1352 1254 1413 stigmata
1274 1351 1487 1399 foediora

320 1414 372 1461 in
395 1422 524 1473 cute,
550 1417 670 1470 190,
725 1416 1010 1473 notandum,
1041 1417 1128 1463 has
1155 1416 1365 1464 variolas
1397 1431 1485 1479 per

319 1479 648 1589 dytltenteriam
668 1496 812 1544 saepe
849 1481 942 1529 sibi
975 1481 1108 1529 viam
1137 1496 1350 1542 parasse,
1377 1482 1487 1540 190,

385 1606 674 1657 vantome
721 1608 1030 1657 Attonitus
1073 1623 1339 1658 ammana
1387 1608 1486 1669 ⁹74,

321 1671 423 1731 75,
447 1675 722 1721 218—225.

389 1737 506 1785 Istis
520 1738 638 1786 anni
658 1740 740 1789 ’70
757 1737 958 1796 similes,
975 1740 1088 1796 218,
1109 1740 1205 1787 220
1225 1758 1238 1795 ,
1263 1737 1485 1801 pluribus

321 1808 486 1850 tamen
520 1803 832 1860 dissidebant,
857 1805 980 1859 219,
1025 1804 1138 1851 hinc
1171 1804 1358 1867 species
1396 1819 1484 1851 no-

321 1882 386 1915 va
405 1867 695 1917 videbantur
710 1884 772 1916 ex
793 1869 1110 1931 praecedente
1127 1870 1342 1927 suborta,
1360 1869 1484 1925 219,

321 1932 550 1995 pustulae
574 1934 762 1995 quales,
782 1934 906 1990 219,
943 1933 1182 1991 salivatio‚
1203 1947 1392 1981 necnon
1420 1932 1487 1981 fa-

321 1996 414 2044 ciei
446 2011 506 2045 ac
537 2012 778 2045 manuum
811 2004 992 2053 tumor,
1019 1998 1102 2046 hic
1125 2014 1319 2061 quoque
1351 1998 1484 2046 salu-

323 2068 466 2119 tares,
489 2064 612 2118 224,
637 2070 748 2125 post
769 2062 899 2111 diem
922 2065 1074 2111 20¹⁸*
1095 2064 1256 2111 adhuc
1279 2063 1486 2111 trucida·

321 2126 456 2183 bant,
478 2127 602 2183 219,
638 2127 940 2175 confluentes
959 2134 1145 2190 pestem
1167 2126 1380 2190 pernicie
1403 2143 1483 2176 ae·

321 2206 518 2253 grorum
541 2191 642 2239 fere
661 2194 950 2255 aequabant,
971 2194 1089 2249 221,
1114 2208 1204 2240 nec
1225 2198 1390 2241 tamen
1411 2192 1485 2239 ni·

321 2255 364 2302 si
387 2262 605 2304 maturae
625 2257 882 2313 necabant,
905 2258 1030 2313 219,
1075 2256 1118 2304 si
1139 2257 1374 2305 discretae
1394 2256 1486 2305 ali-

322 2320 516 2381 quando
536 2320 712 2380 forent,
731 2337 828 2369 non
850 2322 1039 2383 pejores
1061 2328 1202 2369 erant
1217 2320 1342 2379 aliis,
1359 2323 1448 2369 221
1471 2340 1484 2378 3

321 2385 521 2461 curatio,
555 2386 680 2441 221,
717 2386 918 2449 spiritus
953 2386 1134 2435 vitrioli
1166 2386 1220 2434 in
1255 2386 1333 2434 his
1369 2402 1486 2435 usus

322 2452 809 2627 ἔξῖιῐιιιβᾶἕιῗξῦε)
833 2517 1299 2575 Cournunnrrsus,
1323 2519 1487 2566 332-

389 2643 702 2692 Confluentes
723 2642 963 2706 pessimae
998 2660 1124 2693 anno
1147 2646 1223 2694 ’81
1251 2644 1485 2708 epidemi-

323 2723 410 2756 cae
463 2709 590 2756 fiunt
637 2708 864 2764 Londini,
907 2710 1030 2766 3323
1082 2710 1488 2758 exanthematum

323 2773 578 2820 confluxus
597 2773 889 2822 incitabatur
905 2775 1030 2822 a‘e'ris
1049 2774 1349 2837 intemperie,
1365 2777 1485 2832 332,

323 2845 434 2900 post
461 2838 766 2904 eruptionem
799 2853 974 2902 corpus
1004 2839 1144 2901 copia
1175 2839 1486 2902 pustularum

323 2901 590 2960 calefiebat,
612 2905 736 2960 348,
772 2918 868 2965 quo
891 2903 1100 2952 sedatior
1131 2911 1238 2952 erat
1267 2904 1484 2966 sanguis,

324 2967 620 3079 gasmajores
651 2973 706 3044 et
729 2967 1224 3081 mimaiconfluetraites
1244 2969 1486 3082 pizatulae,

441 3051 452 3086 3
488 3047 769 3094 paregonca
797 3047 848 3080 m
927 3049 1096 3081 camen
1178 3048 1294 3082 eran
1379 3049 1488 3082 nasi

325 3097 565 3160 specifica,
588 3100 698 3144 348.
1347 3049 1380 3096 q

393 3161 456 3208 In
489 3160 686 3208 variolis
726 3161 989 3210 tractandis
1028 3162 1269 3224 quomodo
1303 3161 1488 3210 Medici

323 3225 458 3274 fama
495 3225 813 3289 periclitetur,
849 3227 960 3283 134,
996 3229 1117 3282 135,
1154 3242 1306 3289 quare
1334 3243 1394 3275 ex
1425 3227 1488 3276 iis

325 3290 491 3354 plures
531 3291 706 3338 divites
739 3291 1010 3339 moriantur
1046 3306 1194 3354 quam
1235 3306 1486 3354 pauperes,

331 3355 452 3410 140,
489 3355 806 3404 indicationes
827 3355 1022 3403 cuidam
1053 3355 1371 3404 fimdamento
1401 3371 1484 3404 su-

325 3420 684 3482 perstruendae,
714 3422 832 3477 129,
881 3420 1098 3468 calidum
1135 3421 1304 3480 nimis,
1335 3436 1486 3484 aeque

325 3499 382 3532 ac
401 3485 636 3547 frigidum
655 3485 818 3544 nimis,
842 3486 1060 3548 regimen
1081 3486 1234 3543 obest,
1255 3488 1343 3534 221
1373 3505 1384 3542 ,
1407 3501 1483 3533 re-

325 3549 538 3612 quiritur
559 3555 614 3598 ut
633 3549 886 3612 sanguinis
903 3550 1121 3598 ebullitio
1135 3558 1487 3614 compescatur,

325 3620 377 3661 et
397 3614 708 3677 pustularum
731 3615 954 3673 elevatio,
973 3621 1119 3678 atque
1141 3615 1283 3664 faciei
1305 3623 1356 3664 et
1380 3631 1485 3664 ma-

327 3693 484 3726 nuum
517 3685 698 3738 tumor,
728 3687 1025 3743 procuretur,
1062 3683 1184 3738 221,
1229 3681 1328 3729 duo
1359 3686 1484 3728 tem-

327 3757 444 3805 pora
463 3762 484 3798 3·
531 3744 865 3806 separationis,
907 3751 958 3792 et
1001 3745 1318 3807 expulsionis,
1365 3747 1482 3802 129,

327 3814 544 3870 tempore
563 3808 897 3872 separationis,
918 3824 978 3857 ne
1003 3809 1224 3858 ebullitio
1239 3811 1490 3868 exorbitet,

327 3873 1100 4000 εκϊὲῖῑὲεέῑῑῗῖεὲῴἓς
1123 3875 1489 3987 30222521'5'132

327 4002 611 4058 absolvitur,
636 4004 744 4059 131,
773 4003 892 4058 136,
931 4002 1122 4051 Natura
1141 4004 1232 4051 sibi
1253 4005 1491 4066 permissa

327 4067 582 4115 materiam
617 4067 777 4116 debito
811 4067 980 4116 ordine
1013 4083 1068 4114 ac
1101 4069 1182 4116 via
1203 4069 1410 4116 secernit
1441 4077 1490 4116 et

327 4131 546 4194 expellit,
593 4132 702 4189 131,
748 4134 872 4187 132,
927 4132 1136 4180 variolae
1189 4133 1349 4197 primo
1389 4148 1488 4182 non

327 4204 638 4259 erumpentes
677 4197 842 4244 minus
875 4196 1134 4255 timendae,
1174 4213 1322 4260 quam
1367 4213 1492 4260 quae

327 4267 634 4325 praemature
663 4261 986 4318 retrocedunt,
1015 4263 1134 4318 132,
1169 4263 1440 4311 cavendum
1464 4278 1495 4311 a

329 4326 566 4388 regimine
597 4326 748 4374 nimis
781 4325 954 4384 calido,
994 4328 1114 4383 131,
1171 4343 1231 4376 ex
1265 4342 1364 4389 quo
1395 4327 1493 4375 alia

329 4392 472 4454 plura
513 4391 658 4446 mala..
703 4391 926 4454 opposita
968 4391 1197 4440 methodo
1237 4407 1490 4454 nunquam

329 4457 596 4512 observata,
637 4457 746 4513 131,
779 4458 900 4510 132,
957 4457 1228 4506 cavendum
1261 4457 1428 4505 itidem
1465 4472 1494 4505 a

333 4520 572 4584 regimine
615 4521 929 4584 refrigerante
973 4521 1120 4570 nimia
1171 4537 1234 4569 ne
1275 4521 1494 4570 ebullitio

1565 524 1824 573 percussae
1861 509 2211 565 detumescant,
2268 510 2348 565 32,
2373 511 2498 565 221,
2536 508 2577 557 si
2614 523 2729 557 con-

1565 574 1825 623 fluentium
1847 582 2011 622 metus
2036 575 2160 623 adsit
2177 574 2428 632 minimus,
2448 588 2734 621 venae-sec·

1566 639 1637 687 tio
1659 639 1757 696 fiat,
1782 645 1832 687 et
1852 640 2113 687 emeticum
2151 639 2451 703 propinetur,
2478 640 2598 695 132,
2640 637 2729 686 ali-

1567 704 1761 766 quando
1788 710 1895 751 tum
1929 704 2109 752 melius
2136 711 2415 767 erumpunt,
2442 704 2565 759 132,
2603 709 2727 751 tem-

1565 783 1681 831 pore
1702 768 2005 832 expulsionis
2026 767 2251 833 pustulae
2275 768 2435 816 debito
2456 768 2601 815 modo
2622 784 2730 816 sus-

1567 831 1829 892 tineantur,
1879 833 1987 892 130,
2041 836 2163 889 133,
2218 834 2313 881 hoc
2356 839 2573 895 tempore
2620 832 2733 896 plus

1566 897 1727 945 adhuc
1772 898 1881 955 alio,
1928 898 2199 947 cavendum
2244 914 2273 945 a
2320 898 2557 961 regimine
2600 897 2731 945 cale·

1565 962 1787 1020 faciente,
1828 964 1948 1019 1833
2007 962 2249 1026 quomodo
2284 961 2376 1010 hoc
2417 968 2602 1019 noceat,
2638 964 2733 1010 130

1567 1043 1656 1091 sq„
1686 1028 1793 1084 136,
1817 1029 1906 1075 221
1930 1047 1943 1086 ,
1977 1028 2289 1091 quandonam
2312 1027 2534 1075 cardiaca
2554 1042 2729 1075 conve-

1567 1093 1673 1139 nire
1710 1093 1921 1155 possint,
1959 1095 2079 1148 1353
2132 1092 2389 1139 vitandum
2430 1108 2491 1139 ne
2530 1107 2732 1154 aegrum

1571 1156 1737 1219 frigori
1759 1158 2041 1221 exponendo
2067 1156 2369 1221 eruptionem
2392 1156 2732 1220 impediamus,

1575 1223 1693 1277 134,
1728 1221 1843 1269 hinc
1866 1222 2038 1269 caloris
2056 1222 2235 1283 gradus
2248 1221 2477 1284 optimus,
2496 1220 2734 1270 naturalis

1569 1294 1657 1345 est,
1692 1288 1812 1343 134,
1868 1286 2001 1335 hunc
2033 1286 2231 1334 definire
2265 1285 2473 1349 gradum
2507 1300 2733 1348 sagacem

1574 1351 1825 1399 Medicum
1848 1352 2139 1415 expostulat,
2164 1357 2213 1399 et
2235 1366 2401 1414 quare,
2427 1352 2521 1397 134
2541 1370 2553 1406 ,
2589 1366 2730 1398 cura·

1571 1415 1639 1463 tio
1666 1415 1907 1479 generalis
1940 1423 2053 1464 ante
2086 1416 2407 1478 eruptionem,
2442 1417 2733 1473 135-138,

1569 1480 1731 1529 diaeta
1766 1480 1944 1543 qualis,
1982 1482 2101 1537 136,
2136 1479 2532 1528 calefacientibus
2562 1494 2625 1526 ne
2652 1494 2732 1527 ac.

1572 1545 1809 1593 celeretur
1826 1544 2033 1608 eruptio,
2061 1546 2179 1602 1363
2212 1544 2339 1593 lecto
2372 1544 2592 1592 addicere
2619 1550 2733 1593 ante

1572 1610 1702 1658 diem
1738 1611 1855 1669 4⁸⁸²,
1878 1610 2081 1669 malum,
2113 1608 2231 1665 137,
2287 1608 2509 1657 cardiaca
2538 1608 2734 1671 quando

1572 1674 1860 1733 exhibenda,
1885 1674 2005 1731 137,
2052 1674 2382 1723 venae-sectio
2420 1673 2733 1737 quandonam

1571 1738 1889 1797 instituenda,
1914 1741 2023 1789 138.

1637 1803 1947 1852 Variolarum
1978 1803 2187 1867 regular.
2224 1800 2368 1851 discr.
2402 1801 2589 1849 curatio
2623 1817 2733 1865 spe-

1572 1868 1711 1916 cialis
1738 1875 1847 1931 post
1877 1869 2198 1931 eruptionem,
2222 1870 2341 1923 1353
2378 1866 2609 1915 discretas
2630 1866 2733 1915 fore

1572 1933 1703 1981 unde
1722 1940 1925 1991 constet,
1965 1936 2085 1990 138,
2120 1932 2254 1981 omni
2286 1947 2482 1996 prorsus
2513 1930 2732 1995 periculo

1572 2006 1765 2057 vacant,
1788 2000 1907 2055 139,
1942 1998 2100 2045 diaeta
2120 1996 2297 2059 qualis,
2322 1998 2433 2054 138,
2458 1998 2579 2053 139,
2604 1997 2735 2059 quod

1572 2062 1625 2109 in
1654 2062 1735 2111 his
1763 2064 2094 2111 venae-sectio
2125 2063 2189 2110 sit
2221 2076 2591 2124 supervacanea,
2618 2062 2728 2119 139,

1578 2128 1706 2185 140,
1762 2128 1859 2176 nisi
1900 2128 2117 2191 regimen
2160 2126 2365 2175 calidius
2408 2127 2733 2189 praecesserit,

1576 2193 1689 2250 139,
1716 2194 1835 2249 140,
1870 2192 2124 2255 regiminis
2148 2192 2286 2255 justo
2314 2190 2557 2238 calidioris
2588 2205 2732 2249 noxa,

1574 2258 1684 2317 131,
1722 2259 1830 2316 133,
1864 2258 1989 2315 513,
2019 2256 2397 2305 evacuationum
2428 2270 2572 2313 noxa,
2606 2256 2731 2313 132,

1569 2322 1763 2383 frigoris
1796 2328 1913 2370 sunt
1944 2322 2090 2370 etiam
2123 2326 2431 2377 nocumenta,
2457 2320 2580 2375 134,
2624 2334 2733 2368 car-

1574 2386 1725 2435 diacis
1766 2388 1960 2450 quando
1994 2386 2248 2443 utendum,
2297 2386 2406 2442 135,
2454 2386 2562 2441 139,
2608 2384 2731 2441 142,

1573 2451 1851 2499 cardiacum
1885 2451 2045 2516 quale,
2084 2450 2195 2510 137,
2231 2451 2351 2506 189,
2387 2464 2484 2514 quo
2517 2456 2732 2513 tempore

1572 2525 1796 2580 aeg-roms
1816 2518 1943 2566 lecto
1972 2517 2285 2573 addicendus,
2313 2515 2421 2573 137,
2446 2515 2569 2573 335,
2604 2513 2732 2563 lecto

1575 2581 1797 2630 damnari
1818 2582 1967 2632 nimis
2001 2596 2333 2646 praepropere,
2354 2579 2496 2627 valde
2517 2586 2592 2627 est
2622 2595 2730 2642 per-

1572 2646 1831 2706 niciosum,
1852 2647 2107 2697 335-337
2127 2665 2139 2702 ,
2173 2646 2269 2694 loci
2290 2645 2341 2692 in
2362 2645 2487 2692 lecto
2504 2645 2733 2706 fiequens

1572 2712 1880 2773 permutatio,
1896 2720 2003 2760 tum
2024 2711 2076 2758 in
2094 2711 2203 2768 hoc,
2218 2717 2325 2758 tum
2348 2709 2399 2757 in
2420 2708 2517 2755 alio
2538 2723 2731 2772 genere,

1574 2781 1649 2823 est
1669 2776 1989 2834 concedenda,
2010 2777 2119 2832 140,
2139 2776 2259 2831 141,
2296 2773 2551 2820 solvuntur
2572 2773 2735 2836 objec-

1572 2839 1729 2888 tiones
1750 2855 1837 2904 pro
1859 2841 2089 2889 continuo
2110 2841 2163 2887 in
2183 2837 2371 2887 lectulo
2393 2837 2624 2886 decubitu
2648 2837 2731 2886 ob·

1572 2903 1713 2962 latae,
1738 2907 1851 2963 338,
1877 2907 1991 2954 339.

1638 2969 1949 3018 Variolarum
1984 2967 2191 3032 regular.
2227 2965 2368 3014 confi.
2402 2965 2587 3013 curatio
2621 2979 2731 3028 spe-

1573 3032 1713 3082 cialis
1734 3042 1847 3083 ante
1867 3034 2170 3097 eruptionem
2193 3031 2418 3079 innititur
2440 3045 2515 3087 eo,
2534 3037 2592 3077 ut
2612 3044 2731 3092 pus·

1572 3098 1789 3147 tularum
1848 3099 2002 3147 nimia
2058 3096 2333 3160 frequentia
2389 3101 2734 3157 praevertatur,

1574 3165 1701 3220 334,
1746 3173 1855 3227 post
1896 3163 2217 3226 eruptionem,
2256 3161 2527 3216 140-143,
2570 3161 2733 3206 334-

1574 3229 1702 3284 346,
1736 3229 1827 3276 hae
1846 3228 2143 3292 periculosae
2164 3225 2442 3281 admodum,
2463 3225 2583 3281 140,
2619 3237 2730 3286 par-

1574 3293 1767 3354 egorica
1816 3295 1931 3341 11=⁰
1966 3292 2043 3340 die
2086 3291 2303 3340 exhibita
2338 3295 2544 3338 mortem
2589 3301 2733 3350 saepe

1574 3363 1895 3416 antevertunu
1910 3359 2023 3415 351,
2041 3359 2163 3412 352,
2200 3355 2473 3402 cavendum
2492 3367 2555 3400 ne
2576 3361 2729 3400 mate-

1573 3421 1669 3470 ries
1690 3423 1939 3480 exorbitet,
1963 3429 2011 3470 et
2034 3421 2347 3485 pustularum
2366 3419 2615 3482 ingentem
2638 3417 2729 3466 sre-

1574 3487 1825 3549 quentiam
1855 3492 2087 3550 procreet,
2114 3487 2223 3543 334,
2249 3485 2361 3542 340,
2386 3485 2495 3540 347,
2524 3485 2648 3539 353,
2683 3489 2735 3530 et

1572 3558 1630 3600 ut
1650 3551 1913 3628 spirituum
1934 3552 2238 3600 inordinatus
2252 3555 2430 3605 motus,
2453 3548 2514 3595 ab
2534 3547 2729 3624 inflam-

1572 3624 1785 3666 matione
1804 3617 2017 3681 partium
2037 3623 2347 3665 externarum
2377 3621 2427 3662 et
2444 3627 2582 3676 puris
2604 3627 2728 3659 acn-

1569 3683 1737 3730 monia
1776 3683 2031 3740 excitatus,
2072 3685 2421 3743 compescatur,
2461 3679 2571 3733 348,
2616 3678 2735 3733 353,

1576 3748 1697 3803 354,
1754 3748 1939 3794 curatio
1992 3745 2288 3809 auspicanda
2330 3748 2406 3790 est
2446 3756 2730 3788 venae-sec-

1569 3812 1702 3859 tione
1724 3819 1868 3874 atque
1890 3811 2110 3866 emetico‚
2127 3808 2219 3858 347
2239 3827 2251 3864 ,
2287 3813 2334 3854 et
2357 3805 2533 3869 spiritu
2551 3804 2733 3852 vitrioli

1569 3877 1623 3922 in
1645 3883 1780 3938 potu,
1805 3876 1898 3926 347
1916 3895 1928 3931 ,
1963 3874 2227 3937 ptyalismo
2252 3870 2563 3934 potissimum
2584 3869 2729 3931 perfi-

1574 3941 1717 3996 citur,
1745 3942 1866 3996 1413
1901 3956 1930 3987 a
1960 3939 2277 3986 fundamento
2309 3940 2441 3982 recte
2474 3939 2559 3980 aut
2591 3947 2733 3980 secus

1573 4004 1627 4052 in
1670 4005 1843 4068 primis
1883 4004 2053 4051 diebus
2101 4003 2235 4064 jacto
2278 3999 2491 4046 maxime
2538 3998 2731 4061 pendet,

1574 4071 1670 4117 336
1688 4089 1700 4126 ,
1755 4069 2033 4131 paregorica
2084 4067 2137 4114 in
2180 4065 2257 4112 his
2300 4063 2439 4126 quasi
2483 4061 2729 4126 specifica,

1575 4136 1699 4190 348,
1756 4132 1852 4180 nisi
1894 4133 1992 4180 sint
2026 4130 2238 4178 infantes
2274 4127 2360 4191 qui
2396 4127 2732 4190 corripiantur,

1580 4201 1687 4255 142,
1706 4200 1817 4257 349,
1838 4199 1929 4246 353
1948 4216 1959 4252 ,
1995 4210 2093 4259 quo
2112 4203 2327 4258 tempore
2344 4193 2500 4240 morbi
2518 4192 2733 4255 primum

1576 4263 1863 4318 exhibenda,
1910 4263 1999 4310 351
2022 4279 2034 4317 ,
2090 4275 2205 4324 prae
2253 4256 2363 4306 aliis
2414 4257 2735 4320 ptyalismum

1577 4333 1878 4391 promovent,
1905 4327 1992 4374 141
2012 4345 2025 4382 ,
2059 4339 2227 4373 eorum
2249 4323 2575 4370 exhibitorum
2598 4335 2732 4369 com-

1577 4393 1738 4450 moda,
1768 4394 1887 4450 142,
1912 4390 2299 4454 paregorieorum
2324 4386 2590 4450 quantitas,
2615 4387 2735 4442 352,

1580 4457 1861 4521 exemplum
1894 4470 2063 4504 eorum
2094 4453 2421 4502 exhibitorum
2452 4451 2502 4498 in
2526 4451 2737 4514 quodam

1586 4523 1778 4581 Crosse,
1800 4523 1929 4576 350,
1972 4519 2319 4584 epispasticum
2348 4531 2445 4580 quo
2474 4516 2553 4564 die
2577 4515 2736 4579 appli-
