3138 5006
526 274 1319 345 OBSERVATIONUM
1365 276 1937 345 MEDICARUM
1985 295 2032 349 Ι.
2071 300 2122 349 6.
2344 277 2428 343 6⁷

238 455 545 521 generum
554 432 1167 505 *intermittentibus
1193 436 1328 503 tam
1361 440 1618 523 egregie
1633 440 1810 520 favit,
1833 462 1992 525 quas
2017 444 2164 505 tum
2192 437 2274 503 de
2301 438 2430 503 illis
2491 454 2702 503 Fenus

234 541 355 607 feci
372 540 845 607 observationes
862 541 1039 606 haud
1054 540 1489 625 indiligentes,
1500 542 1609 607 hic
1623 542 2009 626 impertiam.
2048 542 2308 605 Addam
2324 541 2424 605 in·
2451 518 2732 631 ἇξζξζζκ

234 664 423 727 super
450 652 517 709 et
547 658 710 727 quae
739 643 823 708 de
847 643 1069 727 paucis
1105 643 1233 707 illis
1262 643 1861 727 Intermittentibus
1890 644 2229 723 observari,
2261 664 2426 727 quae
2502 649 2710 695 ’Sl-'64-

234 738 313 809 ab
357 744 469 809 illo
508 745 809 829 deinceps
850 753 1141 828 tempore
1184 743 1511 828 sporadice
1554 747 1988 829 contigerunt,
2035 768 2162 830 quo
2206 746 2426 810 minus

231 847 537 911 orationis
586 848 791 927 filum,
841 847 1325 930 insequentium
1367 846 1670 933 deinceps
1717 869 2039 913 annorum
2088 848 2426 913 historiam

230 948 733 1031 complectentia,
762 969 957 1033 cogar
982 947 1387 1013 intercidere.

228 1142 405 1205 puerili
426 1148 580 1191 aetate
613 1142 903 1191 constitutus
936 1142 1000 1190 sit
1028 1156 1185 1203 aeger,
1207 1141 1286 1191 vel

228 1207 379 1254 etiam
402 1214 607 1255 aetatem
626 1214 847 1269 vegetam
869 1206 1139 1255 excesserit.
1181 1206 1284 1254 Tu-

226 1284 337 1318 mor
352 1271 438 1333 qui
458 1270 679 1334 puerulis
702 1270 891 1327 accidit,
908 1270 1152 1333 imprimis
1166 1284 1285 1317 ven-

226 1334 379 1383 trium
406 1342 483 1382 est
495 1354 508 1392 ς
560 1336 648 1398 qui
680 1335 960 1383 hominibus
994 1334 1165 1382 aetatis
1196 1333 1285 1381 flo-

226 1413 333 1446 rem
366 1399 587 1459 egressis,
620 1400 889 1473 plerunque
924 1398 1071 1461 pedes
1107 1398 1281 1461 primo,

226 1462 353 1511 forte
372 1462 521 1511 etiam
534 1470 729 1513 ventres
747 1463 988 1525 deinceps,
1006 1462 1201 1525 qnando
1220 1462 1285 1510 ad

226 1526 496 1589 hydropem
520 1526 692 1590 vergit,
715 1534 935 1589 occupat.

292 1592 327 1617 “
344 1590 581 1649 Secundo,
598 1599 657 1639 ut
671 1591 731 1638 de
746 1604 801 1637 eo
818 1604 959 1653 porro
970 1589 1095 1637 inter
1107 1588 1286 1637 Febres

228 1654 513 1703 discrimine
531 1655 805 1719 loquamur,
830 1654 957 1717 quod
984 1669 1045 1701 ex
1068 1669 1283 1716 quorun-

229 1718 345 1765 dam
360 1734 599 1767 annorum
620 1720 681 1767 ab
702 1719 810 1765 aliis
832 1718 1101 1765 differentia
1116 1718 1283 1776 oritur,

226 1782 530 1845 proindeque
550 1784 609 1830 de
638 1782 841 1831 medelis
868 1783 931 1829 ad
950 1783 1081 1845 ipsas
1110 1796 1169 1829 eo
1196 1797 1284 1829 no-

226 1848 791 1958 ssssfitffii'ssffilss..
802 1846 1070 1957 2533&
1087 1846 1288 1959 :1⁸ss

228 1974 349 2023 anni
380 1974 561 2023 Febres
592 1976 831 2024 rationem
864 1970 969 2022 dari
1000 1988 1192 2035 semper
1225 1989 1286 2021 ex

228 2040 395 2087 causis
424 2040 695 2087 manifestis
726 2053 823 2085 non
855 2053 1025 2101 posse;
1064 2038 1283 2100 quando-

228 2102 429 2165 quidem
472 2118 613 2166 saepe
650 2103 721 2160 fit,
754 2109 813 2149 ut
849 2118 979 2150 unus
1022 2116 1179 2149 annus
1222 2102 1287 2150 sit

228 2166 545 2229 epidemicus,
586 2182 685 2215 non
729 2167 887 2230 quoad
930 2173 1115 2229 pestem
1157 2166 1281 2214 dun-

226 2236 379 2287 taxat,
403 2232 488 2279 sed
519 2232 665 2280 etiam
688 2231 849 2293 quoad
870 2230 1065 2289 Febres,
1092 2230 1285 2279 nonnisi

224 2295 536 2357 malignitate
560 2294 801 2349 ordinaria
832 2294 1062 2351 minaces,
1088 2294 1177 2341 ubi
1201 2309 1280 2341 ra-

226 2358 415 2407 tionem
437 2360 684 2422 assignare
712 2373 811 2406 non
831 2372 1090 2421 possumus
1110 2372 1171 2405 ex
1192 2358 1282 2406 ali-

224 2430 509 2471 mentorum
540 2424 672 2481 vitio,
693 2438 852 2485 neque
882 2438 945 2470 ex
976 2421 1285 2470 inferioribus

226 2487 623 2538 exhalationibus
651 2488 703 2536 in
736 2489 845 2536 aere
875 2486 1283 2550 putrescentibus,

224 2567 391 2614 neque
427 2568 489 2600 ex
529 2559 801 2615 temporum
844 2558 1285 2614 tempestatumque

224 2617 521 2664 inordinatis
560 2624 705 2680 atque
746 2615 1082 2678 inaequalibus
1118 2623 1284 2663 muta-

224 2681 461 2740 tionibus,
484 2681 537 2728 in
566 2681 779 2728 calidum
810 2687 859 2728 et
891 2679 1153 2727 humidum
1174 2694 1281 2727 ver-

225 2745 491 2806 gentibus3
546 2745 632 2792 sed
683 2746 829 2792 istam
875 2743 1283 2802 constitutionem,

225 2823 417 2866 caecae,
436 2809 694 2872 malignae,
722 2816 770 2856 et
802 2807 1129 2871 inexplicabili
1156 2807 1285 2856 acris

353 2873 461 2922 'cici
492 2873 633 2921 nobis
669 2872 895 2922 inimicae
925 2871 1141 2920 sobolem
1179 2887 1284 2920 esse

324 2946 465 2985 tenus
486 2937 625 2985 fateri
647 2937 881 2999 cogimur.

294 3001 506 3064 “Atque
523 3001 597 3049 uti
614 3001 751 3048 nulla
762 3000 869 3048 dari
881 2998 1005 3048 ratio
1020 3005 1179 3062 potest
1190 2999 1283 3047 dis-

224 3065 460 3113 serentiae
491 3066 619 3113 inter
662 3063 810 3112 unius
852 3071 900 3112 et
936 3064 1135 3111 alterius
1168 3064 1285 3111 anni

228 3129 426 3187 Febres,
460 3130 531 3178 sic
569 3144 659 3176 nec
694 3127 799 3176 ulla
831 3128 935 3175 dari
965 3134 1124 3190 potest
1156 3129 1285 3175 circa

222 3194 534 3306 ξ’ἔῖἔέἔίῗὲ*
561 3194 639 3304 ,ἶῖ
670 3192 1125 3304 εῗῧξῖἓῖὶιΐᾞῖ
1148 3193 1285 3303 0235

225 3322 377 3370 moda
394 3322 475 3369 vel
494 3291 801 3370 ihcommoda
830 3290 1111 3382 praeteritae
1130 3320 1284 3382 partis

224 3386 479 3449 temperie,
522 3385 759 3433 instituta.
842 3383 1059 3446 Hyemes
1104 3383 1284 3446 quippe

225 3465 469 3497 annorum
490 3451 615 3498 1662
629 3455 679 3497 et
697 3449 839 3505 166³,
857 3463 1065 3509 quarum
1080 3447 1282 3496 alteram

225 3515 287 3560 ob
316 3514 628 3562 clementiam
656 3520 849 3560 tantum
880 3526 977 3560 non
1006 3519 1281 3574 praeterna-

225 3577 453 3634 turalem,
470 3577 673 3625 alteram
687 3591 800 3623 vero
816 3577 877 3622 ob
892 3575 1119 3638 rigorem,
1136 3575 1283 3623 mira-

226 3642 409 3690 bantur
442 3656 626 3698 omnes,
654 3641 872 3689 salubres
902 3639 1169 3688 admodum
1199 3655 1279 3688 ae·

224 3713 379 3754 states
400 3713 451 3753 et
471 3705 695 3753 autumni
716 3704 1149 3766 consequebantur.

294 3775 325 3798 ‘⁸
344 3770 454 3832 Ego
474 3770 528 3816 in
556 3784 668 3816 mea
688 3769 827 3832 praxi
850 3768 993 3815 hasce
1016 3768 1135 3814 duas
1158 3768 1283 3815 dun-

226 3839 365 3882 taxat
380 3834 735 3882 observationes
750 3833 809 3879 de
824 3831 1144 3894 prognosticis
1160 3832 1281 3894 cepi,

224 3913 351 3961 quae
381 3898 573 3945 institui
605 3905 819 3960 tempore
852 3895 1033 3943 aestivo
1064 3905 1282 3958 possunt,

223 3965 352 4010 sitne
367 3969 633 4010 autumnus
644 3961 897 4024 proximus
908 3959 1091 4022 (quoad
1107 3960 1284 4008 Febres

224 4026 377 4089 dico,)
404 4026 613 4074 salubris
634 4025 844 4082 futurus,
866 4040 929 4072 an
950 4023 1114 4071 minus
1135 4024 1260 4072 talis.

292 4095 323 4118 ‘⁸
344 4093 382 4138 l.
420 4089 703 4144 Observavi,
726 4089 856 4151 quod
872 4087 1065 4151 quando
1089 4087 1283 4146 Febres,

224 4155 329 4203 sive
340 4154 733 4212 Continuae,sive
744 4153 1280 4215 Intermittentes,prae-

223 4227 417 4267 mature
454 4224 793 4281 apparuerunt,
830 4217 911 4278 (ut
943 4215 1072 4264 circa
1102 4215 1284 4264 festum

226 4283 275 4331 S.
290 4283 321 4329 J
324 4283 573 4343 ohannis)
587 4282 842 4344 temperies
856 4286 1022 4328 secuta
1036 4279 1129 4327 fuit
1144 4281 1285 4328 valde

225 4347 521 4409 epidemica3
554 4346 795 4408 imprimis
821 4345 863 4392 si
892 4344 1144 4394 Quartana
1170 4347 1277 4406 (ge-

225 4413 379 4460 nuina
422 4410 667 4458 Autumni
701 4409 929 4469 soboles,)
972 4407 1055 4455 hic
1101 4407 1204 4455 illic
1252 4424 1281 4455 a

226 4483 441 4538 tempore
474 4473 617 4522 modo
649 4474 777 4522 dicto
816 4473 1052 4536 quosdam
1088 4472 1278 4521 invasit.

1366 1140 1513 1190 Anno
1548 1144 1690 1201 1661,
1711 1148 1836 1207 ‘quo,
1869 1150 2057 1206 praeter
2077 1142 2256 1190 Febres
2291 1141 2420 1189 Con-

1366 1206 1544 1263 tinuas,
1577 1206 1833 1256 Tertianae
1864 1208 2146 1270 praesertim
2180 1206 2424 1267 malignae

1367 1271 1632 1319 admodum
1653 1272 1891 1329 furebant,
1915 1272 2064 1335 inque
2094 1270 2264 1317 multis
2283 1270 2420 1329 locis,

1366 1336 1596 1397 correptis
1629 1336 1728 1384 fere
1766 1336 1965 1397 integris
2005 1334 2222 1391 familiis,
2261 1334 2419 1382 maxi-

1366 1412 1501 1445 mam
1537 1400 1794 1447 hominum
1833 1408 2043 1461 stragem
2078 1399 2311 1455 edebant3
2366 1412 2422 1447 eo

1366 1462 1776 1525 (inquam,)anno,
1786 1464 1986 1511 memini
2001 1463 2262 1511 foeminam
2271 1476 2424 1525 quan-

1365 1525 1479 1573 dam
1492 1528 1693 1575 aedibus
1707 1529 1831 1575 meis
1843 1528 2071 1583 vicinam,
2085 1527 2244 1589 primo
2257 1526 2420 1576 Quar-

1364 1594 1505 1637 tanae
1528 1606 1646 1639 suae
1677 1605 1968 1653 paroxysmo
1993 1591 2010 1638 i
2045 1606 2098 1638 so
2122 1591 2170 1639 S.
2187 1588 2220 1637 J
2221 1590 2424 1637 ohannis

1366 1654 1487 1703 festo
1540 1662 1808 1717 correptam
1854 1656 2006 1703 fuisse
2032 1690 2045 1702 .

1369 1781 1603 1830 Febribus
1625 1782 1723 1831 illis
1751 1783 1956 1845 correpti
1984 1783 2131 1841 fuere,
2146 1796 2272 1843 quae
2287 1790 2420 1844 post-

1364 1846 1567 1894 modum
1619 1847 1739 1895 adeo
1787 1846 2082 1911 epidemicae
2139 1852 2421 1894 evaserunt:

1398 1910 1495 1957 uod
1544 1916 1834 1972 argumento
1885 1918 1973 1967 est,
2025 1924 2259 1971 magnum
2316 1916 2424 1958 tum

1386 1974 1517 2021 uisse
1537 1975 1591 2021 in
1612 1975 1722 2033 ista,
1741 1988 1866 2037 quae
1883 1981 2000 2023 tunc
2017 1974 2276 2030 obtinebat,
2295 1975 2422 2023 a'e‘ris

1366 2040 1613 2101 temperie,
1648 2039 1711 2086 ad
1742 2039 1860 2085 istos
1893 2039 2083 2085 morbos
2116 2044 2420 2099 apparatum,

1366 2102 1451 2163 qui
1464 2102 1690 2164 deinceps
1706 2103 1991 2165 procedente
2006 2116 2134 2149 anno
2150 2101 2420 2165 stipatiorea

1362 2168 1722 2228 grassabantur.

1432 2232 1461 2257 ‘⁴
1478 2232 1523 2277 2.
1560 2230 1755 2287 Notavi,
1790 2230 1832 2277 si
1866 2231 2162 2277 insectorum
2195 2230 2420 2279 examina

1366 2300 1545 2342 aestate
1607 2294 1971 2352 abundaverint,
2029 2294 2246 2341 maxime
2307 2308 2420 2341 vero

1364 2372 1563 2406 muscae
1588 2359 1894 2415 domesticae,
1925 2364 2222 2407 autumnum
2254 2358 2416 2419 proxi-

1364 2436 1504 2470 mum
1544 2422 1688 2473 valde
1729 2422 2026 2470 insalubrem
2067 2422 2318 2478 futurum3
2369 2421 2422 2469 id

1366 2486 1563 2548 quodin
1579 2487 1811 2550 praedicti
1833 2487 1948 2535 anni
1975 2487 2090 2534 1661
2117 2492 2220 2534 tota
2239 2493 2422 2535 aestate

1364 2551 1694 2608 observabam,
1712 2553 1794 2600 sed
1816 2552 1870 2598 in
1886 2552 2092 2599 duorum
2113 2551 2418 2612 sequentium

1365 2630 1618 2674 annorum,
1663 2631 1786 2679 quae
1833 2616 1952 2663 adeo
2001 2616 2217 2663 salubres
2267 2621 2420 2674 erant,

1364 2681 1642 2739 aestatibus,
1661 2681 1922 2728 admodum
1945 2695 2126 2742 pauca;
2150 2679 2234 2726 ubi
2259 2687 2422 2727 tamen

1362 2743 1648 2802 notandum,
1667 2745 1790 2792 hanc
1808 2743 1980 2806 (quam
1999 2744 2144 2790 modo
2161 2743 2418 2804 diximus‚)

1362 2806 1662 2856 insectorum
1685 2809 1888 2872 copiam,
1905 2809 2012 2869 ipsa
2031 2807 2286 2869 ingruente
2307 2822 2415 2871 pes-

1364 2879 1426 2929 te,
1448 2887 1547 2919 non
1571 2873 1689 2920 adeo
1711 2872 1964 2920 observari.

1430 2939 1460 2962 ‘⁶
1478 2935 1711 2998 Exceptis
1745 2937 1822 2984 his
1858 2935 2060 2991 duobus,
2087 2933 2275 2996 reliqua
2307 2949 2418 2996 pro-

1362 3000 1584 3062 gnostica
1595 3001 1758 3048 omnia
1771 2999 1962 3047 fallacia
1977 2998 2252 3054 observavig
2277 2998 2350 3045 ita
2365 3005 2423 3048 ut

1364 3064 1725 3112 constitutionis
1769 3062 2065 3126 epidemicae
2113 3062 2422 3110 adventantis

1363 3128 1636 3189 praesensio
1659 3127 1870 3176 difficilis
1899 3127 2162 3176 admodum
2183 3126 2420 3183 videatur,

1362 3207 1453 3240 nec
1496 3193 1651 3254 signis
1688 3192 1820 3251 ullis,
1859 3198 1946 3240 aut
1990 3189 2260 3238 rationibus
2301 3191 2421 3238 satis

1364 3256 1640 3318 conspicua.

1428 3324 1460 3348 ⁸⁶
1473 3321 1647 3382 Neque
1689 3320 1856 3368 minus
1890 3318 2086 3370 difficile
2121 3325 2194 3367 est
2237 3324 2422 3367 certam

1363 3383 1580 3446 aliquam
1619 3391 1766 3446 atque
1810 3384 2174 3432 determinatam
2218 3383 2422 3431 curandi

1361 3447 1600 3496 rationem
1615 3463 1892 3511 proponere,
1904 3463 2030 3510 quae
2039 3445 2306 3495 discrimini
2325 3447 2418 3495 Fe-

1361 3512 1538 3570 brium,
1562 3528 1622 3560 ex
1651 3527 1888 3560 annorum
1910 3513 2045 3560 varia
2076 3511 2306 3570 temperie
2334 3511 2418 3558 de-

1362 3576 1608 3638 pendenti,
1647 3584 1870 3624 accurate
1905 3575 2221 3638 respondeat3
2270 3591 2418 3637 quam

1364 3639 1461 3700 (uti
1478 3641 1584 3701 jam
1607 3638 1834 3701 dictum‚)
1851 3640 2006 3703 ipsius
2023 3640 2158 3688 illins
2171 3638 2418 3687 varietatis

1362 3719 1536 3752 causas
1558 3704 1814 3766 explicare,
1831 3705 1910 3752 vel
1932 3704 2078 3752 etiam
2103 3718 2251 3765 quam
2272 3719 2418 3766 prog-

1362 3769 1549 3816 nostico
1581 3768 1744 3830 aliquo
1776 3768 1861 3815 diu
1890 3775 2031 3816 antea
2061 3768 2204 3824 facto,
2229 3766 2420 3829 praedi-

1363 3847 1471 3879 cere
1492 3838 1733 3894 quantum
1755 3832 1878 3880 inter
1899 3831 2030 3880 hunc
2051 3846 2235 3880 annum
2259 3830 2421 3892 (verbi

1362 3897 1559 3957 gratim)
1573 3904 1716 3959 atque
1731 3896 1900 3952 alium,
1911 3897 2068 3958 quoad
2084 3895 2418 3943 salubritatem

1362 3959 1439 4007 vel
1455 3960 1860 4016 insalubritatem,
1879 3959 2172 4008 discriminis
2189 3959 2419 4008 intererit.

1363 4023 1698 4072 Veruntamen
1731 4040 1854 4086 quae
1883 4024 2036 4082 nobis,
2060 4024 2180 4072 haec
2207 4024 2314 4085 ipsa
2343 4029 2418 4069 at-

1364 4094 1493 4136 tente
1538 4089 1918 4147 observantibus,
1964 4103 2065 4136 sese
2123 4087 2418 4144 obtulerunt,

1363 4153 1533 4215 paucis
1554 4167 1792 4215 exponere
1812 4167 1908 4200 non
1930 4151 2253 4214 gravabimur.

1430 4216 1534 4264 “In
1571 4216 1808 4264 Febribus
1837 4217 1986 4278 igitur
2017 4213 2417 4271 Autumnalibus,

1363 4295 1489 4342 quae
1517 4281 1569 4328 in
1596 4280 1938 4328 constitutione
1967 4278 2250 4343 epidemica,
2273 4285 2420 4339 atque

1363 4345 1415 4391 in
1432 4359 1574 4404 anno,
1594 4359 1691 4406 quo
1711 4345 1868 4392 morbi
1890 4351 2130 4392 autumno
2149 4340 2420 4404 peculiares

1363 4407 1555 4470 (quales
1591 4416 1706 4456 sunt
1738 4408 2032 4465 Quartanae,
2069 4406 2421 4467 Tertianaeque

1361 4472 1714 4534 maligniores,)
1729 4473 1871 4520 solito
1883 4470 2146 4532 maturius(
2151 4477 2268 4534 puta
2281 4483 2418 4517 men-

2136 1654 2424 1715 Complures
2447 1655 2471 1683 ⁸

1367 1718 1466 1775 alii,
1494 1718 1624 1766 circa
1655 1718 1784 1767 idem
1816 1725 2010 1781 tempus
2041 1725 2421 1781 praematurum,
2478 1758 2491 1773 ,
