<?xml version="1.0" encoding="UTF-8"?>
<!DOCTYPE html PUBLIC "-//W3C//DTD XHTML 1.0 Transitional//EN"
    "http://www.w3.org/TR/xhtml1/DTD/xhtml1-transitional.dtd">
<html xmlns="http://www.w3.org/1999/xhtml" xml:lang="en" lang="en">
 <head>
  <title>
</title>
<meta http-equiv="Content-Type" content="text/html;charset=utf-8" />
  <meta name='ocr-system' content='tesseract 3.04.00' />
  <meta name='ocr-capabilities' content='ocr_page ocr_carea ocr_par ocr_line ocrx_word'/>
</head>
<body>
  <div class='ocr_page' id='page_1' title='image "./operaomnia00khgoog_0284.png"; bbox 0 0 3138 5006; ppageno 0'>
   <div class='ocr_carea' id='block_1_1' title="bbox 584 266 2498 335">
    <p class='ocr_par' dir='ltr' id='par_1_1' title="bbox 584 266 2498 335">
     <span class='ocr_line' id='line_1_1' title="bbox 584 266 2498 335; baseline 0.003 -5"><span class='ocrx_word' id='word_1_1' title='bbox 584 266 1374 333; x_wconf 84' lang='lat' dir='ltr'><strong>OBSERVATIONUM</strong></span> <span class='ocrx_word' id='word_1_2' title='bbox 1418 267 1992 333; x_wconf 84' lang='lat' dir='ltr'><strong>MEDICARUM</strong></span> <span class='ocrx_word' id='word_1_3' title='bbox 2035 278 2140 333; x_wconf 87' lang='lat' dir='ltr'>VI.</span> <span class='ocrx_word' id='word_1_4' title='bbox 2165 284 2216 332; x_wconf 71' lang='grc' dir='ltr'>ὁ.</span> <span class='ocrx_word' id='word_1_5' title='bbox 2375 272 2498 335; x_wconf 84' lang='grc'>261</span> 
     </span>
    </p>
   </div>
   <div class='ocr_carea' id='block_1_2' title="bbox 292 428 2812 2678">
    <p class='ocr_par' dir='ltr' id='par_1_2' title="bbox 292 428 2812 724">
     <span class='ocr_line' id='line_1_2' title="bbox 292 428 2812 518; baseline 0.002 -27"><span class='ocrx_word' id='word_1_6' title='bbox 292 428 394 507; x_wconf 89' lang='lat' dir='ltr'>lit,</span> <span class='ocrx_word' id='word_1_7' title='bbox 424 448 643 512; x_wconf 84' lang='lat' dir='ltr'>neque</span> <span class='ocrx_word' id='word_1_8' title='bbox 678 429 912 494; x_wconf 86' lang='lat' dir='ltr'><strong>febrim</strong></span> <span class='ocrx_word' id='word_1_9' title='bbox 958 430 1082 495; x_wconf 90' lang='lat' dir='ltr'>sibi</span> <span class='ocrx_word' id='word_1_10' title='bbox 1128 432 1427 497; x_wconf 88' lang='lat' dir='ltr'>comitem</span> <span class='ocrx_word' id='word_1_11' title='bbox 1449 432 1783 516; x_wconf 83' lang='lat' dir='ltr'>adjungit.</span> <span class='ocrx_word' id='word_1_12' title='bbox 1870 433 2152 518; x_wconf 75' lang='lat' dir='ltr'><strong>Insuper</strong></span> <span class='ocrx_word' id='word_1_13' title='bbox 2178 456 2314 499; x_wconf 89' lang='lat' dir='ltr'>non</span> <span class='ocrx_word' id='word_1_14' title='bbox 2344 434 2506 499; x_wconf 89' lang='lat' dir='ltr'>adeo</span> <span class='ocrx_word' id='word_1_15' title='bbox 2541 450 2812 499; x_wconf 68' lang='lat' dir='ltr'>Ennom-</span> 
     </span>
     <span class='ocr_line' id='line_1_3' title="bbox 296 528 2783 620; baseline 0.004 -26"><span class='ocrx_word' id='word_1_16' title='bbox 296 532 469 595; x_wconf 85' lang='lat' dir='ltr'>fixus</span> <span class='ocrx_word' id='word_1_17' title='bbox 514 540 759 611; x_wconf 85' lang='lat' dir='ltr'>manet,</span> <span class='ocrx_word' id='word_1_18' title='bbox 808 533 922 597; x_wconf 89' lang='lat' dir='ltr'>sed</span> <span class='ocrx_word' id='word_1_19' title='bbox 954 532 1239 597; x_wconf 85' lang='lat' dir='ltr'><strong>indolem</strong></span> <span class='ocrx_word' id='word_1_20' title='bbox 1276 535 1483 619; x_wconf 85' lang='lat' dir='ltr'>magis</span> <span class='ocrx_word' id='word_1_21' title='bbox 1534 558 1766 619; x_wconf 84' lang='lat' dir='ltr'>vagam</span> <span class='ocrx_word' id='word_1_22' title='bbox 1819 558 1894 602; x_wconf 88' lang='lat' dir='ltr'>ac</span> <span class='ocrx_word' id='word_1_23' title='bbox 1931 538 2246 604; x_wconf 81' lang='lat' dir='ltr'>incertam</span> <span class='ocrx_word' id='word_1_24' title='bbox 2289 540 2506 620; x_wconf 85' lang='lat' dir='ltr'>refert,</span> <span class='ocrx_word' id='word_1_25' title='bbox 2571 528 2783 562; x_wconf 68' lang='lat'>&#39;‘¹⁸⁸⁰&#39;&#39;</span> 
     </span>
     <span class='ocr_line' id='line_1_4' title="bbox 300 635 2509 724; baseline 0.003 -26"><span class='ocrx_word' id='word_1_26' title='bbox 300 654 456 698; x_wconf 85' lang='lat' dir='ltr'>cum</span> <span class='ocrx_word' id='word_1_27' title='bbox 514 635 825 701; x_wconf 83' lang='lat' dir='ltr'>anomalis</span> <span class='ocrx_word' id='word_1_28' title='bbox 884 635 1357 721; x_wconf 85' lang='lat' dir='ltr'>inconditisque</span> <span class='ocrx_word' id='word_1_29' title='bbox 1417 638 1866 723; x_wconf 83' lang='lat' dir='ltr'>symptomatis</span> <span class='ocrx_word' id='word_1_30' title='bbox 1925 640 2217 724; x_wconf 86' lang='lat' dir='ltr'>stipatus.</span> <span class='ocrx_word' id='word_1_31' title='bbox 2307 642 2509 705; x_wconf 90' lang='lat' dir='ltr'>Nunc</span> 
     </span>
    </p>

    <p class='ocr_par' dir='ltr' id='par_1_3' title="bbox 298 720 2509 827">
     <span class='ocr_line' id='line_1_5' title="bbox 298 720 2509 827; baseline 0.004 -28"><span class='ocrx_word' id='word_1_32' title='bbox 298 734 482 799; x_wconf 85' lang='lat' dir='ltr'>hunc</span> <span class='ocrx_word' id='word_1_33' title='bbox 521 737 625 800; x_wconf 83' lang='lat' dir='ltr'>vel</span> <span class='ocrx_word' id='word_1_34' title='bbox 650 737 834 801; x_wconf 88' lang='lat' dir='ltr'>illum</span> <span class='ocrx_word' id='word_1_35' title='bbox 875 720 1090 801; x_wconf 82' lang='lat' dir='ltr'>artum</span> <span class='ocrx_word' id='word_1_36' title='bbox 1125 738 1487 818; x_wconf 85' lang='lat' dir='ltr'>discruciat,</span> <span class='ocrx_word' id='word_1_37' title='bbox 1518 761 1668 804; x_wconf 86' lang='lat' dir='ltr'>mox</span> <span class='ocrx_word' id='word_1_38' title='bbox 1707 741 1998 805; x_wconf 85' lang='lat' dir='ltr'>internas</span> <span class='ocrx_word' id='word_1_39' title='bbox 2042 743 2252 807; x_wconf 88' lang='lat' dir='ltr'>solum</span> <span class='ocrx_word' id='word_1_40' title='bbox 2294 752 2509 827; x_wconf 86' lang='lat' dir='ltr'>partes</span> 
     </span>
    </p>

    <p class='ocr_par' dir='ltr' id='par_1_4' title="bbox 300 830 2530 1031">
     <span class='ocr_line' id='line_1_6' title="bbox 301 830 2530 928; baseline 0.004 -25"><span class='ocrx_word' id='word_1_41' title='bbox 301 839 521 919; x_wconf 85' lang='lat' dir='ltr'>afficit,</span> <span class='ocrx_word' id='word_1_42' title='bbox 560 841 955 925; x_wconf 84' lang='lat' dir='ltr'>proindeque</span> <span class='ocrx_word' id='word_1_43' title='bbox 998 842 1467 925; x_wconf 80' lang='lat' dir='ltr'>aegritudinem</span> <span class='ocrx_word' id='word_1_44' title='bbox 1510 844 1699 928; x_wconf 88' lang='lat' dir='ltr'>parit,</span> <span class='ocrx_word' id='word_1_45' title='bbox 1740 864 1904 927; x_wconf 89' lang='lat' dir='ltr'>quae</span> <span class='ocrx_word' id='word_1_46' title='bbox 1945 844 2259 910; x_wconf 84' lang='lat' dir='ltr'>redeunte</span> <span class='ocrx_word' id='word_1_47' title='bbox 2303 830 2530 911; x_wconf 43' lang='lat' dir='ltr'>exterss</span> 
     </span>
     <span class='ocr_line' id='line_1_7' title="bbox 300 946 2508 1031; baseline 0.002 -22"><span class='ocrx_word' id='word_1_48' title='bbox 300 965 540 1009; x_wconf 83' lang='lat' dir='ltr'>narum</span> <span class='ocrx_word' id='word_1_49' title='bbox 570 946 853 1029; x_wconf 89' lang='lat' dir='ltr'>partium</span> <span class='ocrx_word' id='word_1_50' title='bbox 894 947 1110 1011; x_wconf 85' lang='lat' dir='ltr'>dolore</span> <span class='ocrx_word' id='word_1_51' title='bbox 1154 946 1391 1010; x_wconf 89' lang='lat' dir='ltr'>iterum</span> <span class='ocrx_word' id='word_1_52' title='bbox 1420 968 1488 1009; x_wconf 94' lang='lat' dir='ltr'>se</span> <span class='ocrx_word' id='word_1_53' title='bbox 1522 946 1793 1031; x_wconf 80' lang='lat' dir='ltr'>proripit</span> <span class='ocrx_word' id='word_1_54' title='bbox 1814 972 1834 1024; x_wconf 70' lang='grc' dir='ltr'><strong><em>ς</em></strong></span> <span class='ocrx_word' id='word_1_55' title='bbox 1879 946 1974 1013; x_wconf 87' lang='lat' dir='ltr'>ita</span> <span class='ocrx_word' id='word_1_56' title='bbox 2007 969 2272 1031; x_wconf 81' lang='lat' dir='ltr'>aegrum</span> <span class='ocrx_word' id='word_1_57' title='bbox 2317 950 2508 1014; x_wconf 89' lang='lat' dir='ltr'>alter-</span> 
     </span>
    </p>

    <p class='ocr_par' dir='ltr' id='par_1_5' title="bbox 301 1048 2504 1134">
     <span class='ocr_line' id='line_1_8' title="bbox 301 1048 2504 1134; baseline 0.002 -23"><span class='ocrx_word' id='word_1_58' title='bbox 301 1051 513 1112; x_wconf 90' lang='lat' dir='ltr'>natim</span> <span class='ocrx_word' id='word_1_59' title='bbox 557 1050 879 1127; x_wconf 73' lang='lat' dir='ltr'>divexatis,</span> <span class='ocrx_word' id='word_1_60' title='bbox 927 1070 1001 1113; x_wconf 92' lang='lat' dir='ltr'>ac</span> <span class='ocrx_word' id='word_1_61' title='bbox 1042 1049 1113 1113; x_wconf 87' lang='lat' dir='ltr'>in</span> <span class='ocrx_word' id='word_1_62' title='bbox 1158 1048 1656 1114; x_wconf 80' lang='lat' dir='ltr'>diuturnitatem</span> <span class='ocrx_word' id='word_1_63' title='bbox 1683 1050 1949 1132; x_wconf 70' lang='lat' dir='ltr'>longam</span> <span class='ocrx_word' id='word_1_64' title='bbox 1993 1070 2062 1113; x_wconf 89' lang='lat' dir='ltr'>se</span> <span class='ocrx_word' id='word_1_65' title='bbox 2101 1051 2504 1134; x_wconf 88' lang='lat' dir='ltr'>protrahens,</span> 
     </span>
    </p>

    <p class='ocr_par' dir='ltr' id='par_1_6' title="bbox 304 1152 2506 1235">
     <span class='ocr_line' id='line_1_9' title="bbox 304 1152 2506 1235; baseline -0 -16"><span class='ocrx_word' id='word_1_66' title='bbox 304 1153 387 1219; x_wconf 81' lang='lat' dir='ltr'>ad</span> <span class='ocrx_word' id='word_1_67' title='bbox 416 1153 623 1217; x_wconf 88' lang='lat' dir='ltr'>instar</span> <span class='ocrx_word' id='word_1_68' title='bbox 642 1152 1015 1217; x_wconf 89' lang='lat' dir='ltr'>morborum</span> <span class='ocrx_word' id='word_1_69' title='bbox 1047 1152 1157 1235; x_wconf 92' lang='lat' dir='ltr'>qui</span> <span class='ocrx_word' id='word_1_70' title='bbox 1184 1152 1286 1216; x_wconf 85' lang='lat' dir='ltr'>vel</span> <span class='ocrx_word' id='word_1_71' title='bbox 1315 1152 1592 1216; x_wconf 82' lang='lat' dir='ltr'>maxime</span> <span class='ocrx_word' id='word_1_72' title='bbox 1621 1152 1906 1216; x_wconf 84' lang='lat' dir='ltr'>chronici</span> <span class='ocrx_word' id='word_1_73' title='bbox 1933 1152 2276 1217; x_wconf 89' lang='lat' dir='ltr'>habentur.</span> <span class='ocrx_word' id='word_1_74' title='bbox 2348 1155 2506 1219; x_wconf 85' lang='lat' dir='ltr'>Foe-</span> 
     </span>
    </p>

    <p class='ocr_par' dir='ltr' id='par_1_7' title="bbox 300 1254 2506 1339">
     <span class='ocr_line' id='line_1_10' title="bbox 300 1254 2506 1339; baseline -0 -17"><span class='ocrx_word' id='word_1_75' title='bbox 300 1258 513 1323; x_wconf 83' lang='lat' dir='ltr'>minas</span> <span class='ocrx_word' id='word_1_76' title='bbox 542 1278 695 1339; x_wconf 86' lang='lat' dir='ltr'>prae</span> <span class='ocrx_word' id='word_1_77' title='bbox 722 1256 983 1339; x_wconf 87' lang='lat' dir='ltr'>reliquis</span> <span class='ocrx_word' id='word_1_78' title='bbox 1013 1255 1319 1334; x_wconf 88' lang='lat' dir='ltr'>adoritur,</span> <span class='ocrx_word' id='word_1_79' title='bbox 1351 1261 1426 1318; x_wconf 91' lang='lat' dir='ltr'>ut</span> <span class='ocrx_word' id='word_1_80' title='bbox 1456 1262 1523 1319; x_wconf 91' lang='lat' dir='ltr'>et</span> <span class='ocrx_word' id='word_1_81' title='bbox 1549 1254 1716 1319; x_wconf 89' lang='lat' dir='ltr'>viros</span> <span class='ocrx_word' id='word_1_82' title='bbox 1747 1255 1859 1339; x_wconf 90' lang='lat' dir='ltr'>qui</span> <span class='ocrx_word' id='word_1_83' title='bbox 1885 1254 2282 1319; x_wconf 85' lang='lat' dir='ltr'>imbecilliori</span> <span class='ocrx_word' id='word_1_84' title='bbox 2313 1264 2506 1321; x_wconf 87' lang='lat' dir='ltr'>natu-</span> 
     </span>
    </p>

    <p class='ocr_par' dir='ltr' id='par_1_8' title="bbox 301 1357 2507 1442">
     <span class='ocr_line' id='line_1_11' title="bbox 301 1357 2507 1442; baseline -0.001 -19"><span class='ocrx_word' id='word_1_85' title='bbox 301 1380 377 1423; x_wconf 86' lang='lat' dir='ltr'>ra</span> <span class='ocrx_word' id='word_1_86' title='bbox 419 1367 614 1438; x_wconf 82' lang='lat' dir='ltr'>sunt3</span> <span class='ocrx_word' id='word_1_87' title='bbox 659 1359 945 1442; x_wconf 84' lang='lat' dir='ltr'>adeoque</span> <span class='ocrx_word' id='word_1_88' title='bbox 992 1358 1073 1422; x_wconf 87' lang='lat' dir='ltr'>ad</span> <span class='ocrx_word' id='word_1_89' title='bbox 1104 1358 1453 1422; x_wconf 82' lang='lat' dir='ltr'>affectuum</span> <span class='ocrx_word' id='word_1_90' title='bbox 1492 1357 1960 1442; x_wconf 81' lang='lat' dir='ltr'>hystericorum</span> <span class='ocrx_word' id='word_1_91' title='bbox 1988 1358 2256 1421; x_wconf 80' lang='lat' dir='ltr'>classem</span> <span class='ocrx_word' id='word_1_92' title='bbox 2285 1360 2507 1423; x_wconf 86' lang='lat' dir='ltr'>referri</span> 
     </span>
    </p>

    <p class='ocr_par' dir='ltr' id='par_1_9' title="bbox 301 1461 2504 1651">
     <span class='ocr_line' id='line_1_12' title="bbox 302 1461 2504 1548; baseline -0 -21"><span class='ocrx_word' id='word_1_93' title='bbox 302 1464 539 1528; x_wconf 88' lang='lat' dir='ltr'>debere</span> <span class='ocrx_word' id='word_1_94' title='bbox 581 1465 774 1548; x_wconf 88' lang='lat' dir='ltr'>plane</span> <span class='ocrx_word' id='word_1_95' title='bbox 814 1462 1187 1545; x_wconf 86' lang='lat' dir='ltr'>suspicarer,</span> <span class='ocrx_word' id='word_1_96' title='bbox 1232 1462 1358 1525; x_wconf 88' lang='lat' dir='ltr'>nisi</span> <span class='ocrx_word' id='word_1_97' title='bbox 1401 1461 1575 1546; x_wconf 88' lang='lat' dir='ltr'>quod</span> <span class='ocrx_word' id='word_1_98' title='bbox 1617 1463 1852 1527; x_wconf 87' lang='lat' dir='ltr'>iterata</span> <span class='ocrx_word' id='word_1_99' title='bbox 1895 1462 2288 1545; x_wconf 84' lang='lat' dir='ltr'>experientia</span> <span class='ocrx_word' id='word_1_100' title='bbox 2333 1483 2504 1526; x_wconf 89' lang='lat' dir='ltr'>com-</span> 
     </span>
     <span class='ocr_line' id='line_1_13' title="bbox 301 1565 2494 1651; baseline -0.001 -20"><span class='ocrx_word' id='word_1_101' title='bbox 301 1566 673 1651; x_wconf 87' lang='lat' dir='ltr'>probassem</span> <span class='ocrx_word' id='word_1_102' title='bbox 717 1588 865 1630; x_wconf 90' lang='lat' dir='ltr'>eum</span> <span class='ocrx_word' id='word_1_103' title='bbox 908 1565 1205 1630; x_wconf 83' lang='lat' dir='ltr'>remediis</span> <span class='ocrx_word' id='word_1_104' title='bbox 1246 1566 1583 1650; x_wconf 85' lang='lat' dir='ltr'>hystericis</span> <span class='ocrx_word' id='word_1_105' title='bbox 1632 1566 1900 1630; x_wconf 88' lang='lat' dir='ltr'>minime</span> <span class='ocrx_word' id='word_1_106' title='bbox 1947 1566 2227 1629; x_wconf 77' lang='lat' dir='ltr'>cessisse.</span> <span class='ocrx_word' id='word_1_107' title='bbox 2328 1565 2494 1650; x_wconf 86' lang='lat'><strong>[13.]</strong></span> 
     </span>
    </p>

    <p class='ocr_par' dir='ltr' id='par_1_10' title="bbox 301 1668 2508 1855">
     <span class='ocr_line' id='line_1_14' title="bbox 301 1668 2506 1753; baseline -0.001 -20"><span class='ocrx_word' id='word_1_108' title='bbox 301 1670 414 1733; x_wconf 90' lang='lat' dir='ltr'>Illi</span> <span class='ocrx_word' id='word_1_109' title='bbox 453 1670 649 1733; x_wconf 85' lang='lat' dir='ltr'>etiam</span> <span class='ocrx_word' id='word_1_110' title='bbox 680 1670 791 1753; x_wconf 92' lang='lat' dir='ltr'>qui</span> <span class='ocrx_word' id='word_1_111' title='bbox 828 1670 1098 1751; x_wconf 87' lang='lat' dir='ltr'>longum</span> <span class='ocrx_word' id='word_1_112' title='bbox 1139 1676 1205 1732; x_wconf 91' lang='lat' dir='ltr'>et</span> <span class='ocrx_word' id='word_1_113' title='bbox 1248 1670 1600 1752; x_wconf 88' lang='lat' dir='ltr'>repetitum</span> <span class='ocrx_word' id='word_1_114' title='bbox 1644 1669 1896 1733; x_wconf 86' lang='lat' dir='ltr'>corticis</span> <span class='ocrx_word' id='word_1_115' title='bbox 1940 1668 2279 1732; x_wconf 82' lang='lat' dir='ltr'>Peruviani</span> <span class='ocrx_word' id='word_1_116' title='bbox 2313 1690 2506 1732; x_wconf 88' lang='lat' dir='ltr'>usum</span> 
     </span>
     <span class='ocr_line' id='line_1_15' title="bbox 302 1769 2508 1855; baseline -0.001 -20"><span class='ocrx_word' id='word_1_117' title='bbox 302 1772 550 1855; x_wconf 85' lang='lat' dir='ltr'>experti</span> <span class='ocrx_word' id='word_1_118' title='bbox 572 1780 744 1850; x_wconf 88' lang='lat' dir='ltr'>sunt,</span> <span class='ocrx_word' id='word_1_119' title='bbox 763 1772 915 1836; x_wconf 91' lang='lat' dir='ltr'>huic</span> <span class='ocrx_word' id='word_1_120' title='bbox 937 1772 1107 1835; x_wconf 90' lang='lat' dir='ltr'>malo</span> <span class='ocrx_word' id='word_1_121' title='bbox 1137 1777 1292 1835; x_wconf 88' lang='lat' dir='ltr'>sunt</span> <span class='ocrx_word' id='word_1_122' title='bbox 1320 1771 1650 1851; x_wconf 72' lang='lat' dir='ltr'>obnoxiiz;</span> <span class='ocrx_word' id='word_1_123' title='bbox 1683 1771 1855 1855; x_wconf 91' lang='lat' dir='ltr'>quod</span> <span class='ocrx_word' id='word_1_124' title='bbox 1885 1770 2144 1854; x_wconf 89' lang='lat' dir='ltr'>quidem</span> <span class='ocrx_word' id='word_1_125' title='bbox 2172 1772 2270 1853; x_wconf 93' lang='lat' dir='ltr'>(ut</span> <span class='ocrx_word' id='word_1_126' title='bbox 2299 1769 2508 1834; x_wconf 88' lang='lat' dir='ltr'>obiter</span> 
     </span>
    </p>

    <p class='ocr_par' dir='ltr' id='par_1_11' title="bbox 296 1872 2806 2678">
     <span class='ocr_line' id='line_1_16' title="bbox 298 1872 2506 1960; baseline 0 -23"><span class='ocrx_word' id='word_1_127' title='bbox 298 1874 373 1938; x_wconf 83' lang='lat' dir='ltr'>id</span> <span class='ocrx_word' id='word_1_128' title='bbox 400 1874 775 1960; x_wconf 83' lang='lat' dir='ltr'>attingam,)</span> <span class='ocrx_word' id='word_1_129' title='bbox 802 1874 1069 1938; x_wconf 88' lang='lat' dir='ltr'>unicum</span> <span class='ocrx_word' id='word_1_130' title='bbox 1108 1882 1207 1938; x_wconf 87' lang='lat' dir='ltr'>est</span> <span class='ocrx_word' id='word_1_131' title='bbox 1246 1874 1728 1939; x_wconf 89' lang='lat' dir='ltr'>incommodum</span> <span class='ocrx_word' id='word_1_132' title='bbox 1759 1874 1931 1956; x_wconf 91' lang='lat' dir='ltr'>quod</span> <span class='ocrx_word' id='word_1_133' title='bbox 1961 1894 2039 1937; x_wconf 84' lang='lat' dir='ltr'>ex</span> <span class='ocrx_word' id='word_1_134' title='bbox 2067 1874 2194 1937; x_wconf 89' lang='lat' dir='ltr'>hoc</span> <span class='ocrx_word' id='word_1_135' title='bbox 2221 1872 2506 1937; x_wconf 90' lang='lat' dir='ltr'>remedio</span> 
     </span>
     <span class='ocr_line' id='line_1_17' title="bbox 298 1976 2784 2061; baseline 0 -22"><span class='ocrx_word' id='word_1_136' title='bbox 298 1976 558 2042; x_wconf 86' lang='lat' dir='ltr'>illatum</span> <span class='ocrx_word' id='word_1_137' title='bbox 602 1978 751 2041; x_wconf 81' lang='lat' dir='ltr'>novi</span> <span class='ocrx_word' id='word_1_138' title='bbox 788 1997 1099 2060; x_wconf 89' lang='lat' dir='ltr'>unquam.</span> <span class='ocrx_word' id='word_1_139' title='bbox 1192 1976 1320 2040; x_wconf 89' lang='lat' dir='ltr'>Sed</span> <span class='ocrx_word' id='word_1_140' title='bbox 1364 1984 1517 2041; x_wconf 86' lang='lat' dir='ltr'>utut</span> <span class='ocrx_word' id='word_1_141' title='bbox 1555 1976 1632 2040; x_wconf 83' lang='lat' dir='ltr'>id</span> <span class='ocrx_word' id='word_1_142' title='bbox 1659 1977 1763 2056; x_wconf 89' lang='lat' dir='ltr'>sit,</span> <span class='ocrx_word' id='word_1_143' title='bbox 1793 1978 1899 2041; x_wconf 88' lang='lat' dir='ltr'>hic</span> <span class='ocrx_word' id='word_1_144' title='bbox 1934 1977 2220 2055; x_wconf 83' lang='lat' dir='ltr'>affectus,</span> <span class='ocrx_word' id='word_1_145' title='bbox 2253 1976 2382 2039; x_wconf 85' lang='lat' dir='ltr'>sive</span> <span class='ocrx_word' id='word_1_146' title='bbox 2427 1996 2504 2039; x_wconf 85' lang='lat' dir='ltr'>ex</span> <span class='ocrx_word' id='word_1_147' title='bbox 2533 1984 2784 2061; x_wconf 57' lang='lat' dir='ltr'>{theuma-</span> 
     </span>
     <span class='ocr_line' id='line_1_18' title="bbox 299 2051 2806 2163; baseline -0.001 -20"><span class='ocrx_word' id='word_1_148' title='bbox 299 2080 427 2144; x_wconf 89' lang='lat' dir='ltr'>hac</span> <span class='ocrx_word' id='word_1_149' title='bbox 467 2071 816 2158; x_wconf 79' lang='lat' dir='ltr'>occasione,</span> <span class='ocrx_word' id='word_1_150' title='bbox 848 2079 977 2143; x_wconf 82' lang='lat' dir='ltr'>sive</span> <span class='ocrx_word' id='word_1_151' title='bbox 1007 2100 1087 2143; x_wconf 82' lang='lat' dir='ltr'>ex</span> <span class='ocrx_word' id='word_1_152' title='bbox 1124 2078 1251 2142; x_wconf 83' lang='lat' dir='ltr'>alia</span> <span class='ocrx_word' id='word_1_153' title='bbox 1282 2100 1666 2161; x_wconf 90' lang='lat' dir='ltr'>quacunque</span> <span class='ocrx_word' id='word_1_154' title='bbox 1709 2100 1920 2158; x_wconf 87' lang='lat' dir='ltr'>causa,</span> <span class='ocrx_word' id='word_1_155' title='bbox 1951 2078 2266 2162; x_wconf 82' lang='lat' dir='ltr'>originem</span> <span class='ocrx_word' id='word_1_156' title='bbox 2303 2078 2500 2158; x_wconf 87' lang='lat' dir='ltr'>ducit,</span> <span class='ocrx_word' id='word_1_157' title='bbox 2527 2051 2806 2163; x_wconf 54' lang='grc' dir='ltr'>ξζῐέζὶεξζῗ</span> 
     </span>
     <span class='ocr_line' id='line_1_19' title="bbox 301 2176 2667 2266; baseline 0 -21"><span class='ocrx_word' id='word_1_158' title='bbox 301 2204 501 2266; x_wconf 80' lang='lat' dir='ltr'>quam</span> <span class='ocrx_word' id='word_1_159' title='bbox 528 2176 829 2246; x_wconf 84' lang='lat' dir='ltr'>facillime</span> <span class='ocrx_word' id='word_1_160' title='bbox 870 2180 1228 2245; x_wconf 88' lang='lat' dir='ltr'>debellatur</span> <span class='ocrx_word' id='word_1_161' title='bbox 1255 2181 1660 2264; x_wconf 86' lang='lat' dir='ltr'>vinciturque</span> <span class='ocrx_word' id='word_1_162' title='bbox 1698 2202 1824 2245; x_wconf 88' lang='lat' dir='ltr'>usu</span> <span class='ocrx_word' id='word_1_163' title='bbox 1859 2182 2285 2265; x_wconf 89' lang='lat' dir='ltr'>sequentium,</span> <span class='ocrx_word' id='word_1_164' title='bbox 2319 2202 2501 2265; x_wconf 89' lang='lat' dir='ltr'>quae,</span> <span class='ocrx_word' id='word_1_165' title='bbox 2529 2179 2667 2229; x_wconf 74' lang='lat' dir='ltr'>ratio.</span> 
     </span>
     <span class='ocr_line' id='line_1_20' title="bbox 298 2282 2505 2369; baseline 0 -22"><span class='ocrx_word' id='word_1_166' title='bbox 298 2284 427 2347; x_wconf 87' lang='lat' dir='ltr'>nisi</span> <span class='ocrx_word' id='word_1_167' title='bbox 473 2285 719 2367; x_wconf 85' lang='lat' dir='ltr'>privato</span> <span class='ocrx_word' id='word_1_168' title='bbox 764 2282 1100 2348; x_wconf 89' lang='lat' dir='ltr'>commodo</span> <span class='ocrx_word' id='word_1_169' title='bbox 1148 2282 1480 2367; x_wconf 87' lang='lat' dir='ltr'>publicum</span> <span class='ocrx_word' id='word_1_170' title='bbox 1530 2284 1993 2367; x_wconf 83' lang='lat' dir='ltr'>praetulissem,</span> <span class='ocrx_word' id='word_1_171' title='bbox 2034 2306 2292 2369; x_wconf 88' lang='lat' dir='ltr'>prorsus</span> <span class='ocrx_word' id='word_1_172' title='bbox 2343 2284 2505 2348; x_wconf 90' lang='lat' dir='ltr'>mihi</span> 
     </span>
     <span class='ocr_line' id='line_1_21' title="bbox 296 2386 2502 2471; baseline 0 -20"><span class='ocrx_word' id='word_1_173' title='bbox 296 2388 629 2451; x_wconf 85' lang='lat' dir='ltr'>reticenda</span> <span class='ocrx_word' id='word_1_174' title='bbox 662 2395 912 2467; x_wconf 79' lang='lat' dir='ltr'>essent3</span> <span class='ocrx_word' id='word_1_175' title='bbox 974 2386 1215 2451; x_wconf 87' lang='lat' dir='ltr'>etenim</span> <span class='ocrx_word' id='word_1_176' title='bbox 1253 2386 1355 2451; x_wconf 89' lang='lat' dir='ltr'>his</span> <span class='ocrx_word' id='word_1_177' title='bbox 1398 2386 1546 2450; x_wconf 89' lang='lat' dir='ltr'>solis</span> <span class='ocrx_word' id='word_1_178' title='bbox 1588 2409 1780 2470; x_wconf 87' lang='lat' dir='ltr'>quam</span> <span class='ocrx_word' id='word_1_179' title='bbox 1819 2389 2078 2466; x_wconf 90' lang='lat' dir='ltr'>multos,</span> <span class='ocrx_word' id='word_1_180' title='bbox 2111 2408 2188 2452; x_wconf 88' lang='lat' dir='ltr'>eo</span> <span class='ocrx_word' id='word_1_181' title='bbox 2234 2409 2362 2471; x_wconf 89' lang='lat' dir='ltr'>quo</span> <span class='ocrx_word' id='word_1_182' title='bbox 2393 2387 2502 2452; x_wconf 89' lang='lat' dir='ltr'>de-</span> 
     </span>
     <span class='ocr_line' id='line_1_22' title="bbox 298 2489 2498 2574; baseline -0 -20"><span class='ocrx_word' id='word_1_183' title='bbox 298 2490 669 2574; x_wconf 86' lang='lat' dir='ltr'>scripsimus</span> <span class='ocrx_word' id='word_1_184' title='bbox 711 2490 905 2556; x_wconf 88' lang='lat' dir='ltr'>modo</span> <span class='ocrx_word' id='word_1_185' title='bbox 946 2490 1333 2569; x_wconf 87' lang='lat' dir='ltr'>laborantes,</span> <span class='ocrx_word' id='word_1_186' title='bbox 1370 2489 1609 2569; x_wconf 85' lang='lat' dir='ltr'>sanavi,</span> <span class='ocrx_word' id='word_1_187' title='bbox 1657 2490 1888 2574; x_wconf 90' lang='lat' dir='ltr'>quibus</span> <span class='ocrx_word' id='word_1_188' title='bbox 1931 2492 2498 2570; x_wconf 87' lang='lat' dir='ltr'>venae-sectiones,</span> 
     </span>
     <span class='ocr_line' id='line_1_23' title="bbox 296 2593 2502 2678; baseline -0.001 -20"><span class='ocrx_word' id='word_1_189' title='bbox 296 2594 781 2678; x_wconf 84' lang='lat' dir='ltr'>quantumlibet</span> <span class='ocrx_word' id='word_1_190' title='bbox 838 2594 1169 2678; x_wconf 87' lang='lat' dir='ltr'>repetitae,</span> <span class='ocrx_word' id='word_1_191' title='bbox 1229 2593 1604 2674; x_wconf 84' lang='lat' dir='ltr'>cathartica,</span> <span class='ocrx_word' id='word_1_192' title='bbox 1667 2595 1880 2658; x_wconf 90' lang='lat' dir='ltr'>diaeta</span> <span class='ocrx_word' id='word_1_193' title='bbox 1935 2595 2161 2672; x_wconf 88' lang='lat' dir='ltr'>lactea,</span> <span class='ocrx_word' id='word_1_194' title='bbox 2208 2595 2502 2677; x_wconf 87' lang='lat' dir='ltr'>pulveres</span> 
     </span>
    </p>
   </div>
   <div class='ocr_carea' id='block_1_3' title="bbox 292 2697 2372 2782">
    <p class='ocr_par' dir='ltr' id='par_1_12' title="bbox 292 2697 2372 2782">
     <span class='ocr_line' id='line_1_24' title="bbox 292 2697 2372 2782; baseline -0 -22"><span class='ocrx_word' id='word_1_195' title='bbox 292 2697 584 2774; x_wconf 85' lang='lat' dir='ltr'>testacei,</span> <span class='ocrx_word' id='word_1_196' title='bbox 614 2704 759 2776; x_wconf 71' lang='lat' dir='ltr'>etc„</span> <span class='ocrx_word' id='word_1_197' title='bbox 788 2719 875 2761; x_wconf 90' lang='lat' dir='ltr'>ne</span> <span class='ocrx_word' id='word_1_198' title='bbox 904 2697 1109 2760; x_wconf 88' lang='lat' dir='ltr'>hilum</span> <span class='ocrx_word' id='word_1_199' title='bbox 1137 2697 1563 2781; x_wconf 86' lang='lat' dir='ltr'>profecerunt.</span> <span class='ocrx_word' id='word_1_200' title='bbox 1653 2699 1870 2782; x_wconf 89' lang='lat' dir='ltr'>Atque</span> <span class='ocrx_word' id='word_1_201' title='bbox 1899 2697 2060 2761; x_wconf 82' lang='lat' dir='ltr'>haec</span> <span class='ocrx_word' id='word_1_202' title='bbox 2089 2705 2239 2760; x_wconf 87' lang='lat' dir='ltr'>sunt</span> <span class='ocrx_word' id='word_1_203' title='bbox 2265 2721 2372 2759; x_wconf 90' lang='lat'>:—</span> 
     </span>
    </p>
   </div>
   <div class='ocr_carea' id='block_1_4' title="bbox 2533 584 2816 596">
    <p class='ocr_par' dir='ltr' id='par_1_13' title="bbox 2533 584 2816 596">
     <span class='ocr_line' id='line_1_25' title="bbox 2533 584 2816 596; baseline 0 4410"><span class='ocrx_word' id='word_1_204' title='bbox 2533 584 2816 596; x_wconf 95' lang='lat' dir='ltr'> </span> 
     </span>
    </p>
   </div>
   <div class='ocr_carea' id='block_1_5' title="bbox 296 2829 2492 3339">
    <p class='ocr_par' dir='ltr' id='par_1_14' title="bbox 296 2829 2492 3339">
     <span class='ocr_line' id='line_1_26' title="bbox 296 2829 2427 2910; baseline -0 -25"><span class='ocrx_word' id='word_1_205' title='bbox 296 2833 505 2902; x_wconf 79' lang='lat' dir='ltr'>[Form.</span> <span class='ocrx_word' id='word_1_206' title='bbox 528 2835 674 2901; x_wconf 73' lang='lat' dir='ltr'>41.]h</span> <span class='ocrx_word' id='word_1_207' title='bbox 742 2829 807 2910; x_wconf 67' lang='lat' dir='ltr'>R</span> <span class='ocrx_word' id='word_1_208' title='bbox 834 2833 1129 2886; x_wconf 72' lang='lat' dir='ltr'>conservae</span> <span class='ocrx_word' id='word_1_209' title='bbox 1155 2832 1493 2886; x_wconf 81' lang='lat' dir='ltr'>cochleariae</span> <span class='ocrx_word' id='word_1_210' title='bbox 1518 2831 1802 2886; x_wconf 77' lang='lat' dir='ltr'>Hortensia</span> <span class='ocrx_word' id='word_1_211' title='bbox 1824 2833 2048 2892; x_wconf 83' lang='lat' dir='ltr'>recentis</span> <span class='ocrx_word' id='word_1_212' title='bbox 2070 2831 2256 2884; x_wconf 83' lang='lat' dir='ltr'>uncias</span> <span class='ocrx_word' id='word_1_213' title='bbox 2280 2829 2427 2895; x_wconf 87' lang='lat' dir='ltr'>duas,</span> 
     </span>
     <span class='ocr_line' id='line_1_27' title="bbox 833 2917 1877 2988; baseline -0.001 -16"><span class='ocrx_word' id='word_1_214' title='bbox 833 2917 1177 2988; x_wconf 82' lang='lat' dir='ltr'>[Conservae]</span> <span class='ocrx_word' id='word_1_215' title='bbox 1206 2919 1431 2988; x_wconf 86' lang='lat' dir='ltr'>Lujulae</span> <span class='ocrx_word' id='word_1_216' title='bbox 1456 2921 1669 2973; x_wconf 88' lang='lat' dir='ltr'>unciam</span> <span class='ocrx_word' id='word_1_217' title='bbox 1693 2936 1877 2984; x_wconf 87' lang='lat' dir='ltr'>unam,</span> 
     </span>
     <span class='ocr_line' id='line_1_28' title="bbox 827 3007 1956 3077; baseline -0.001 -17"><span class='ocrx_word' id='word_1_218' title='bbox 827 3007 1071 3062; x_wconf 80' lang='lat' dir='ltr'>Pulveris</span> <span class='ocrx_word' id='word_1_219' title='bbox 1094 3009 1189 3060; x_wconf 87' lang='lat' dir='ltr'>Ari</span> <span class='ocrx_word' id='word_1_220' title='bbox 1214 3009 1512 3077; x_wconf 76' lang='lat' dir='ltr'>compositi</span> <span class='ocrx_word' id='word_1_221' title='bbox 1538 3007 1818 3062; x_wconf 85' lang='lat' dir='ltr'>drachmas</span> <span class='ocrx_word' id='word_1_222' title='bbox 1845 3023 1956 3072; x_wconf 83' lang='lat' dir='ltr'>sex,</span> 
     </span>
     <span class='ocr_line' id='line_1_29' title="bbox 826 3093 2246 3165; baseline -0.002 -17"><span class='ocrx_word' id='word_1_223' title='bbox 826 3111 948 3148; x_wconf 90' lang='lat' dir='ltr'>cum</span> <span class='ocrx_word' id='word_1_224' title='bbox 974 3094 1266 3148; x_wconf 81' lang='lat' dir='ltr'>sufficiente</span> <span class='ocrx_word' id='word_1_225' title='bbox 1292 3097 1592 3164; x_wconf 86' lang='lat' dir='ltr'>quantitate</span> <span class='ocrx_word' id='word_1_226' title='bbox 1618 3095 1810 3165; x_wconf 81' lang='lat' dir='ltr'>Syrupi</span> <span class='ocrx_word' id='word_1_227' title='bbox 1832 3093 2246 3156; x_wconf 80' lang='lat' dir='ltr'>Amantiorum3</span> 
     </span>
     <span class='ocr_line' id='line_1_30' title="bbox 580 3179 2492 3250; baseline -0.001 -16"><span class='ocrx_word' id='word_1_228' title='bbox 580 3180 705 3235; x_wconf 85' lang='lat' dir='ltr'>Fiat</span> <span class='ocrx_word' id='word_1_229' title='bbox 728 3181 1101 3236; x_wconf 82' lang='lat' dir='ltr'>electuarium:</span> <span class='ocrx_word' id='word_1_230' title='bbox 1146 3182 1324 3250; x_wconf 86' lang='lat' dir='ltr'>capiat</span> <span class='ocrx_word' id='word_1_231' title='bbox 1359 3180 1637 3234; x_wconf 87' lang='lat' dir='ltr'>drachmas</span> <span class='ocrx_word' id='word_1_232' title='bbox 1664 3181 1798 3234; x_wconf 89' lang='lat' dir='ltr'>duas</span> <span class='ocrx_word' id='word_1_233' title='bbox 1829 3189 1910 3234; x_wconf 81' lang='lat' dir='ltr'>ter</span> <span class='ocrx_word' id='word_1_234' title='bbox 1937 3181 1994 3232; x_wconf 88' lang='lat' dir='ltr'>in</span> <span class='ocrx_word' id='word_1_235' title='bbox 2020 3179 2105 3232; x_wconf 89' lang='lat' dir='ltr'>die</span> <span class='ocrx_word' id='word_1_236' title='bbox 2138 3195 2232 3249; x_wconf 87' lang='lat' dir='ltr'>per</span> <span class='ocrx_word' id='word_1_237' title='bbox 2251 3195 2492 3233; x_wconf 81' lang='lat' dir='ltr'>mensem</span> 
     </span>
     <span class='ocr_line' id='line_1_31' title="bbox 579 3267 2204 3339; baseline -0.001 -19"><span class='ocrx_word' id='word_1_238' title='bbox 579 3268 865 3339; x_wconf 81' lang='lat' dir='ltr'>integrum,</span> <span class='ocrx_word' id='word_1_239' title='bbox 889 3267 1273 3337; x_wconf 87' lang='lat' dir='ltr'>superbibendo</span> <span class='ocrx_word' id='word_1_240' title='bbox 1298 3283 1470 3337; x_wconf 86' lang='lat' dir='ltr'>aquae</span> <span class='ocrx_word' id='word_1_241' title='bbox 1494 3268 1764 3337; x_wconf 87' lang='lat' dir='ltr'>sequentis</span> <span class='ocrx_word' id='word_1_242' title='bbox 1788 3267 1972 3320; x_wconf 86' lang='lat' dir='ltr'>uncias</span> <span class='ocrx_word' id='word_1_243' title='bbox 1997 3275 2100 3319; x_wconf 85' lang='lat' dir='ltr'>tres</span> <span class='ocrx_word' id='word_1_244' title='bbox 2117 3288 2204 3318; x_wconf 87' lang='lat'>:—</span> 
     </span>
    </p>
   </div>
   <div class='ocr_carea' id='block_1_6' title="bbox 296 3359 2502 4213">
    <p class='ocr_par' dir='ltr' id='par_1_15' title="bbox 296 3359 2502 4213">
     <span class='ocr_line' id='line_1_32' title="bbox 296 3359 2315 3440; baseline 0 -25"><span class='ocrx_word' id='word_1_245' title='bbox 296 3362 504 3427; x_wconf 84' lang='lat' dir='ltr'>[Form.</span> <span class='ocrx_word' id='word_1_246' title='bbox 528 3361 663 3426; x_wconf 77' lang='lat'>42.]¹</span> <span class='ocrx_word' id='word_1_247' title='bbox 732 3359 797 3440; x_wconf 65' lang='lat' dir='ltr'>R</span> <span class='ocrx_word' id='word_1_248' title='bbox 832 3359 1155 3432; x_wconf 87' lang='lat' dir='ltr'>[Foliorum]</span> <span class='ocrx_word' id='word_1_249' title='bbox 1185 3362 1527 3432; x_wconf 84' lang='lat' dir='ltr'>chhleariae</span> <span class='ocrx_word' id='word_1_250' title='bbox 1554 3363 1836 3416; x_wconf 74' lang='lat' dir='ltr'>Hortensia</span> <span class='ocrx_word' id='word_1_251' title='bbox 1859 3361 2158 3432; x_wconf 87' lang='lat' dir='ltr'>manipulos</span> <span class='ocrx_word' id='word_1_252' title='bbox 2180 3369 2315 3425; x_wconf 82' lang='lat' dir='ltr'>octo,</span> 
     </span>
     <span class='ocr_line' id='line_1_33' title="bbox 829 3448 1588 3519; baseline 0.001 -18"><span class='ocrx_word' id='word_1_253' title='bbox 829 3449 1151 3519; x_wconf 87' lang='lat' dir='ltr'>[Foliorum]</span> <span class='ocrx_word' id='word_1_254' title='bbox 1184 3448 1588 3519; x_wconf 82' lang='lat' dir='ltr'>Beccabungae,</span> 
     </span>
     <span class='ocr_line' id='line_1_34' title="bbox 829 3533 1734 3606; baseline -0.001 -18"><span class='ocrx_word' id='word_1_255' title='bbox 829 3533 1151 3606; x_wconf 85' lang='lat' dir='ltr'>[Foliorum]</span> <span class='ocrx_word' id='word_1_256' title='bbox 1180 3535 1444 3590; x_wconf 82' lang='lat' dir='ltr'>Nasturtii</span> <span class='ocrx_word' id='word_1_257' title='bbox 1466 3535 1734 3604; x_wconf 84' lang='lat' dir='ltr'>Aquatici‚</span> 
     </span>
     <span class='ocr_line' id='line_1_35' title="bbox 835 3622 1425 3694; baseline 0 -18"><span class='ocrx_word' id='word_1_258' title='bbox 835 3622 1154 3694; x_wconf 84' lang='lat' dir='ltr'>[Foliorum]</span> <span class='ocrx_word' id='word_1_259' title='bbox 1200 3623 1425 3688; x_wconf 81' lang='lat' dir='ltr'>Salviae,</span> 
     </span>
     <span class='ocr_line' id='line_1_36' title="bbox 832 3709 2175 3782; baseline 0 -18"><span class='ocrx_word' id='word_1_260' title='bbox 832 3710 1151 3782; x_wconf 87' lang='lat' dir='ltr'>[Foliorum]</span> <span class='ocrx_word' id='word_1_261' title='bbox 1184 3710 1459 3774; x_wconf 79' lang='lat' dir='ltr'>Menthae,</span> <span class='ocrx_word' id='word_1_262' title='bbox 1482 3726 1589 3762; x_wconf 88' lang='lat' dir='ltr'>ana</span> <span class='ocrx_word' id='word_1_263' title='bbox 1611 3709 1910 3780; x_wconf 83' lang='lat' dir='ltr'>manipulos</span> <span class='ocrx_word' id='word_1_264' title='bbox 1932 3723 2175 3780; x_wconf 82' lang='lat' dir='ltr'>quatuor,</span> 
     </span>
     <span class='ocr_line' id='line_1_37' title="bbox 826 3797 1596 3861; baseline -0.003 -11"><span class='ocrx_word' id='word_1_265' title='bbox 826 3799 1063 3851; x_wconf 78' lang='lat' dir='ltr'>Coi-tices</span> <span class='ocrx_word' id='word_1_266' title='bbox 1084 3797 1461 3850; x_wconf 79' lang='lat' dir='ltr'>Aurantiorum</span> <span class='ocrx_word' id='word_1_267' title='bbox 1486 3813 1596 3861; x_wconf 82' lang='lat' dir='ltr'>sex,</span> 
     </span>
     <span class='ocr_line' id='line_1_38' title="bbox 828 3882 1993 3949; baseline 0.001 -12"><span class='ocrx_word' id='word_1_268' title='bbox 828 3885 883 3937; x_wconf 92' lang='lat' dir='ltr'>N</span> <span class='ocrx_word' id='word_1_269' title='bbox 886 3885 998 3937; x_wconf 87' lang='lat' dir='ltr'>ucis</span> <span class='ocrx_word' id='word_1_270' title='bbox 1024 3882 1336 3937; x_wconf 86' lang='lat' dir='ltr'>Moschatae</span> <span class='ocrx_word' id='word_1_271' title='bbox 1360 3893 1612 3937; x_wconf 85' lang='lat' dir='ltr'>contusae</span> <span class='ocrx_word' id='word_1_272' title='bbox 1638 3885 1993 3949; x_wconf 84' lang='lat' dir='ltr'>semunciam;</span> 
     </span>
     <span class='ocr_line' id='line_1_39' title="bbox 580 3969 2502 4034; baseline -0.001 -10"><span class='ocrx_word' id='word_1_273' title='bbox 580 3970 945 4024; x_wconf 85' lang='lat' dir='ltr'>Infundantur</span> <span class='ocrx_word' id='word_1_274' title='bbox 966 3971 1023 4022; x_wconf 89' lang='lat' dir='ltr'>in</span> <span class='ocrx_word' id='word_1_275' title='bbox 1048 3971 1343 4023; x_wconf 84' lang='lat' dir='ltr'>Cerevisiae</span> <span class='ocrx_word' id='word_1_276' title='bbox 1376 3969 1777 4024; x_wconf 85' lang='lat' dir='ltr'>Brunsvicensis</span> <span class='ocrx_word' id='word_1_277' title='bbox 1805 3971 1964 4025; x_wconf 90' lang='lat' dir='ltr'>libras</span> <span class='ocrx_word' id='word_1_278' title='bbox 1989 3971 2284 4034; x_wconf 85' lang='lat' dir='ltr'>duodecim,</span> <span class='ocrx_word' id='word_1_279' title='bbox 2307 3988 2370 4023; x_wconf 81' lang='lat' dir='ltr'>ac</span> <span class='ocrx_word' id='word_1_280' title='bbox 2396 3969 2502 4023; x_wconf 85' lang='lat' dir='ltr'>‹lis-</span> 
     </span>
     <span class='ocr_line' id='line_1_40' title="bbox 579 4056 2502 4126; baseline -0.001 -16"><span class='ocrx_word' id='word_1_281' title='bbox 579 4059 819 4111; x_wconf 84' lang='lat' dir='ltr'>tillentur</span> <span class='ocrx_word' id='word_1_282' title='bbox 855 4058 1067 4126; x_wconf 84' lang='lat' dir='ltr'>organis</span> <span class='ocrx_word' id='word_1_283' title='bbox 1102 4056 1490 4122; x_wconf 84' lang='lat' dir='ltr'>communibus,</span> <span class='ocrx_word' id='word_1_284' title='bbox 1524 4065 1580 4110; x_wconf 88' lang='lat' dir='ltr'>et</span> <span class='ocrx_word' id='word_1_285' title='bbox 1614 4057 1890 4111; x_wconf 81' lang='lat' dir='ltr'>eliciantur</span> <span class='ocrx_word' id='word_1_286' title='bbox 1925 4056 2295 4111; x_wconf 83' lang='lat' dir='ltr'>tantummodo</span> <span class='ocrx_word' id='word_1_287' title='bbox 2329 4073 2502 4125; x_wconf 85' lang='lat' dir='ltr'>aquae</span> 
     </span>
     <span class='ocr_line' id='line_1_41' title="bbox 580 4145 1122 4213; baseline -0.002 -18"><span class='ocrx_word' id='word_1_288' title='bbox 580 4145 743 4198; x_wconf 75' lang='lat' dir='ltr'>librae</span> <span class='ocrx_word' id='word_1_289' title='bbox 766 4161 857 4197; x_wconf 81' lang='lat' dir='ltr'>sex</span> <span class='ocrx_word' id='word_1_290' title='bbox 884 4161 978 4213; x_wconf 87' lang='lat' dir='ltr'>pro</span> <span class='ocrx_word' id='word_1_291' title='bbox 1002 4160 1122 4196; x_wconf 88' lang='lat' dir='ltr'>usu.</span> 
     </span>
    </p>
   </div>
   <div class='ocr_carea' id='block_1_7' title="bbox 298 4228 2501 4399">
    <p class='ocr_par' dir='ltr' id='par_1_16' title="bbox 298 4228 2501 4399">
     <span class='ocr_line' id='line_1_42' title="bbox 384 4228 2501 4315; baseline -0.001 -22"><span class='ocrx_word' id='word_1_292' title='bbox 384 4228 591 4313; x_wconf 86' lang='lat' dir='ltr'>Atqui</span> <span class='ocrx_word' id='word_1_293' title='bbox 620 4233 907 4314; x_wconf 88' lang='lat' dir='ltr'>praecisa</span> <span class='ocrx_word' id='word_1_294' title='bbox 935 4231 1103 4295; x_wconf 85' lang='lat' dir='ltr'>dosis</span> <span class='ocrx_word' id='word_1_295' title='bbox 1139 4232 1415 4315; x_wconf 87' lang='lat' dir='ltr'>pulveris</span> <span class='ocrx_word' id='word_1_296' title='bbox 1460 4231 1555 4295; x_wconf 83' lang='lat' dir='ltr'>ari</span> <span class='ocrx_word' id='word_1_297' title='bbox 1593 4230 1926 4315; x_wconf 90' lang='lat' dir='ltr'>compositi</span> <span class='ocrx_word' id='word_1_298' title='bbox 1964 4229 2350 4307; x_wconf 87' lang='lat' dir='ltr'>observetur,</span> <span class='ocrx_word' id='word_1_299' title='bbox 2385 4236 2501 4291; x_wconf 86' lang='lat' dir='ltr'>aut</span> 
     </span>
     <span class='ocr_line' id='line_1_43' title="bbox 298 4333 2404 4399; baseline 0.002 -3"><span class='ocrx_word' id='word_1_300' title='bbox 298 4333 529 4397; x_wconf 87' lang='lat' dir='ltr'>saltem</span> <span class='ocrx_word' id='word_1_301' title='bbox 562 4335 785 4398; x_wconf 84' lang='lat' dir='ltr'>eadem</span> <span class='ocrx_word' id='word_1_302' title='bbox 814 4357 947 4399; x_wconf 90' lang='lat' dir='ltr'>non</span> <span class='ocrx_word' id='word_1_303' title='bbox 978 4336 1329 4399; x_wconf 89' lang='lat' dir='ltr'>minuatur.</span> <span class='ocrx_word' id='word_1_304' title='bbox 2399 4347 2404 4350; x_wconf 83' lang='lat'>&#39;</span> 
     </span>
    </p>
   </div>
   <div class='ocr_carea' id='block_1_8' title="bbox 366 4467 2430 4536">
    <p class='ocr_par' dir='ltr' id='par_1_17' title="bbox 366 4467 2430 4536">
     <span class='ocr_line' id='line_1_44' title="bbox 366 4467 2430 4536; baseline -0.001 -18"><span class='ocrx_word' id='word_1_305' title='bbox 366 4483 389 4513; x_wconf 75' lang='grc' dir='ltr'>κ</span> <span class='ocrx_word' id='word_1_306' title='bbox 426 4471 500 4520; x_wconf 76' lang='lat' dir='ltr'>Cr.</span> <span class='ocrx_word' id='word_1_307' title='bbox 528 4473 675 4532; x_wconf 71' lang='lat' dir='ltr'>Epist.</span> <span class='ocrx_word' id='word_1_308' title='bbox 696 4475 908 4536; x_wconf 70' lang='lat' dir='ltr'>Respons.</span> <span class='ocrx_word' id='word_1_309' title='bbox 936 4475 973 4520; x_wconf 90' lang='grc' dir='ltr'>Ι.</span> <span class='ocrx_word' id='word_1_310' title='bbox 998 4477 1023 4532; x_wconf 58' lang='grc' dir='ltr'><strong>ξ</strong></span> <span class='ocrx_word' id='word_1_311' title='bbox 1049 4476 1121 4521; x_wconf 85' lang='grc'>13.</span> <span class='ocrx_word' id='word_1_312' title='bbox 1268 4469 1289 4502; x_wconf 73' lang='lat'>&#39;¹</span> <span class='ocrx_word' id='word_1_313' title='bbox 1328 4473 1403 4522; x_wconf 76' lang='lat' dir='ltr'>Cf.</span> <span class='ocrx_word' id='word_1_314' title='bbox 1426 4473 1565 4522; x_wconf 78' lang='lat' dir='ltr'>form.</span> <span class='ocrx_word' id='word_1_315' title='bbox 1597 4473 1702 4520; x_wconf 88' lang='grc'>261.</span> <span class='ocrx_word' id='word_1_316' title='bbox 1851 4467 1864 4499; x_wconf 77' lang='lat'><strong>¹</strong></span> <span class='ocrx_word' id='word_1_317' title='bbox 1895 4470 1969 4518; x_wconf 80' lang='lat' dir='ltr'>Cf.</span> <span class='ocrx_word' id='word_1_318' title='bbox 1995 4470 2186 4518; x_wconf 74' lang='lat' dir='ltr'>forium.</span> <span class='ocrx_word' id='word_1_319' title='bbox 2211 4471 2290 4528; x_wconf 67' lang='lat'>94,</span> <span class='ocrx_word' id='word_1_320' title='bbox 2317 4469 2430 4520; x_wconf 83' lang='lat'><strong>267.</strong></span> 
     </span>
    </p>
   </div>
  </div>
 </body>
</html>
