3138 5006
704 302 790 365 98
1311 300 1702 364 ΤΗΟΜΑΕ
1753 299 2271 365 SYDENHAM

440 480 637 527 Fanum
705 462 915 536 Peste,
945 467 1090 524 tum
1128 459 1563 525 laborantium
1609 459 1936 539 halitibus,
1967 466 2112 525 tum
2141 466 2544 524 mortuorum
2585 458 2908 523 cadaveri-

413 545 671 657 gffiffi‘gg
705 564 847 642 bue,
876 563 1055 627 labes
1098 570 1166 627 et
1210 564 1586 647 contagium
1625 563 1958 627 inducitur
1973 590 1992 641 3
2037 563 2200 629 adeo
2245 570 2322 627 ut
2369 564 2452 626 ad
2498 562 2910 627 tristissimae

400 672 676 793 Aggfffg‘ss'*
706 666 1127 749 aegritudinis
1144 666 1674 749 propagationem
1683 668 1822 750 jam
1840 688 1974 729 non
1993 666 2268 750 amplius
2285 668 2386 731 vel
2401 666 2628 730 fomite
2644 666 2748 729 vel
2765 686 2908 748 per-

641 772 653 784 '
702 768 910 834 sonali
927 768 1247 832 consortio
1256 790 1417 851 opus
1426 768 1530 847 sit,
1542 790 1764 833 verum
1783 788 2234 851 quemcunque
2251 768 2601 847 hominem,
2611 768 2714 831 vel
2725 788 2912 831 sum-

399 828 635 953 223³ssss
704 894 814 935 ma
842 892 998 935 cura
1020 892 1059 935 a
1079 870 1269 934 Peste
1300 870 1608 953 correptis
1632 877 1972 949 semotum,
1993 870 2130 953 ipse
2159 875 2269 935 aer
2289 890 2441 933 cum
2472 870 2704 953 spiritu
2731 869 2912 933 intro

396 956 678 1073 ἐξςξαξοξζ
707 975 968 1051 subiens
994 994 1111 1057 per
1139 994 1207 1037 se
1236 994 1311 1038 ac
1352 995 1469 1039 suo
1502 974 1721 1037 Marte
1764 973 2026 1039 inficere
2055 974 2282 1053 valeat,
2319 974 2512 1038 modo
2538 973 2648 1037 ille
2677 992 2912 1056 corpus

399 1038 555 1149 ἐῶς’·
592 1037 625 1085 Ρ
705 1077 943 1143 habeat
970 1076 1349 1141 humoribus
1388 1076 1473 1140 ad
1508 1076 1793 1141 afflatum
1825 1076 2276 1160 excipiendum
2303 1077 2546 1161 paratis
2573 1076 2910 1140 refertum.

402 1181 607 1257 antieg
804 1183 873 1265 [5
881 1182 927 1265 .]
983 1180 1373 1264 Quanquam
1416 1186 1636 1245 autem
1675 1178 1784 1243 hic
1823 1179 2106 1258 morbus,
2143 1200 2296 1245 cum
2333 1179 2652 1243 duntaxat
2693 1199 2912 1262 spon.-

398 1247 667 1367 3:153?
706 1284 887 1349 dicus
946 1283 1183 1360 existit,
1236 1284 1418 1347 nullo
1476 1282 1882 1366 tempestatis
1939 1280 2310 1347 discrimine
2365 1302 2604 1367 paucos
2663 1282 2914 1364 aliquot

398 1375 661 1487 {gazum
702 1385 975 1472 (tradito
1005 1386 1185 1469 quasi
1214 1406 1330 1469 per
1358 1406 1594 1449 manus
1623 1384 1965 1469 contagio)
2003 1384 2282 1468 affligat3
2327 1390 2552 1450 tamen
2579 1383 2697 1449 ubi
2725 1382 2914 1448 adest

400 1509 632 1551 aestatem
704 1490 904 1556 etiam
948 1490 1301 1574 epidemica
1344 1490 1507 1554 aeris
1560 1488 1963 1567 constitutio,
2007 1490 2294 1553 exoritur
2345 1489 2514 1553 circa.
2563 1508 2708 1552 eam
2748 1488 2914 1551 anni

400 1568 675 1681 {ffgffffle
704 1600 955 1678 partem
998 1614 1159 1677 quae
1197 1592 1370 1656 inter
1406 1612 1519 1657 ver
1563 1612 1638 1656 ac
1678 1597 1990 1656 aestatem
2035 1590 2328 1675 ambigit,
2359 1597 2586 1675 utpote
2615 1611 2782 1673 quae
2825 1589 2914 1653 ad

704 1695 1184 1781 producendam
1250 1694 1744 1778 aegritudinem,
1811 1694 1998 1780 cujus
2066 1694 2347 1759 essentia
2409 1694 2482 1757 in
2559 1693 2914 1757 humorum

704 1797 1055 1885 φλο-γώσει,
1087 1798 1217 1863 sive
1246 1797 1748 1881 inflammatione,
1787 1796 1884 1880 (ut
1913 1802 2136 1881 postea
2175 1797 2243 1883 [§
2279 1796 2412 1881 16.]
2445 1797 2908 1877 ostendemus,)

702 1900 1020 1985 imprimis
1065 1900 1379 1978 consistit,
1424 1898 1706 1963 maxime
1749 1898 1984 1965 idonea
2033 1906 2230 1983 atque
2275 1898 2760 1964 accommodata
2801 1898 2912 1961 sit.

706 2004 906 2068 Porro
936 2011 1003 2068 et
1034 2024 1152 2067 sua
1178 2003 1376 2068 habet
1404 2001 1790 2067 incrementi
1829 2022 1906 2065 ac
1945 2000 2392 2066 declinationis
2433 2008 2744 2084 tempora,
2773 2020 2916 2064 non

706 2126 889 2171 secus
938 2126 1012 2169 ac
1062 2113 1353 2171 caeterae
1400 2126 1620 2169 rerum
1671 2102 2069 2169 naturalium
2121 2104 2382 2187 species.
2470 2103 2783 2167 Nascitur
2831 2122 2916 2166 eo

706 2230 837 2293 quo
858 2209 1135 2272 diximus
1156 2216 1463 2292 tempore,
1486 2213 1814 2272 crescente
1835 2228 2009 2272 auno
2039 2207 2364 2287 adolescit,
2389 2207 2744 2291 eodemque
2771 2227 2917 2269 ver-

710 2316 904 2393 gente
962 2309 1350 2389 collabascit,
1398 2309 1604 2375 donec
1661 2308 1928 2376 tandem
1987 2314 2202 2374 aiil-em
2247 2310 2320 2372 in
2377 2309 2698 2373 diathesin
2757 2308 2918 2372 huic

710 2412 935 2477 morbo
968 2412 1411 2477 adversantem
1439 2413 1726 2497 glacialis
1754 2412 1988 2477 bruma
2013 2418 2426 2477 transmutet.

808 2517 929 2600 [6.]
986 2517 1182 2584 Quod
1233 2517 1287 2581 si
1338 2523 1802 2600 tempestatum
1861 2515 2018 2580 anni
2074 2516 2544 2580 vicissitudines
2599 2516 2674 2580 in
2733 2515 2918 2581 hunc

710 2620 1014 2684 affectum
1064 2621 1232 2684 nihil
1288 2619 1541 2704 imperii
1592 2625 1982 2697 exercerent,
2035 2640 2260 2683 verum
2309 2619 2656 2683 seminium
2703 2617 2918 2682 Pesti·

709 2721 997 2801 lentiale,
1046 2722 1230 2786 nulla
1278 2723 1441 2786 aeris
1494 2721 1858 2786 mutatione
1906 2720 2244 2800 domabile,
2287 2720 2368 2784 de
2420 2721 2546 2785 alio
2591 2721 2664 2784 in
2709 2719 2918 2784 alium

710 2830 1023 2909 perpetua
1042 2823 1523 2909 propagationis
1552 2824 1715 2888 serie
1745 2823 2332 2902 transmitteretur-3
2373 2822 2514 2887 fieri
2541 2844 2676 2888 non
2696 2829 2919 2906 posset

714 2927 892 3010 quin,
912 2926 1027 2991 ubi
1054 2927 1127 2990 in
1155 2925 1656 3010 frequentiorem
1681 2927 1962 3009 aliquam
1991 2925 2218 2991 urbem
2247 2927 2448 2991 semel
2475 2925 2705 3010 pedem
2733 2925 2920 2988 intu-

711 3029 913 3108 lisset,
964 3028 1345 3094 continuata
1391 3035 1606 3112 strage
1663 3027 1896 3093 funera
1943 3049 2150 3113 usque
2205 3035 2273 3093 et
2329 3049 2534 3112 usque
2593 3027 2920 3106 densaret,

714 3130 918 3194 donec
946 3129 1213 3194 tandem
1231 3151 1423 3196 nemo
1452 3138 1813 3214 superesset
1840 3130 1912 3194 in
1935 3153 2130 3215 quem
2160 3129 2530 3195 Pestilentis
2559 3129 2922 3194 miasmatis

711 3232 891 3295 labes
936 3231 1279 3314 impingat.
1366 3232 1574 3316 Atqui
1617 3233 2012 3297 contrarium
2065 3253 2252 3316 saepe
2296 3232 2580 3298 evenisse
2623 3232 2920 3296 animad-

714 3354 969 3397 versum
1006 3341 1129 3412 est,
1156 3355 1428 3398 numero
1457 3335 1910 3414 extinctorum,
1943 3356 2101 3419 quos
2139 3335 2336 3400 unica
2371 3335 2612 3399 mensis
2655 3335 2921 3398 Sextilis

715 3436 1074 3520 septimana
1104 3436 1187 3499 ad
1215 3437 1459 3521 aliquot
1487 3437 1692 3501 millia
1731 3439 2070 3517 extulerat,
2101 3437 2222 3502 sub
2251 3437 2638 3502 Novembris
2664 3437 2922 3502 exitum

412 3563 507 3610 alio
529 3561 621 3609 ali-
714 3538 897 3602 valde
924 3537 1272 3604 imminuto
1310 3561 1387 3604 ac
1422 3541 1889 3624 propemodum
1916 3539 2121 3605 nullo.
2209 3540 2354 3605 Nec
2389 3547 2612 3605 tamen
2640 3539 2924 3604 diffiteor

411 3633 681 3738 quetgm-i-
714 3639 853 3703 fieri
895 3661 1079 3722 posse
1125 3640 1319 3726 (quod
1362 3649 1431 3706 et
1466 3643 1767 3706 nonnulli
1811 3643 2114 3707 authores
2153 3641 2398 3708 factum
2441 3642 2914 3726 prodiderunt)

410 3707 472 3803 iio
494 3705 638 3802 larii.p
714 3749 791 3806 ut
821 3741 1033 3806 Pestis
1079 3743 1221 3808 aliis
1266 3745 1463 3809 etiam
1502 3745 1664 3809 anni
1707 3745 2202 3830 tempestatibus
2245 3752 2439 3830 caput
2482 3745 2765 3831 primum
2809 3767 2922 3810 ex-

718 3851 893 3924 erat,
936 3845 1060 3910 hoc
1089 3854 1308 3911 autem
1337 3847 1543 3912 rarius
1566 3848 1819 3928 accidit,
1843 3870 1964 3914 nec
1990 3849 2310 3933 ejusmodi
2337 3849 2476 3915 lues
2503 3849 2576 3912 in
2605 3849 2922 3933 populum

412 3964 555 4040 Aegis
578 3963 677 4013 dis-
720 3947 1070 4013 admodum
1128 3949 1578 4015 debacchatur.
1679 3951 1802 4035 [¹7.]
1858 3951 2123 4016 Interea
2185 3951 2352 4016 aeris
2412 3951 2920 4036 dispositionem,

412 4036 677 4156 ξζζιξζζω,
720 4051 1131 4136 quantumvis
1169 4051 1471 4135 λοιμώδη,
1506 4054 1684 4118 Pesti
1723 4054 2130 4118 suscitandae
2169 4073 2284 4139 per
2323 4075 2392 4118 se
2426 4055 2742 4138 imparem
2779 4075 2924 4119 esse

410 4159 487 4206 vis
506 4157 681 4234 λοιμός
717 4154 1132 4220 vehementer
1196 4155 1517 4240 suspicor3
1593 4155 1752 4241 quin
1812 4156 2227 4222 Pestilentiae
2294 4156 2613 4236 morbum,
2681 4157 2922 4222 alicubi

412 4223 695 4363 ἔξζέῑῖξὲἳθ
720 4279 971 4344 semper
1010 4261 1441 4345 superstitem,
1473 4265 1587 4325 aut
1635 4281 1753 4345 per
1795 4260 2089 4326 fomitem
2137 4268 2250 4326 aut
2293 4282 2410 4345 per
2459 4260 2757 4326 Pestiferi
2803 4261 2922 4326 ali-

409 4367 497 4414 per
518 4367 569 4398 ⁸⁰
590 4367 685 4400 ¹¹¹¹·
722 4361 905 4445 cujus
952 4362 1286 4446 appulsum
1334 4383 1370 4426 e
1414 4362 1567 4426 locis
1613 4363 1868 4427 infectis
1911 4363 1982 4427 in
2028 4363 2184 4428 alios
2229 4363 2498 4441 deferri3
2549 4363 2922 4448 ibidemque

409 4417 605 4528 igme
720 4484 855 4526 non
906 4463 1033 4528 nisi
1079 4463 1422 4529 accedente
1480 4465 1673 4530 simul
1731 4465 1963 4531 idonea
2013 4467 2178 4532 aeris
2230 4465 2504 4532 diathesi
2546 4465 2920 4550 popularem
