<?xml version="1.0" encoding="UTF-8"?>
<!DOCTYPE html PUBLIC "-//W3C//DTD XHTML 1.0 Transitional//EN"
    "http://www.w3.org/TR/xhtml1/DTD/xhtml1-transitional.dtd">
<html xmlns="http://www.w3.org/1999/xhtml" xml:lang="en" lang="en">
 <head>
  <title>
</title>
<meta http-equiv="Content-Type" content="text/html;charset=utf-8" />
  <meta name='ocr-system' content='tesseract 3.04.00' />
  <meta name='ocr-capabilities' content='ocr_page ocr_carea ocr_par ocr_line ocrx_word'/>
</head>
<body>
  <div class='ocr_page' id='page_1' title='image "./operaomnia00khgoog_0669.png"; bbox 0 0 3138 5006; ppageno 0'>
   <div class='ocr_carea' id='block_1_1' title="bbox 425 260 558 318">
    <p class='ocr_par' dir='ltr' id='par_1_1' title="bbox 425 260 558 318">
     <span class='ocr_line' id='line_1_1' title="bbox 425 260 558 318; baseline 0 0"><span class='ocrx_word' id='word_1_1' title='bbox 425 260 558 318; x_wconf 60' lang='lat'><strong>6462</strong></span> 
     </span>
    </p>
   </div>
   <div class='ocr_carea' id='block_1_2' title="bbox 423 410 1603 4549">
    <p class='ocr_par' dir='ltr' id='par_1_2' title="bbox 423 410 1595 799">
     <span class='ocr_line' id='line_1_2' title="bbox 423 410 1588 477; baseline 0.002 -17"><span class='ocrx_word' id='word_1_2' title='bbox 423 412 620 462; x_wconf 80' lang='lat' dir='ltr'><strong>variolis</strong></span> <span class='ocrx_word' id='word_1_3' title='bbox 662 410 803 461; x_wconf 75' lang='lat' dir='ltr'><strong>confi.</strong></span> <span class='ocrx_word' id='word_1_4' title='bbox 828 410 988 461; x_wconf 65' lang='lat' dir='ltr'><strong>‘atini&#39;</strong></span> <span class='ocrx_word' id='word_1_5' title='bbox 1007 410 1088 465; x_wconf 92' lang='grc'><strong>’67</strong></span> <span class='ocrx_word' id='word_1_6' title='bbox 1136 414 1419 463; x_wconf 84' lang='lat' dir='ltr'><strong>naturaliter</strong></span> <span class='ocrx_word' id='word_1_7' title='bbox 1465 428 1588 477; x_wconf 83' lang='lat' dir='ltr'><strong>qua-</strong></span> 
     </span>
     <span class='ocr_line' id='line_1_3' title="bbox 423 477 1589 554; baseline 0.001 -28"><span class='ocrx_word' id='word_1_8' title='bbox 423 477 516 535; x_wconf 85' lang='lat' dir='ltr'><strong>les,</strong></span> <span class='ocrx_word' id='word_1_9' title='bbox 553 480 665 536; x_wconf 91' lang='grc'><strong>122,</strong></span> <span class='ocrx_word' id='word_1_10' title='bbox 706 480 830 535; x_wconf 80' lang='lat'>1233</span> <span class='ocrx_word' id='word_1_11' title='bbox 869 478 1175 554; x_wconf 79' lang='lat' dir='ltr'>copiosiores</span> <span class='ocrx_word' id='word_1_12' title='bbox 1212 479 1420 538; x_wconf 86' lang='lat' dir='ltr'><strong>futurae,</strong></span> <span class='ocrx_word' id='word_1_13' title='bbox 1460 480 1589 541; x_wconf 92' lang='lat' dir='ltr'><strong>quod</strong></span> 
     </span>
     <span class='ocr_line' id='line_1_4' title="bbox 423 541 1595 607; baseline 0.002 -18"><span class='ocrx_word' id='word_1_14' title='bbox 423 548 559 605; x_wconf 82' lang='lat' dir='ltr'><strong>patet</strong></span> <span class='ocrx_word' id='word_1_15' title='bbox 579 558 639 591; x_wconf 84' lang='lat' dir='ltr'><strong>ex</strong></span> <span class='ocrx_word' id='word_1_16' title='bbox 659 542 784 591; x_wconf 85' lang='lat' dir='ltr'><strong>facie</strong></span> <span class='ocrx_word' id='word_1_17' title='bbox 809 541 980 606; x_wconf 89' lang='lat' dir='ltr'><strong>primis</strong></span> <span class='ocrx_word' id='word_1_18' title='bbox 1012 542 1182 590; x_wconf 89' lang='lat' dir='ltr'><strong>diebus</strong></span> <span class='ocrx_word' id='word_1_19' title='bbox 1209 542 1272 590; x_wconf 87' lang='lat' dir='ltr'><strong>ad</strong></span> <span class='ocrx_word' id='word_1_20' title='bbox 1303 543 1458 591; x_wconf 84' lang='lat' dir='ltr'><strong>instar</strong></span> <span class='ocrx_word' id='word_1_21' title='bbox 1479 544 1595 607; x_wconf 85' lang='lat' dir='ltr'><strong>pul-</strong></span> 
     </span>
     <span class='ocr_line' id='line_1_5' title="bbox 424 606 1589 671; baseline 0 -16"><span class='ocrx_word' id='word_1_22' title='bbox 424 606 554 655; x_wconf 77' lang='lat' dir='ltr'><strong>veris</strong></span> <span class='ocrx_word' id='word_1_23' title='bbox 589 622 616 655; x_wconf 85' lang='lat' dir='ltr'><strong>e</strong></span> <span class='ocrx_word' id='word_1_24' title='bbox 650 607 884 655; x_wconf 87' lang='lat' dir='ltr'><strong>limatura</strong></span> <span class='ocrx_word' id='word_1_25' title='bbox 918 607 1216 659; x_wconf 84' lang='lat' dir='ltr'><strong>acicularum</strong></span> <span class='ocrx_word' id='word_1_26' title='bbox 1255 608 1473 671; x_wconf 89' lang='lat' dir='ltr'><strong>undique</strong></span> <span class='ocrx_word' id='word_1_27' title='bbox 1512 624 1589 657; x_wconf 81' lang='lat' dir='ltr'><strong>re·</strong></span> 
     </span>
     <span class='ocr_line' id='line_1_6' title="bbox 425 672 1591 735; baseline 0.001 -16"><span class='ocrx_word' id='word_1_28' title='bbox 425 686 604 734; x_wconf 75' lang='lat' dir='ltr'><strong>spei-sa,</strong></span> <span class='ocrx_word' id='word_1_29' title='bbox 639 672 926 735; x_wconf 89' lang='lat' dir='ltr'><strong>praedicunt</strong></span> <span class='ocrx_word' id='word_1_30' title='bbox 961 678 1186 729; x_wconf 89' lang='lat' dir='ltr'><strong>mortem,</strong></span> <span class='ocrx_word' id='word_1_31' title='bbox 1221 674 1346 728; x_wconf 77' lang='lat'>3343</span> <span class='ocrx_word' id='word_1_32' title='bbox 1381 673 1591 735; x_wconf 85' lang='lat' dir='ltr'><strong>majores</strong></span> 
     </span>
     <span class='ocr_line' id='line_1_7' title="bbox 424 735 1587 799; baseline 0 -15"><span class='ocrx_word' id='word_1_33' title='bbox 424 735 480 786; x_wconf 80' lang='lat' dir='ltr'><strong>in</strong></span> <span class='ocrx_word' id='word_1_34' title='bbox 500 736 726 784; x_wconf 76' lang='lat' dir='ltr'><strong>mnibus</strong></span> <span class='ocrx_word' id='word_1_35' title='bbox 759 752 814 783; x_wconf 83' lang='lat' dir='ltr'><strong>ac</strong></span> <span class='ocrx_word' id='word_1_36' title='bbox 847 735 1052 799; x_wconf 86' lang='lat' dir='ltr'><strong>pedibus</strong></span> <span class='ocrx_word' id='word_1_37' title='bbox 1085 752 1232 799; x_wconf 89' lang='lat' dir='ltr'><strong>quam</strong></span> <span class='ocrx_word' id='word_1_38' title='bbox 1262 736 1451 799; x_wconf 88' lang='lat' dir='ltr'><strong>reliquo</strong></span> <span class='ocrx_word' id='word_1_39' title='bbox 1481 752 1587 785; x_wconf 89' lang='lat' dir='ltr'><strong>cor-</strong></span> 
     </span>
    </p>

    <p class='ocr_par' dir='ltr' id='par_1_3' title="bbox 425 800 1593 993">
     <span class='ocr_line' id='line_1_8' title="bbox 425 800 1591 864; baseline 0.003 -17"><span class='ocrx_word' id='word_1_40' title='bbox 425 814 557 863; x_wconf 84' lang='lat' dir='ltr'><strong>pore,</strong></span> <span class='ocrx_word' id='word_1_41' title='bbox 593 806 642 847; x_wconf 90' lang='lat' dir='ltr'><strong>et</strong></span> <span class='ocrx_word' id='word_1_42' title='bbox 673 815 770 862; x_wconf 90' lang='lat' dir='ltr'><strong>quo</strong></span> <span class='ocrx_word' id='word_1_43' title='bbox 803 800 916 864; x_wconf 87' lang='lat' dir='ltr'><strong>plus</strong></span> <span class='ocrx_word' id='word_1_44' title='bbox 947 801 1008 849; x_wconf 88' lang='lat' dir='ltr'><strong>ab</strong></span> <span class='ocrx_word' id='word_1_45' title='bbox 1040 802 1272 849; x_wconf 75' lang='lat' dir='ltr'><strong>extremis</strong></span> <span class='ocrx_word' id='word_1_46' title='bbox 1305 800 1498 859; x_wconf 87' lang='lat' dir='ltr'><strong>distent,</strong></span> <span class='ocrx_word' id='word_1_47' title='bbox 1533 817 1591 851; x_wconf 84' lang='lat' dir='ltr'><strong>eo</strong></span> 
     </span>
     <span class='ocr_line' id='line_1_9' title="bbox 425 865 1593 927; baseline 0.001 -14"><span class='ocrx_word' id='word_1_48' title='bbox 425 866 654 923; x_wconf 86' lang='lat' dir='ltr'><strong>minores,</strong></span> <span class='ocrx_word' id='word_1_49' title='bbox 680 867 803 922; x_wconf 77' lang='lat'>1253</span> <span class='ocrx_word' id='word_1_50' title='bbox 839 867 1106 913; x_wconf 83' lang='lat' dir='ltr'><strong>causticam</strong></span> <span class='ocrx_word' id='word_1_51' title='bbox 1137 865 1438 927; x_wconf 71' lang='lat' dir='ltr'><strong>qualitatem,</strong></span> <span class='ocrx_word' id='word_1_52' title='bbox 1460 866 1593 914; x_wconf 85' lang='lat' dir='ltr'><strong>unde</strong></span> 
     </span>
     <span class='ocr_line' id='line_1_10' title="bbox 426 929 1588 993; baseline 0.001 -16"><span class='ocrx_word' id='word_1_53' title='bbox 426 930 674 978; x_wconf 73' lang='lat' dir='ltr'><strong>cicatrices</strong></span> <span class='ocrx_word' id='word_1_54' title='bbox 693 930 822 978; x_wconf 89' lang='lat' dir='ltr'><strong>fiunt</strong></span> <span class='ocrx_word' id='word_1_55' title='bbox 849 929 892 977; x_wconf 89' lang='lat' dir='ltr'><strong>si</strong></span> <span class='ocrx_word' id='word_1_56' title='bbox 918 930 1154 993; x_wconf 84' lang='lat' dir='ltr'><strong>regimine</strong></span> <span class='ocrx_word' id='word_1_57' title='bbox 1175 937 1441 993; x_wconf 87' lang='lat' dir='ltr'><strong>temperato</strong></span> <span class='ocrx_word' id='word_1_58' title='bbox 1462 937 1588 978; x_wconf 86' lang='lat' dir='ltr'><strong>trac-</strong></span> 
     </span>
    </p>

    <p class='ocr_par' dir='ltr' id='par_1_4' title="bbox 425 994 1595 1689">
     <span class='ocr_line' id='line_1_11' title="bbox 425 994 1592 1053; baseline 0.002 -12"><span class='ocrx_word' id='word_1_59' title='bbox 425 1000 606 1052; x_wconf 86' lang='lat' dir='ltr'><strong>tentur,</strong></span> <span class='ocrx_word' id='word_1_60' title='bbox 643 1009 742 1042; x_wconf 87' lang='lat' dir='ltr'><strong>non</strong></span> <span class='ocrx_word' id='word_1_61' title='bbox 781 994 1009 1053; x_wconf 88' lang='lat' dir='ltr'><strong>induunt,</strong></span> <span class='ocrx_word' id='word_1_62' title='bbox 1053 995 1174 1051; x_wconf 76' lang='lat'>1433</span> <span class='ocrx_word' id='word_1_63' title='bbox 1230 994 1408 1043; x_wconf 83' lang='lat' dir='ltr'><strong>crustis</strong></span> <span class='ocrx_word' id='word_1_64' title='bbox 1447 996 1592 1043; x_wconf 84' lang='lat' dir='ltr'><strong>factis</strong></span> 
     </span>
     <span class='ocr_line' id='line_1_12' title="bbox 425 1057 1593 1122; baseline 0 -15"><span class='ocrx_word' id='word_1_65' title='bbox 425 1058 610 1107; x_wconf 84' lang='lat' dir='ltr'><strong>halitus</strong></span> <span class='ocrx_word' id='word_1_66' title='bbox 651 1057 872 1121; x_wconf 87' lang='lat' dir='ltr'><strong>putridos</strong></span> <span class='ocrx_word' id='word_1_67' title='bbox 915 1074 944 1106; x_wconf 87' lang='lat' dir='ltr'><strong>a</strong></span> <span class='ocrx_word' id='word_1_68' title='bbox 985 1059 1192 1107; x_wconf 84' lang='lat' dir='ltr'><strong>materia</strong></span> <span class='ocrx_word' id='word_1_69' title='bbox 1237 1059 1500 1122; x_wconf 88' lang='lat' dir='ltr'><strong>purulenta</strong></span> <span class='ocrx_word' id='word_1_70' title='bbox 1539 1060 1593 1107; x_wconf 90' lang='lat' dir='ltr'><strong>in</strong></span> 
     </span>
     <span class='ocr_line' id='line_1_13' title="bbox 427 1123 1595 1200; baseline 0.001 -29"><span class='ocrx_word' id='word_1_71' title='bbox 427 1124 717 1185; x_wconf 82' lang='lat' dir='ltr'><strong>sanguinem</strong></span> <span class='ocrx_word' id='word_1_72' title='bbox 737 1123 1070 1200; x_wconf 75' lang='lat' dir='ltr'><strong>ren-opellunt,</strong></span> <span class='ocrx_word' id='word_1_73' title='bbox 1100 1125 1218 1179; x_wconf 77' lang='lat'>1393</span> <span class='ocrx_word' id='word_1_74' title='bbox 1255 1124 1595 1187; x_wconf 87' lang='lat' dir='ltr'><strong>deprimuntur</strong></span> 
     </span>
     <span class='ocr_line' id='line_1_14' title="bbox 426 1159 1591 1252; baseline 0.002 -17"><span class='ocrx_word' id='word_1_75' title='bbox 426 1188 727 1247; x_wconf 70' lang='lat' dir='ltr'><strong>naturaliter,</strong></span> <span class='ocrx_word' id='word_1_76' title='bbox 757 1204 846 1236; x_wconf 91' lang='lat' dir='ltr'><strong>nec</strong></span> <span class='ocrx_word' id='word_1_77' title='bbox 889 1188 1010 1236; x_wconf 85' lang='lat' dir='ltr'><strong>mali</strong></span> <span class='ocrx_word' id='word_1_78' title='bbox 1049 1188 1166 1251; x_wconf 89' lang='lat' dir='ltr'><strong>quid</strong></span> <span class='ocrx_word' id='word_1_79' title='bbox 1206 1159 1300 1237; x_wconf 57' lang='lat' dir='ltr'><strong>’hoc</strong></span> <span class='ocrx_word' id='word_1_80' title='bbox 1337 1196 1591 1252; x_wconf 75' lang='lat' dir='ltr'><strong>portentat,</strong></span> 
     </span>
     <span class='ocr_line' id='line_1_15' title="bbox 432 1252 1593 1317; baseline 0.001 -18"><span class='ocrx_word' id='word_1_81' title='bbox 432 1252 689 1311; x_wconf 78' lang='grc'><strong>147,148;</strong></span> <span class='ocrx_word' id='word_1_82' title='bbox 724 1252 778 1301; x_wconf 90' lang='lat' dir='ltr'><strong>in</strong></span> <span class='ocrx_word' id='word_1_83' title='bbox 797 1253 996 1301; x_wconf 79' lang='lat' dir='ltr'><strong>variolis</strong></span> <span class='ocrx_word' id='word_1_84' title='bbox 1027 1252 1169 1302; x_wconf 87' lang='lat' dir='ltr'><strong>discr.</strong></span> <span class='ocrx_word' id='word_1_85' title='bbox 1195 1254 1312 1301; x_wconf 88' lang='lat' dir='ltr'><strong>anni</strong></span> <span class='ocrx_word' id='word_1_86' title='bbox 1342 1254 1420 1305; x_wconf 98' lang='grc'><strong>’67</strong></span> <span class='ocrx_word' id='word_1_87' title='bbox 1453 1268 1593 1317; x_wconf 81' lang='lat' dir='ltr'><strong>mag·-</strong></span> 
     </span>
     <span class='ocr_line' id='line_1_16' title="bbox 427 1314 1593 1380; baseline 0.001 -15"><span class='ocrx_word' id='word_1_88' title='bbox 427 1316 668 1365; x_wconf 87' lang='lat' dir='ltr'><strong>nitudinis</strong></span> <span class='ocrx_word' id='word_1_89' title='bbox 687 1314 782 1379; x_wconf 84' lang='lat' dir='ltr'><strong>pisi</strong></span> <span class='ocrx_word' id='word_1_90' title='bbox 815 1316 1151 1380; x_wconf 71' lang='lat' dir='ltr'><strong>grandiusculi</strong></span> <span class='ocrx_word' id='word_1_91' title='bbox 1179 1318 1329 1375; x_wconf 87' lang='lat' dir='ltr'><strong>fuere,</strong></span> <span class='ocrx_word' id='word_1_92' title='bbox 1357 1320 1478 1375; x_wconf 87' lang='lat'>1223</span> <span class='ocrx_word' id='word_1_93' title='bbox 1513 1318 1593 1366; x_wconf 89' lang='lat' dir='ltr'><strong>die</strong></span> 
     </span>
     <span class='ocr_line' id='line_1_17' title="bbox 429 1352 1593 1445; baseline 0.001 -16"><span class='ocrx_word' id='word_1_94' title='bbox 429 1383 508 1429; x_wconf 64' lang='grc' dir='ltr'><strong>δ”</strong></span> <span class='ocrx_word' id='word_1_95' title='bbox 548 1381 602 1429; x_wconf 87' lang='grc' dir='ltr'><strong>ιιι</strong></span> <span class='ocrx_word' id='word_1_96' title='bbox 639 1382 762 1431; x_wconf 83' lang='lat' dir='ltr'><strong>facie</strong></span> <span class='ocrx_word' id='word_1_97' title='bbox 805 1382 1066 1445; x_wconf 75' lang='lat' dir='ltr'><strong>asperiores</strong></span> <span class='ocrx_word' id='word_1_98' title='bbox 1108 1389 1159 1430; x_wconf 91' lang='lat' dir='ltr'><strong>et</strong></span> <span class='ocrx_word' id='word_1_99' title='bbox 1200 1352 1496 1440; x_wconf 75' lang='lat' dir='ltr'><strong>subalbidae,</strong></span> <span class='ocrx_word' id='word_1_100' title='bbox 1539 1382 1593 1430; x_wconf 86' lang='lat' dir='ltr'><strong>in</strong></span> 
     </span>
     <span class='ocr_line' id='line_1_18' title="bbox 429 1446 1595 1523; baseline 0 -29"><span class='ocrx_word' id='word_1_101' title='bbox 429 1446 618 1523; x_wconf 82' lang='lat' dir='ltr'><strong>reliquo</strong></span> <span class='ocrx_word' id='word_1_102' title='bbox 663 1460 859 1510; x_wconf 88' lang='lat' dir='ltr'><strong>corpore</strong></span> <span class='ocrx_word' id='word_1_103' title='bbox 901 1447 1068 1494; x_wconf 89' lang='lat' dir='ltr'><strong>minus</strong></span> <span class='ocrx_word' id='word_1_104' title='bbox 1115 1462 1312 1522; x_wconf 66' lang='lat' dir='ltr'><strong>asperae</strong></span> <span class='ocrx_word' id='word_1_105' title='bbox 1329 1511 1342 1523; x_wconf 42' lang='lat'>⁸</span> <span class='ocrx_word' id='word_1_106' title='bbox 1357 1453 1404 1495; x_wconf 92' lang='lat' dir='ltr'><strong>et</strong></span> <span class='ocrx_word' id='word_1_107' title='bbox 1454 1446 1595 1520; x_wconf 77' lang='lat' dir='ltr'><strong>albae</strong></span> 
     </span>
     <span class='ocr_line' id='line_1_19' title="bbox 429 1511 1595 1639; baseline 0.001 -16"><span class='ocrx_word' id='word_1_108' title='bbox 429 1524 618 1638; x_wconf 59' lang='grc' dir='ltr'><strong>ἓξὲξ..</strong></span> <span class='ocrx_word' id='word_1_109' title='bbox 626 1512 854 1639; x_wconf 52' lang='grc' dir='ltr'><strong>13ρέῗὲ</strong></span> <span class='ocrx_word' id='word_1_110' title='bbox 865 1511 1595 1638; x_wconf 53' lang='lat' dir='ltr'><strong>dsszffizusgffisffissf</strong></span> 
     </span>
     <span class='ocr_line' id='line_1_20' title="bbox 429 1639 1594 1703; baseline 0.001 -16"><span class='ocrx_word' id='word_1_111' title='bbox 429 1639 538 1699; x_wconf 89' lang='lat' dir='ltr'><strong>bus,</strong></span> <span class='ocrx_word' id='word_1_112' title='bbox 561 1640 754 1697; x_wconf 85' lang='lat' dir='ltr'><strong>abeunt,</strong></span> <span class='ocrx_word' id='word_1_113' title='bbox 785 1642 904 1697; x_wconf 84' lang='lat'>1223</span> <span class='ocrx_word' id='word_1_114' title='bbox 995 1648 1070 1688; x_wconf 91' lang='lat' dir='ltr'><strong>ost</strong></span> <span class='ocrx_word' id='word_1_115' title='bbox 1097 1648 1304 1688; x_wconf 87' lang='lat' dir='ltr'><strong>mortem</strong></span> <span class='ocrx_word' id='word_1_116' title='bbox 1337 1656 1470 1703; x_wconf 75' lang='lat' dir='ltr'><strong>aegri</strong></span> <span class='ocrx_word' id='word_1_117' title='bbox 1455 1640 1594 1689; x_wconf 86' lang='lat' dir='ltr'><strong>ali-</strong></span> 
     </span>
    </p>

    <p class='ocr_par' dir='ltr' id='par_1_5' title="bbox 432 1656 1593 1767">
     <span class='ocr_line' id='line_1_21' title="bbox 432 1656 1593 1767; baseline 0.001 -15"><span class='ocrx_word' id='word_1_118' title='bbox 432 1704 628 1767; x_wconf 84' lang='lat' dir='ltr'><strong>quando</strong></span> <span class='ocrx_word' id='word_1_119' title='bbox 649 1705 898 1753; x_wconf 83' lang='lat' dir='ltr'><strong>elevantur</strong></span> <span class='ocrx_word' id='word_1_120' title='bbox 891 1656 1012 1752; x_wconf 50' lang='grc' dir='ltr'><strong>ἶιιηέ</strong></span> <span class='ocrx_word' id='word_1_121' title='bbox 981 1706 1076 1752; x_wconf 89' lang='lat' dir='ltr'><strong>huc</strong></span> <span class='ocrx_word' id='word_1_122' title='bbox 1097 1712 1145 1753; x_wconf 92' lang='lat' dir='ltr'><strong>et</strong></span> <span class='ocrx_word' id='word_1_123' title='bbox 1165 1705 1442 1763; x_wconf 87' lang='lat' dir='ltr'><strong>rubescunt,</strong></span> <span class='ocrx_word' id='word_1_124' title='bbox 1471 1706 1593 1763; x_wconf 82' lang='lat'>1263</span> 
     </span>
    </p>

    <p class='ocr_par' dir='ltr' id='par_1_6' title="bbox 431 1768 1593 1892">
     <span class='ocr_line' id='line_1_22' title="bbox 431 1768 1593 1892; baseline 0.001 -75"><span class='ocrx_word' id='word_1_125' title='bbox 431 1784 740 1891; x_wconf 47' lang='lat' dir='ltr'><strong>regegcpssae</strong></span> <span class='ocrx_word' id='word_1_126' title='bbox 766 1785 848 1881; x_wconf 53' lang='grc' dir='ltr'><strong>εἶτ</strong></span> <span class='ocrx_word' id='word_1_127' title='bbox 864 1768 1058 1881; x_wconf 50' lang='grc' dir='ltr'><strong>Ῑιῒιὲοὲε,</strong></span> <span class='ocrx_word' id='word_1_128' title='bbox 1078 1769 1593 1892; x_wconf 37' lang='lat' dir='ltr'><strong>,vfllwevffiguationibus</strong></span> 
     </span>
     <span class='ocr_line' id='line_1_23' title="bbox 431 1848 1078 1882; baseline -0.002 0"><span class='ocrx_word' id='word_1_129' title='bbox 431 1848 658 1882; x_wconf 75' lang='lat' dir='ltr'><strong>mens</strong></span> <span class='ocrx_word' id='word_1_130' title='bbox 729 1850 781 1881; x_wconf 83' lang='lat' dir='ltr'><strong>m</strong></span> <span class='ocrx_word' id='word_1_131' title='bbox 847 1850 902 1881; x_wconf 82' lang='lat' dir='ltr'><strong>ac</strong></span> <span class='ocrx_word' id='word_1_132' title='bbox 953 1850 986 1880; x_wconf 89' lang='lat' dir='ltr'><strong>n</strong></span> <span class='ocrx_word' id='word_1_133' title='bbox 1021 1848 1078 1881; x_wconf 86' lang='lat' dir='ltr'><strong>ae</strong></span> 
     </span>
    </p>

    <p class='ocr_par' dir='ltr' id='par_1_7' title="bbox 433 1850 1595 2012">
     <span class='ocr_line' id='line_1_24' title="bbox 457 1850 1595 1963; baseline 0.002 -17.075"><span class='ocrx_word' id='word_1_134' title='bbox 457 1850 884 1947; x_wconf 57' lang='lat' dir='ltr'><strong>Putrefagtiones</strong></span> <span class='ocrx_word' id='word_1_135' title='bbox 924 1898 1188 1947; x_wconf 86' lang='lat' dir='ltr'><strong>humorum</strong></span> <span class='ocrx_word' id='word_1_136' title='bbox 1233 1898 1426 1948; x_wconf 79' lang='lat' dir='ltr'>morbos</span> <span class='ocrx_word' id='word_1_137' title='bbox 1479 1914 1595 1963; x_wconf 84' lang='lat' dir='ltr'><strong>pro-</strong></span> 
     </span>
     <span class='ocr_line' id='line_1_25' title="bbox 433 1963 734 2020; baseline -0.004 -8"><span class='ocrx_word' id='word_1_138' title='bbox 433 1963 634 2020; x_wconf 88' lang='lat' dir='ltr'><strong>ducunt,</strong></span> <span class='ocrx_word' id='word_1_139' title='bbox 655 1964 734 2013; x_wconf 93' lang='grc'><strong>26.</strong></span> 
     </span>
    </p>

    <p class='ocr_par' dir='ltr' id='par_1_8' title="bbox 434 2026 1595 2220">
     <span class='ocr_line' id='line_1_26' title="bbox 499 2026 1595 2090; baseline -0.002 -14"><span class='ocrx_word' id='word_1_140' title='bbox 499 2028 746 2077; x_wconf 66' lang='lat' dir='ltr'><strong>Pri-rama</strong></span> <span class='ocrx_word' id='word_1_141' title='bbox 772 2026 907 2090; x_wconf 73' lang='lat' dir='ltr'><strong>(Da)</strong></span> <span class='ocrx_word' id='word_1_142' title='bbox 941 2027 1124 2076; x_wconf 71' lang='lat' dir='ltr'><strong>Fauna</strong></span> <span class='ocrx_word' id='word_1_143' title='bbox 1152 2027 1418 2075; x_wconf 72' lang='lat' dir='ltr'><strong>Vaarous</strong></span> <span class='ocrx_word' id='word_1_144' title='bbox 1451 2027 1595 2075; x_wconf 75' lang='lat' dir='ltr'><strong>Cou-</strong></span> 
     </span>
     <span class='ocr_line' id='line_1_27' title="bbox 434 2094 1595 2155; baseline 0.003 -15"><span class='ocrx_word' id='word_1_145' title='bbox 434 2104 769 2140; x_wconf 72' lang='lat' dir='ltr'><strong>nnus-rmus</strong></span> <span class='ocrx_word' id='word_1_146' title='bbox 813 2105 1274 2155; x_wconf 70' lang='lat' dir='ltr'><strong>sursavsmanrs,</strong></span> <span class='ocrx_word' id='word_1_147' title='bbox 1321 2094 1595 2145; x_wconf 81' lang='grc'><strong>513-520.</strong></span> 
     </span>
     <span class='ocr_line' id='line_1_28' title="bbox 436 2156 881 2255; baseline -0.004 -50"><span class='ocrx_word' id='word_1_148' title='bbox 436 2156 526 2255; x_wconf 55' lang='lat' dir='ltr'><strong>[cf.</strong></span> <span class='ocrx_word' id='word_1_149' title='bbox 552 2156 881 2219; x_wconf 62' lang='lat' dir='ltr'><strong>Secundaria]</strong></span> 
     </span>
    </p>

    <p class='ocr_par' dir='ltr' id='par_1_9' title="bbox 433 2220 1603 3704">
     <span class='ocr_line' id='line_1_29' title="bbox 505 2220 1595 2285; baseline -0.002 -13"><span class='ocrx_word' id='word_1_150' title='bbox 505 2226 770 2273; x_wconf 67' lang='lat' dir='ltr'><strong>Quartana</strong></span> <span class='ocrx_word' id='word_1_151' title='bbox 791 2222 945 2270; x_wconf 82' lang='lat' dir='ltr'><strong>febres</strong></span> <span class='ocrx_word' id='word_1_152' title='bbox 966 2236 1206 2285; x_wconf 75' lang='lat' dir='ltr'><strong>quaenam</strong></span> <span class='ocrx_word' id='word_1_153' title='bbox 1239 2220 1475 2279; x_wconf 84' lang='lat' dir='ltr'><strong>dicantur,</strong></span> <span class='ocrx_word' id='word_1_154' title='bbox 1499 2220 1595 2278; x_wconf 86' lang='grc' dir='ltr'><strong>7ος</strong></span> 
     </span>
     <span class='ocr_line' id='line_1_30' title="bbox 435 2285 1594 2349; baseline 0 -16"><span class='ocrx_word' id='word_1_155' title='bbox 435 2289 640 2347; x_wconf 70' lang='lat' dir='ltr'><strong>triplices</strong></span> <span class='ocrx_word' id='word_1_156' title='bbox 669 2288 864 2349; x_wconf 86' lang='lat' dir='ltr'><strong>quando</strong></span> <span class='ocrx_word' id='word_1_157' title='bbox 895 2286 1133 2343; x_wconf 83' lang='lat' dir='ltr'><strong>dicantur,</strong></span> <span class='ocrx_word' id='word_1_158' title='bbox 1158 2285 1250 2342; x_wconf 86' lang='lat'><strong>703</strong></span> <span class='ocrx_word' id='word_1_159' title='bbox 1285 2285 1474 2334; x_wconf 87' lang='lat' dir='ltr'><strong>soboles</strong></span> <span class='ocrx_word' id='word_1_160' title='bbox 1508 2301 1594 2334; x_wconf 89' lang='lat' dir='ltr'><strong>au·</strong></span> 
     </span>
     <span class='ocr_line' id='line_1_31' title="bbox 435 2321 1598 2427; baseline 0 -28"><span class='ocrx_word' id='word_1_161' title='bbox 435 2351 594 2399; x_wconf 87' lang='lat' dir='ltr'><strong>tumni</strong></span> <span class='ocrx_word' id='word_1_162' title='bbox 637 2352 850 2413; x_wconf 80' lang='lat' dir='ltr'><strong>genuina</strong></span> <span class='ocrx_word' id='word_1_163' title='bbox 889 2358 1018 2409; x_wconf 80' lang='lat' dir='ltr'><strong>sunt,</strong></span> <span class='ocrx_word' id='word_1_164' title='bbox 1063 2352 1138 2407; x_wconf 88' lang='grc'><strong>16,</strong></span> <span class='ocrx_word' id='word_1_165' title='bbox 1187 2321 1280 2407; x_wconf 75' lang='lat'>76⁹3</span> <span class='ocrx_word' id='word_1_166' title='bbox 1327 2364 1505 2427; x_wconf 39' lang='lat' dir='ltr'><strong>ousque</strong></span> <span class='ocrx_word' id='word_1_167' title='bbox 1534 2352 1598 2399; x_wconf 87' lang='lat' dir='ltr'><strong>ad</strong></span> 
     </span>
     <span class='ocr_line' id='line_1_32' title="bbox 435 2382 1597 2477; baseline 0 -14"><span class='ocrx_word' id='word_1_168' title='bbox 435 2415 664 2477; x_wconf 77' lang='lat' dir='ltr'><strong>hyemem</strong></span> <span class='ocrx_word' id='word_1_169' title='bbox 694 2422 970 2471; x_wconf 79' lang='lat' dir='ltr'><strong>excurrunt,</strong></span> <span class='ocrx_word' id='word_1_170' title='bbox 994 2414 1073 2461; x_wconf 80' lang='lat' dir='ltr'><strong>vel</strong></span> <span class='ocrx_word' id='word_1_171' title='bbox 1108 2382 1338 2463; x_wconf 82' lang='lat' dir='ltr'><strong>duorum&#39;</strong></span> <span class='ocrx_word' id='word_1_172' title='bbox 1349 2416 1597 2463; x_wconf 83' lang='lat' dir='ltr'><strong>mensium</strong></span> 
     </span>
     <span class='ocr_line' id='line_1_33' title="bbox 435 2479 1597 2543; baseline 0.001 -15"><span class='ocrx_word' id='word_1_173' title='bbox 435 2479 590 2542; x_wconf 87' lang='lat' dir='ltr'><strong>spatio</strong></span> <span class='ocrx_word' id='word_1_174' title='bbox 613 2494 810 2528; x_wconf 86' lang='lat' dir='ltr'><strong>cursum</strong></span> <span class='ocrx_word' id='word_1_175' title='bbox 841 2494 986 2528; x_wconf 87' lang='lat' dir='ltr'><strong>suum</strong></span> <span class='ocrx_word' id='word_1_176' title='bbox 1017 2479 1292 2536; x_wconf 84' lang='lat' dir='ltr'><strong>absolvunt,</strong></span> <span class='ocrx_word' id='word_1_177' title='bbox 1316 2481 1406 2536; x_wconf 72' lang='lat'><strong>323</strong></span> <span class='ocrx_word' id='word_1_178' title='bbox 1443 2496 1597 2543; x_wconf 84' lang='lat' dir='ltr'><strong>aeque</strong></span> 
     </span>
     <span class='ocr_line' id='line_1_34' title="bbox 433 2516 1595 2608; baseline 0.001 -16"><span class='ocrx_word' id='word_1_179' title='bbox 433 2559 492 2592; x_wconf 78' lang='lat' dir='ltr'><strong>ac</strong></span> <span class='ocrx_word' id='word_1_180' title='bbox 513 2545 748 2600; x_wconf 73' lang='lat' dir='ltr'><strong>veniales,</strong></span> <span class='ocrx_word' id='word_1_181' title='bbox 765 2544 982 2593; x_wconf 82' lang='lat' dir='ltr'><strong>Naturae</strong></span> <span class='ocrx_word' id='word_1_182' title='bbox 995 2545 1154 2608; x_wconf 83' lang='lat' dir='ltr'><strong>potius</strong></span> <span class='ocrx_word' id='word_1_183' title='bbox 1169 2516 1595 2605; x_wconf 77' lang='lat' dir='ltr'><strong>commendandae,</strong></span> 
     </span>
     <span class='ocr_line' id='line_1_35' title="bbox 435 2607 1597 2674; baseline 0 -17"><span class='ocrx_word' id='word_1_184' title='bbox 435 2610 527 2665; x_wconf 82' lang='lat'><strong>833</strong></span> <span class='ocrx_word' id='word_1_185' title='bbox 562 2609 614 2657; x_wconf 87' lang='lat' dir='ltr'><strong>in</strong></span> <span class='ocrx_word' id='word_1_186' title='bbox 637 2609 832 2657; x_wconf 84' lang='lat' dir='ltr'><strong>senibus</strong></span> <span class='ocrx_word' id='word_1_187' title='bbox 855 2623 968 2657; x_wconf 77' lang='lat' dir='ltr'><strong>vero</strong></span> <span class='ocrx_word' id='word_1_188' title='bbox 989 2615 1105 2657; x_wconf 89' lang='lat' dir='ltr'><strong>sunt</strong></span> <span class='ocrx_word' id='word_1_189' title='bbox 1122 2607 1437 2672; x_wconf 80' lang='lat' dir='ltr'><strong>periculosae,</strong></span> <span class='ocrx_word' id='word_1_190' title='bbox 1453 2625 1597 2674; x_wconf 85' lang='lat' dir='ltr'><strong>prse-</strong></span> 
     </span>
     <span class='ocr_line' id='line_1_36' title="bbox 435 2672 1089 2732; baseline 0.002 -11"><span class='ocrx_word' id='word_1_191' title='bbox 435 2673 604 2722; x_wconf 87' lang='lat' dir='ltr'><strong>sertim</strong></span> <span class='ocrx_word' id='word_1_192' title='bbox 638 2672 961 2732; x_wconf 75' lang='lat' dir='ltr'><strong>autumnales,</strong></span> <span class='ocrx_word' id='word_1_193' title='bbox 995 2676 1089 2730; x_wconf 78' lang='lat'><strong>843</strong></span> 
     </span>
     <span class='ocr_line' id='line_1_37' title="bbox 435 2738 1599 2802; baseline -0.001 -15"><span class='ocrx_word' id='word_1_194' title='bbox 435 2739 555 2787; x_wconf 87' lang='lat' dir='ltr'><strong>olim</strong></span> <span class='ocrx_word' id='word_1_195' title='bbox 581 2738 930 2802; x_wconf 78' lang='lat' dir='ltr'><strong>frequentiores</strong></span> <span class='ocrx_word' id='word_1_196' title='bbox 959 2745 1108 2795; x_wconf 84' lang='lat' dir='ltr'><strong>erant,</strong></span> <span class='ocrx_word' id='word_1_197' title='bbox 1132 2739 1218 2786; x_wconf 87' lang='lat' dir='ltr'><strong>sed</strong></span> <span class='ocrx_word' id='word_1_198' title='bbox 1246 2753 1372 2786; x_wconf 86' lang='lat' dir='ltr'><strong>anno</strong></span> <span class='ocrx_word' id='word_1_199' title='bbox 1395 2738 1474 2790; x_wconf 92' lang='grc'><strong>’78</strong></span> <span class='ocrx_word' id='word_1_200' title='bbox 1500 2747 1599 2787; x_wconf 81' lang='lat' dir='ltr'><strong>ter-</strong></span> 
     </span>
     <span class='ocr_line' id='line_1_38' title="bbox 434 2803 1597 2866; baseline 0.002 -14"><span class='ocrx_word' id='word_1_201' title='bbox 434 2805 594 2852; x_wconf 84' lang='lat' dir='ltr'><strong>tianae</strong></span> <span class='ocrx_word' id='word_1_202' title='bbox 629 2811 715 2866; x_wconf 73' lang='lat' dir='ltr'><strong>aut</strong></span> <span class='ocrx_word' id='word_1_203' title='bbox 747 2803 1054 2866; x_wconf 84' lang='lat' dir='ltr'><strong>quotidianae</strong></span> <span class='ocrx_word' id='word_1_204' title='bbox 1083 2803 1441 2866; x_wconf 72' lang='lat' dir='ltr'><strong>grassabantur,</strong></span> <span class='ocrx_word' id='word_1_205' title='bbox 1472 2803 1597 2861; x_wconf 88' lang='grc'><strong>279,</strong></span> 
     </span>
     <span class='ocr_line' id='line_1_39' title="bbox 437 2868 1597 2932; baseline 0 -16"><span class='ocrx_word' id='word_1_206' title='bbox 437 2877 673 2932; x_wconf 80' lang='lat' dir='ltr'><strong>quartana</strong></span> <span class='ocrx_word' id='word_1_207' title='bbox 709 2868 1022 2917; x_wconf 84' lang='lat' dir='ltr'><strong>sanissimum</strong></span> <span class='ocrx_word' id='word_1_208' title='bbox 1065 2868 1188 2916; x_wconf 88' lang='lat' dir='ltr'><strong>corri</strong></span> <span class='ocrx_word' id='word_1_209' title='bbox 1223 2883 1301 2916; x_wconf 92' lang='lat' dir='ltr'><strong>ere</strong></span> <span class='ocrx_word' id='word_1_210' title='bbox 1339 2875 1513 2931; x_wconf 87' lang='lat' dir='ltr'><strong>potest,</strong></span> <span class='ocrx_word' id='word_1_211' title='bbox 1555 2869 1597 2916; x_wconf 89' lang='lat' dir='ltr'><strong>si</strong></span> 
     </span>
     <span class='ocr_line' id='line_1_40' title="bbox 437 2884 1599 2995; baseline -0.002 -13"><span class='ocrx_word' id='word_1_212' title='bbox 437 2933 584 2982; x_wconf 88' lang='lat' dir='ltr'><strong>modo</strong></span> <span class='ocrx_word' id='word_1_213' title='bbox 619 2935 739 2982; x_wconf 87' lang='lat' dir='ltr'><strong>duos</strong></span> <span class='ocrx_word' id='word_1_214' title='bbox 771 2941 930 2982; x_wconf 84' lang='lat' dir='ltr'><strong>tresve</strong></span> <span class='ocrx_word' id='word_1_215' title='bbox 965 2933 1066 2982; x_wconf 82' lang='lat' dir='ltr'><strong>dies</strong></span> <span class='ocrx_word' id='word_1_216' title='bbox 1099 2933 1154 2980; x_wconf 89' lang='lat' dir='ltr'><strong>in</strong></span> <span class='ocrx_word' id='word_1_217' title='bbox 1189 2884 1312 2980; x_wconf 61' lang='lat' dir='ltr'><strong>focis</strong></span> <span class='ocrx_word' id='word_1_218' title='bbox 1348 2933 1599 2995; x_wconf 76' lang='lat' dir='ltr'><strong>paludosis</strong></span> 
     </span>
     <span class='ocr_line' id='line_1_41' title="bbox 437 2998 1596 3061; baseline -0.001 -15"><span class='ocrx_word' id='word_1_219' title='bbox 437 2998 606 3060; x_wconf 76' lang='lat' dir='ltr'><strong>egerit,</strong></span> <span class='ocrx_word' id='word_1_220' title='bbox 627 2999 750 3055; x_wconf 76' lang='lat'>3783</span> <span class='ocrx_word' id='word_1_221' title='bbox 779 2998 942 3060; x_wconf 84' lang='lat' dir='ltr'><strong>qualia</strong></span> <span class='ocrx_word' id='word_1_222' title='bbox 961 2998 1118 3061; x_wconf 84' lang='lat' dir='ltr'><strong>pariat</strong></span> <span class='ocrx_word' id='word_1_223' title='bbox 1138 3003 1479 3060; x_wconf 72' lang='lat' dir='ltr'><strong>emptorum,</strong></span> <span class='ocrx_word' id='word_1_224' title='bbox 1506 2999 1596 3054; x_wconf 82' lang='lat'><strong>74;</strong></span> 
     </span>
     <span class='ocr_line' id='line_1_42' title="bbox 439 3061 1600 3124; baseline 0.001 -15"><span class='ocrx_word' id='word_1_225' title='bbox 439 3063 712 3110; x_wconf 87' lang='lat' dir='ltr'><strong>diuturnior</strong></span> <span class='ocrx_word' id='word_1_226' title='bbox 749 3063 977 3110; x_wconf 84' lang='lat' dir='ltr'><strong>humores</strong></span> <span class='ocrx_word' id='word_1_227' title='bbox 1005 3063 1281 3124; x_wconf 87' lang='lat' dir='ltr'><strong>inquinans,</strong></span> <span class='ocrx_word' id='word_1_228' title='bbox 1317 3061 1600 3110; x_wconf 79' lang='lat' dir='ltr'><strong>cachexiam</strong></span> 
     </span>
     <span class='ocr_line' id='line_1_43' title="bbox 437 3125 1596 3190; baseline 0 -16"><span class='ocrx_word' id='word_1_229' title='bbox 437 3127 630 3189; x_wconf 84' lang='lat' dir='ltr'><strong>aliaque</strong></span> <span class='ocrx_word' id='word_1_230' title='bbox 650 3127 782 3176; x_wconf 86' lang='lat' dir='ltr'><strong>mala</strong></span> <span class='ocrx_word' id='word_1_231' title='bbox 801 3128 1004 3184; x_wconf 82' lang='lat' dir='ltr'><strong>inducit,</strong></span> <span class='ocrx_word' id='word_1_232' title='bbox 1028 3127 1150 3183; x_wconf 77' lang='lat'>3783</span> <span class='ocrx_word' id='word_1_233' title='bbox 1186 3125 1493 3174; x_wconf 87' lang='lat' dir='ltr'><strong>Medicorum</strong></span> <span class='ocrx_word' id='word_1_234' title='bbox 1509 3142 1596 3190; x_wconf 83' lang='lat' dir='ltr'><strong>op-</strong></span> 
     </span>
     <span class='ocr_line' id='line_1_44' title="bbox 437 3162 1601 3254; baseline -0.002 -14"><span class='ocrx_word' id='word_1_235' title='bbox 437 3193 703 3253; x_wconf 87' lang='lat' dir='ltr'><strong>probrium,</strong></span> <span class='ocrx_word' id='word_1_236' title='bbox 729 3193 824 3248; x_wconf 87' lang='lat'><strong>823</strong></span> <span class='ocrx_word' id='word_1_237' title='bbox 859 3198 910 3240; x_wconf 88' lang='lat' dir='ltr'><strong>et</strong></span> <span class='ocrx_word' id='word_1_238' title='bbox 927 3207 1095 3254; x_wconf 86' lang='lat' dir='ltr'><strong>quare,</strong></span> <span class='ocrx_word' id='word_1_239' title='bbox 1118 3162 1240 3248; x_wconf 75' lang='lat'>2&#39;823</span> <span class='ocrx_word' id='word_1_240' title='bbox 1279 3207 1426 3254; x_wconf 89' lang='lat' dir='ltr'><strong>quem</strong></span> <span class='ocrx_word' id='word_1_241' title='bbox 1448 3191 1601 3240; x_wconf 89' lang='lat' dir='ltr'><strong>semel</strong></span> 
     </span>
     <span class='ocr_line' id='line_1_45' title="bbox 437 3254 1603 3319; baseline 0.001 -17"><span class='ocrx_word' id='word_1_242' title='bbox 437 3257 680 3314; x_wconf 88' lang='lat' dir='ltr'><strong>cruciarit,</strong></span> <span class='ocrx_word' id='word_1_243' title='bbox 716 3256 811 3304; x_wconf 86' lang='lat' dir='ltr'><strong>alia</strong></span> <span class='ocrx_word' id='word_1_244' title='bbox 845 3257 951 3304; x_wconf 87' lang='lat' dir='ltr'><strong>vice</strong></span> <span class='ocrx_word' id='word_1_245' title='bbox 984 3271 1082 3304; x_wconf 90' lang='lat' dir='ltr'><strong>non</strong></span> <span class='ocrx_word' id='word_1_246' title='bbox 1115 3254 1328 3305; x_wconf 90' lang='lat' dir='ltr'><strong>multum</strong></span> <span class='ocrx_word' id='word_1_247' title='bbox 1359 3256 1603 3319; x_wconf 80' lang='lat' dir='ltr'><strong>fatigabit,</strong></span> 
     </span>
     <span class='ocr_line' id='line_1_46' title="bbox 439 3319 1601 3383; baseline -0.002 -12"><span class='ocrx_word' id='word_1_248' title='bbox 439 3319 530 3376; x_wconf 82' lang='grc'><strong>74;</strong></span> <span class='ocrx_word' id='word_1_249' title='bbox 566 3337 674 3368; x_wconf 80' lang='lat' dir='ltr'><strong>ann.</strong></span> <span class='ocrx_word' id='word_1_250' title='bbox 701 3323 861 3369; x_wconf 84' lang='lat'>’61—&#39;</span> <span class='ocrx_word' id='word_1_251' title='bbox 867 3323 932 3368; x_wconf 87' lang='grc'><strong>64</strong></span> <span class='ocrx_word' id='word_1_252' title='bbox 955 3321 1227 3369; x_wconf 86' lang='lat' dir='ltr'><strong>autumnali</strong></span> <span class='ocrx_word' id='word_1_253' title='bbox 1252 3328 1467 3383; x_wconf 87' lang='lat' dir='ltr'><strong>ternpore</strong></span> <span class='ocrx_word' id='word_1_254' title='bbox 1489 3320 1601 3369; x_wconf 87' lang='lat' dir='ltr'><strong>aliis</strong></span> 
     </span>
     <span class='ocr_line' id='line_1_47' title="bbox 437 3385 1599 3448; baseline 0.003 -17"><span class='ocrx_word' id='word_1_255' title='bbox 437 3385 845 3446; x_wconf 80' lang='lat' dir='ltr'><strong>praedominatur,</strong></span> <span class='ocrx_word' id='word_1_256' title='bbox 866 3391 1069 3448; x_wconf 83' lang='lat' dir='ltr'><strong>tumque</strong></span> <span class='ocrx_word' id='word_1_257' title='bbox 1096 3385 1207 3432; x_wconf 81' lang='lat' dir='ltr'><strong>vela</strong></span> <span class='ocrx_word' id='word_1_258' title='bbox 1226 3385 1482 3444; x_wconf 90' lang='lat' dir='ltr'><strong>contrahit,</strong></span> <span class='ocrx_word' id='word_1_259' title='bbox 1506 3387 1599 3444; x_wconf 82' lang='lat'><strong>383</strong></span> 
     </span>
     <span class='ocr_line' id='line_1_48' title="bbox 437 3449 1601 3512; baseline 0.002 -16"><span class='ocrx_word' id='word_1_260' title='bbox 437 3449 680 3510; x_wconf 88' lang='lat' dir='ltr'><strong>quomodo</strong></span> <span class='ocrx_word' id='word_1_261' title='bbox 711 3449 764 3496; x_wconf 87' lang='lat' dir='ltr'><strong>in</strong></span> <span class='ocrx_word' id='word_1_262' title='bbox 795 3464 936 3496; x_wconf 88' lang='lat' dir='ltr'><strong>senes</strong></span> <span class='ocrx_word' id='word_1_263' title='bbox 963 3457 1012 3497; x_wconf 88' lang='lat' dir='ltr'><strong>et</strong></span> <span class='ocrx_word' id='word_1_264' title='bbox 1030 3457 1332 3497; x_wconf 75' lang='lat' dir='ltr'><strong>senescentes</strong></span> <span class='ocrx_word' id='word_1_265' title='bbox 1353 3457 1481 3512; x_wconf 74' lang='lat' dir='ltr'><strong>agat,</strong></span> <span class='ocrx_word' id='word_1_266' title='bbox 1505 3449 1601 3508; x_wconf 88' lang='grc'><strong>74,</strong></span> 
     </span>
     <span class='ocr_line' id='line_1_49' title="bbox 438 3509 1601 3574; baseline 0.003 -15"><span class='ocrx_word' id='word_1_267' title='bbox 438 3513 681 3574; x_wconf 86' lang='lat' dir='ltr'><strong>quomodo</strong></span> <span class='ocrx_word' id='word_1_268' title='bbox 704 3528 732 3559; x_wconf 90' lang='lat' dir='ltr'><strong>a</strong></span> <span class='ocrx_word' id='word_1_269' title='bbox 753 3509 1028 3574; x_wconf 79' lang='lat' dir='ltr'><strong>junioribus</strong></span> <span class='ocrx_word' id='word_1_270' title='bbox 1055 3520 1104 3560; x_wconf 89' lang='lat' dir='ltr'><strong>et</strong></span> <span class='ocrx_word' id='word_1_271' title='bbox 1133 3513 1388 3562; x_wconf 83' lang='lat' dir='ltr'><strong>infantulis</strong></span> <span class='ocrx_word' id='word_1_272' title='bbox 1407 3515 1601 3563; x_wconf 86' lang='lat' dir='ltr'><strong>tenellis</strong></span> 
     </span>
     <span class='ocr_line' id='line_1_50' title="bbox 437 3577 1599 3654; baseline 0.003 -30"><span class='ocrx_word' id='word_1_273' title='bbox 437 3578 634 3634; x_wconf 85' lang='lat' dir='ltr'><strong>feratur,</strong></span> <span class='ocrx_word' id='word_1_274' title='bbox 665 3577 745 3632; x_wconf 97' lang='grc'><strong>74,</strong></span> <span class='ocrx_word' id='word_1_275' title='bbox 781 3579 874 3634; x_wconf 86' lang='lat'><strong>833</strong></span> <span class='ocrx_word' id='word_1_276' title='bbox 911 3593 1008 3640; x_wconf 86' lang='lat' dir='ltr'><strong>qua</strong></span> <span class='ocrx_word' id='word_1_277' title='bbox 1037 3578 1222 3625; x_wconf 83' lang='lat' dir='ltr'><strong>ratione</strong></span> <span class='ocrx_word' id='word_1_278' title='bbox 1237 3593 1337 3654; x_wconf 38' lang='lat' dir='ltr'><strong>‘per</strong></span> <span class='ocrx_word' id='word_1_279' title='bbox 1368 3579 1599 3628; x_wconf 86' lang='lat' dir='ltr'><strong>corticem</strong></span> 
     </span>
     <span class='ocr_line' id='line_1_51' title="bbox 439 3643 1601 3704; baseline 0.003 -14"><span class='ocrx_word' id='word_1_280' title='bbox 439 3643 614 3690; x_wconf 81' lang='lat' dir='ltr'><strong>Peruv.</strong></span> <span class='ocrx_word' id='word_1_281' title='bbox 639 3648 848 3699; x_wconf 87' lang='lat' dir='ltr'><strong>curetur,</strong></span> <span class='ocrx_word' id='word_1_282' title='bbox 871 3644 982 3700; x_wconf 89' lang='grc'><strong>284,</strong></span> <span class='ocrx_word' id='word_1_283' title='bbox 1008 3643 1131 3699; x_wconf 78' lang='lat'>2853</span> <span class='ocrx_word' id='word_1_284' title='bbox 1167 3643 1254 3704; x_wconf 88' lang='lat' dir='ltr'><strong>qui</strong></span> <span class='ocrx_word' id='word_1_285' title='bbox 1285 3643 1400 3691; x_wconf 87' lang='lat' dir='ltr'><strong>huic</strong></span> <span class='ocrx_word' id='word_1_286' title='bbox 1429 3645 1601 3694; x_wconf 89' lang='lat' dir='ltr'><strong>morbo</strong></span> 
     </span>
    </p>

    <p class='ocr_par' dir='ltr' id='par_1_10' title="bbox 430 3706 1600 4283">
     <span class='ocr_line' id='line_1_52' title="bbox 471 3706 1598 3784; baseline 0.003 -30"><span class='ocrx_word' id='word_1_287' title='bbox 471 3707 602 3755; x_wconf 87' lang='lat' dir='ltr'><strong>otius</strong></span> <span class='ocrx_word' id='word_1_288' title='bbox 621 3706 842 3754; x_wconf 84' lang='lat' dir='ltr'><strong>inducias</strong></span> <span class='ocrx_word' id='word_1_289' title='bbox 864 3707 1106 3770; x_wconf 84' lang='lat' dir='ltr'><strong>impetrat,</strong></span> <span class='ocrx_word' id='word_1_290' title='bbox 1126 3722 1278 3784; x_wconf 69' lang='lat' dir='ltr'><strong>quarn</strong></span> <span class='ocrx_word' id='word_1_291' title='bbox 1295 3723 1411 3756; x_wconf 91' lang='lat' dir='ltr'><strong>eum</strong></span> <span class='ocrx_word' id='word_1_292' title='bbox 1433 3709 1598 3757; x_wconf 88' lang='lat' dir='ltr'><strong>debel-</strong></span> 
     </span>
     <span class='ocr_line' id='line_1_53' title="bbox 437 3721 1597 3836; baseline 0.001 -16"><span class='ocrx_word' id='word_1_293' title='bbox 437 3721 522 3829; x_wconf 58' lang='lat' dir='ltr'><strong>fat,</strong></span> <span class='ocrx_word' id='word_1_294' title='bbox 559 3775 654 3828; x_wconf 88' lang='lat'>823</span> <span class='ocrx_word' id='word_1_295' title='bbox 701 3787 791 3820; x_wconf 88' lang='lat' dir='ltr'><strong>nec</strong></span> <span class='ocrx_word' id='word_1_296' title='bbox 835 3788 868 3820; x_wconf 85' lang='lat' dir='ltr'><strong>a</strong></span> <span class='ocrx_word' id='word_1_297' title='bbox 907 3773 1108 3836; x_wconf 87' lang='lat' dir='ltr'><strong>repetito</strong></span> <span class='ocrx_word' id='word_1_298' title='bbox 1151 3772 1342 3835; x_wconf 80' lang='lat' dir='ltr'><strong>saepius</strong></span> <span class='ocrx_word' id='word_1_299' title='bbox 1384 3773 1597 3821; x_wconf 90' lang='lat' dir='ltr'><strong>medica·</strong></span> 
     </span>
     <span class='ocr_line' id='line_1_54' title="bbox 437 3836 1599 3901; baseline -0.002 -15"><span class='ocrx_word' id='word_1_300' title='bbox 437 3844 617 3896; x_wconf 82' lang='lat' dir='ltr'><strong>mento,</strong></span> <span class='ocrx_word' id='word_1_301' title='bbox 642 3837 738 3884; x_wconf 88' lang='lat' dir='ltr'><strong>nisi</strong></span> <span class='ocrx_word' id='word_1_302' title='bbox 769 3836 916 3900; x_wconf 85' lang='lat' dir='ltr'><strong>longo</strong></span> <span class='ocrx_word' id='word_1_303' title='bbox 949 3837 1181 3901; x_wconf 86' lang='lat' dir='ltr'><strong>temporis</strong></span> <span class='ocrx_word' id='word_1_304' title='bbox 1213 3845 1386 3895; x_wconf 87' lang='lat' dir='ltr'><strong>tractu,</strong></span> <span class='ocrx_word' id='word_1_305' title='bbox 1409 3853 1599 3901; x_wconf 83' lang='lat' dir='ltr'><strong>expug-</strong></span> 
     </span>
     <span class='ocr_line' id='line_1_55' title="bbox 438 3902 1598 3964; baseline 0.001 -14"><span class='ocrx_word' id='word_1_306' title='bbox 438 3911 597 3960; x_wconf 88' lang='lat' dir='ltr'><strong>natur,</strong></span> <span class='ocrx_word' id='word_1_307' title='bbox 637 3904 730 3959; x_wconf 81' lang='lat'><strong>823</strong></span> <span class='ocrx_word' id='word_1_308' title='bbox 775 3903 1008 3951; x_wconf 71' lang='lat' dir='ltr'><strong>cathal-sis</strong></span> <span class='ocrx_word' id='word_1_309' title='bbox 1041 3917 1192 3964; x_wconf 89' lang='lat' dir='ltr'><strong>aeque</strong></span> <span class='ocrx_word' id='word_1_310' title='bbox 1221 3902 1321 3950; x_wconf 83' lang='lat' dir='ltr'><strong>fere</strong></span> <span class='ocrx_word' id='word_1_311' title='bbox 1357 3911 1498 3951; x_wconf 90' lang='lat' dir='ltr'><strong>nocet</strong></span> <span class='ocrx_word' id='word_1_312' title='bbox 1540 3919 1598 3951; x_wconf 86' lang='lat' dir='ltr'><strong>ac</strong></span> 
     </span>
     <span class='ocr_line' id='line_1_56' title="bbox 436 3967 1600 4026; baseline 0 -12"><span class='ocrx_word' id='word_1_313' title='bbox 436 3967 778 4026; x_wconf 84' lang='lat' dir='ltr'><strong>venae-sectio,</strong></span> <span class='ocrx_word' id='word_1_314' title='bbox 827 3969 916 4023; x_wconf 88' lang='lat'>803</span> <span class='ocrx_word' id='word_1_315' title='bbox 976 3967 1303 4015; x_wconf 74' lang='lat' dir='ltr'><strong>venae-sectio</strong></span> <span class='ocrx_word' id='word_1_316' title='bbox 1353 3973 1494 4014; x_wconf 90' lang='lat' dir='ltr'><strong>nocet</strong></span> <span class='ocrx_word' id='word_1_317' title='bbox 1544 3967 1600 4014; x_wconf 91' lang='lat' dir='ltr'><strong>in</strong></span> 
     </span>
     <span class='ocr_line' id='line_1_57' title="bbox 430 4031 1597 4093; baseline 0 -13"><span class='ocrx_word' id='word_1_318' title='bbox 430 4032 696 4093; x_wconf 77' lang='lat' dir='ltr'><strong>juvenibus</strong></span> <span class='ocrx_word' id='word_1_319' title='bbox 729 4039 778 4079; x_wconf 91' lang='lat' dir='ltr'><strong>et</strong></span> <span class='ocrx_word' id='word_1_320' title='bbox 807 4033 860 4080; x_wconf 91' lang='lat' dir='ltr'><strong>in</strong></span> <span class='ocrx_word' id='word_1_321' title='bbox 889 4033 1174 4089; x_wconf 88' lang='lat' dir='ltr'><strong>senioribus,</strong></span> <span class='ocrx_word' id='word_1_322' title='bbox 1198 4033 1288 4088; x_wconf 83' lang='grc' dir='ltr'><strong>8ος</strong></span> <span class='ocrx_word' id='word_1_323' title='bbox 1325 4031 1450 4079; x_wconf 67' lang='lat' dir='ltr'><strong>aet-is</strong></span> <span class='ocrx_word' id='word_1_324' title='bbox 1483 4048 1597 4080; x_wconf 90' lang='lat' dir='ltr'><strong>mu-</strong></span> 
     </span>
     <span class='ocr_line' id='line_1_58' title="bbox 437 4096 1600 4159; baseline 0 -15"><span class='ocrx_word' id='word_1_325' title='bbox 437 4097 558 4144; x_wconf 84' lang='lat' dir='ltr'><strong>tatio</strong></span> <span class='ocrx_word' id='word_1_326' title='bbox 578 4096 772 4158; x_wconf 86' lang='lat' dir='ltr'><strong>quando</strong></span> <span class='ocrx_word' id='word_1_327' title='bbox 798 4098 1066 4155; x_wconf 81' lang='lat' dir='ltr'><strong>conveniat,</strong></span> <span class='ocrx_word' id='word_1_328' title='bbox 1089 4103 1139 4145; x_wconf 90' lang='lat' dir='ltr'><strong>et</strong></span> <span class='ocrx_word' id='word_1_329' title='bbox 1160 4111 1322 4159; x_wconf 87' lang='lat' dir='ltr'><strong>quare,</strong></span> <span class='ocrx_word' id='word_1_330' title='bbox 1348 4098 1438 4153; x_wconf 76' lang='lat'><strong>843</strong></span> <span class='ocrx_word' id='word_1_331' title='bbox 1475 4111 1600 4159; x_wconf 88' lang='lat' dir='ltr'><strong>quae</strong></span> 
     </span>
     <span class='ocr_line' id='line_1_59' title="bbox 437 4161 1595 4224; baseline 0.002 -16"><span class='ocrx_word' id='word_1_332' title='bbox 437 4175 528 4208; x_wconf 88' lang='lat' dir='ltr'><strong>suo</strong></span> <span class='ocrx_word' id='word_1_333' title='bbox 549 4169 765 4224; x_wconf 90' lang='lat' dir='ltr'><strong>tempore</strong></span> <span class='ocrx_word' id='word_1_334' title='bbox 787 4161 830 4209; x_wconf 89' lang='lat' dir='ltr'><strong>si</strong></span> <span class='ocrx_word' id='word_1_335' title='bbox 854 4177 952 4210; x_wconf 88' lang='lat' dir='ltr'><strong>non</strong></span> <span class='ocrx_word' id='word_1_336' title='bbox 978 4162 1283 4220; x_wconf 85' lang='lat' dir='ltr'><strong>concedatur,</strong></span> <span class='ocrx_word' id='word_1_337' title='bbox 1308 4161 1428 4224; x_wconf 87' lang='lat' dir='ltr'><strong>quid</strong></span> <span class='ocrx_word' id='word_1_338' title='bbox 1447 4177 1595 4224; x_wconf 82' lang='lat' dir='ltr'><strong>agen-</strong></span> 
     </span>
     <span class='ocr_line' id='line_1_60' title="bbox 437 4226 674 4283; baseline 0.004 -10"><span class='ocrx_word' id='word_1_339' title='bbox 437 4226 572 4283; x_wconf 88' lang='lat' dir='ltr'><strong>dum,</strong></span> <span class='ocrx_word' id='word_1_340' title='bbox 596 4228 674 4274; x_wconf 88' lang='grc'><strong>85.</strong></span> 
     </span>
    </p>

    <p class='ocr_par' dir='ltr' id='par_1_11' title="bbox 436 4289 1599 4549">
     <span class='ocr_line' id='line_1_61' title="bbox 507 4289 1597 4354; baseline -0.002 -14"><span class='ocrx_word' id='word_1_341' title='bbox 507 4292 788 4340; x_wconf 74' lang='lat' dir='ltr'><strong>Qnotidimva</strong></span> <span class='ocrx_word' id='word_1_342' title='bbox 822 4290 969 4339; x_wconf 84' lang='lat' dir='ltr'><strong>febris</strong></span> <span class='ocrx_word' id='word_1_343' title='bbox 1001 4306 1242 4354; x_wconf 81' lang='lat' dir='ltr'><strong>quaenam</strong></span> <span class='ocrx_word' id='word_1_344' title='bbox 1275 4289 1479 4350; x_wconf 82' lang='lat' dir='ltr'><strong>dicatur,</strong></span> <span class='ocrx_word' id='word_1_345' title='bbox 1507 4289 1597 4346; x_wconf 84' lang='lat'><strong>703</strong></span> 
     </span>
     <span class='ocr_line' id='line_1_62' title="bbox 437 4355 1597 4419; baseline 0.002 -17"><span class='ocrx_word' id='word_1_346' title='bbox 437 4355 747 4416; x_wconf 86' lang='lat' dir='ltr'><strong>quotidianae</strong></span> <span class='ocrx_word' id='word_1_347' title='bbox 780 4356 936 4403; x_wconf 84' lang='lat' dir='ltr'><strong>febres</strong></span> <span class='ocrx_word' id='word_1_348' title='bbox 969 4371 1057 4419; x_wconf 90' lang='lat' dir='ltr'><strong>pro</strong></span> <span class='ocrx_word' id='word_1_349' title='bbox 1083 4355 1242 4404; x_wconf 82' lang='lat' dir='ltr'><strong>lubitu</strong></span> <span class='ocrx_word' id='word_1_350' title='bbox 1269 4358 1472 4417; x_wconf 75' lang='lat' dir='ltr'><strong>duplices</strong></span> <span class='ocrx_word' id='word_1_351' title='bbox 1501 4363 1597 4404; x_wconf 76' lang='lat' dir='ltr'><strong>ter-</strong></span> 
     </span>
     <span class='ocr_line' id='line_1_63' title="bbox 437 4420 1599 4494; baseline 0.003 -28"><span class='ocrx_word' id='word_1_352' title='bbox 437 4423 594 4467; x_wconf 77' lang='lat' dir='ltr'><strong>tianae</strong></span> <span class='ocrx_word' id='word_1_353' title='bbox 626 4420 860 4494; x_wconf 81' lang='lat' dir='ltr'><strong>appellari</strong></span> <span class='ocrx_word' id='word_1_354' title='bbox 893 4427 1112 4484; x_wconf 86' lang='lat' dir='ltr'><strong>possunt,</strong></span> <span class='ocrx_word' id='word_1_355' title='bbox 1135 4422 1260 4477; x_wconf 81' lang='grc' dir='ltr'><strong>28ος</strong></span> <span class='ocrx_word' id='word_1_356' title='bbox 1303 4423 1599 4482; x_wconf 78' lang='lat' dir='ltr'><strong>quotidianae</strong></span> 
     </span>
     <span class='ocr_line' id='line_1_64' title="bbox 436 4483 1596 4549; baseline 0.004 -19"><span class='ocrx_word' id='word_1_357' title='bbox 436 4483 698 4548; x_wconf 84' lang='lat' dir='ltr'><strong>improprie</strong></span> <span class='ocrx_word' id='word_1_358' title='bbox 730 4485 990 4547; x_wconf 82' lang='lat' dir='ltr'><strong>aliquando</strong></span> <span class='ocrx_word' id='word_1_359' title='bbox 1025 4485 1345 4549; x_wconf 85' lang='lat' dir='ltr'><strong>appellantur,</strong></span> <span class='ocrx_word' id='word_1_360' title='bbox 1371 4500 1495 4549; x_wconf 81' lang='lat' dir='ltr'><strong>quae</strong></span> <span class='ocrx_word' id='word_1_361' title='bbox 1517 4485 1596 4535; x_wconf 86' lang='lat' dir='ltr'><strong>vel</strong></span> 
     </span>
    </p>
   </div>
   <div class='ocr_carea' id='block_1_3' title="bbox 1145 2675 1648 2736">
    <p class='ocr_par' dir='ltr' id='par_1_12' title="bbox 1145 2675 1648 2736">
     <span class='ocr_line' id='line_1_65' title="bbox 1145 2675 1648 2736; baseline 0.006 -16"><span class='ocrx_word' id='word_1_362' title='bbox 1145 2680 1408 2736; x_wconf 82' lang='lat' dir='ltr'><strong>quartanae</strong></span> <span class='ocrx_word' id='word_1_363' title='bbox 1440 2675 1598 2723; x_wconf 82' lang='lat' dir='ltr'><strong>febres</strong></span> <span class='ocrx_word' id='word_1_364' title='bbox 1646 2677 1648 2680; x_wconf 53' lang='lat'><em>⁴</em></span> 
     </span>
    </p>
   </div>
   <div class='ocr_carea' id='block_1_4' title="bbox 1329 254 1963 319">
    <p class='ocr_par' dir='ltr' id='par_1_13' title="bbox 1329 254 1963 319">
     <span class='ocr_line' id='line_1_66' title="bbox 1329 254 1963 319; baseline 0 -2"><span class='ocrx_word' id='word_1_365' title='bbox 1329 254 1589 318; x_wconf 82' lang='lat' dir='ltr'>INDEX</span> <span class='ocrx_word' id='word_1_366' title='bbox 1628 256 1963 319; x_wconf 56' lang='lat' dir='ltr'>RERUM:</span> 
     </span>
    </p>
   </div>
   <div class='ocr_carea' id='block_1_5' title="bbox 1676 365 2915 4547">
    <p class='ocr_par' dir='ltr' id='par_1_14' title="bbox 1676 365 2889 535">
     <span class='ocr_line' id='line_1_67' title="bbox 1676 365 2889 535; baseline 0.002 -74"><span class='ocrx_word' id='word_1_367' title='bbox 1676 412 1911 535; x_wconf 49' lang='lat' dir='ltr'><strong>tertiange</strong></span> <span class='ocrx_word' id='word_1_368' title='bbox 1950 365 2188 478; x_wconf 74' lang='lat' dir='ltr'><strong>duplices,</strong></span> <span class='ocrx_word' id='word_1_369' title='bbox 2222 413 2303 463; x_wconf 79' lang='lat' dir='ltr'><strong>vel</strong></span> <span class='ocrx_word' id='word_1_370' title='bbox 2324 410 2603 479; x_wconf 75' lang='lat' dir='ltr'><strong>quartanae</strong></span> <span class='ocrx_word' id='word_1_371' title='bbox 2634 407 2889 519; x_wconf 69' lang='lat' dir='ltr'><strong>triplieoe</strong></span> 
     </span>
     <span class='ocr_line' id='line_1_68' title="bbox 1677 486 1793 527; baseline -0.017 0"><span class='ocrx_word' id='word_1_372' title='bbox 1677 486 1793 527; x_wconf 75' lang='lat' dir='ltr'><strong>sunt</strong></span> 
     </span>
    </p>

    <p class='ocr_par' dir='ltr' id='par_1_15' title="bbox 1744 541 2571 607">
     <span class='ocr_line' id='line_1_69' title="bbox 1744 541 2571 607; baseline 0.008 -18"><span class='ocrx_word' id='word_1_373' title='bbox 1744 541 2078 602; x_wconf 68' lang='lat' dir='ltr'><strong>Racmrms,</strong></span> <span class='ocrx_word' id='word_1_374' title='bbox 2096 541 2230 607; x_wconf 84' lang='lat' dir='ltr'><strong>(Ds)</strong></span> <span class='ocrx_word' id='word_1_375' title='bbox 2256 545 2373 602; x_wconf 94' lang='grc'><strong>596,</strong></span> <span class='ocrx_word' id='word_1_376' title='bbox 2392 544 2505 595; x_wconf 78' lang='grc'><strong>597.</strong></span> <span class='ocrx_word' id='word_1_377' title='bbox 2566 544 2571 548; x_wconf 80' lang='grc'><strong>’</strong></span> 
     </span>
    </p>

    <p class='ocr_par' dir='ltr' id='par_1_16' title="bbox 1678 606 2869 787">
     <span class='ocr_line' id='line_1_70' title="bbox 1745 606 2869 666; baseline 0 -11"><span class='ocrx_word' id='word_1_378' title='bbox 1745 606 1973 657; x_wconf 84' lang='lat' dir='ltr'><strong>Rachitis</strong></span> <span class='ocrx_word' id='word_1_379' title='bbox 1988 623 2104 655; x_wconf 81' lang='lat' dir='ltr'><strong>vera</strong></span> <span class='ocrx_word' id='word_1_380' title='bbox 2118 622 2217 655; x_wconf 86' lang='lat' dir='ltr'><strong>non</strong></span> <span class='ocrx_word' id='word_1_381' title='bbox 2234 614 2310 656; x_wconf 88' lang='lat' dir='ltr'><strong>est</strong></span> <span class='ocrx_word' id='word_1_382' title='bbox 2318 610 2533 658; x_wconf 79' lang='lat' dir='ltr'><strong>curanda</strong></span> <span class='ocrx_word' id='word_1_383' title='bbox 2549 608 2869 666; x_wconf 73' lang='lat' dir='ltr'><strong>cathartiein,</strong></span> 
     </span>
     <span class='ocr_line' id='line_1_71' title="bbox 1678 672 2865 730; baseline 0.003 -11"><span class='ocrx_word' id='word_1_384' title='bbox 1678 672 2103 730; x_wconf 71' lang='grc' dir='ltr'><strong>382;ηο1ιὶιὶᾱὶε</strong></span> <span class='ocrx_word' id='word_1_385' title='bbox 2141 672 2357 721; x_wconf 80' lang='lat' dir='ltr'><strong>febribus</strong></span> <span class='ocrx_word' id='word_1_386' title='bbox 2395 673 2663 722; x_wconf 85' lang='lat' dir='ltr'><strong>infantium</strong></span> <span class='ocrx_word' id='word_1_387' title='bbox 2692 674 2865 722; x_wconf 79' lang='lat' dir='ltr'><strong>inter-</strong></span> 
     </span>
     <span class='ocr_line' id='line_1_72' title="bbox 1678 737 2607 795; baseline 0.001 -11"><span class='ocrx_word' id='word_1_388' title='bbox 1678 737 1804 784; x_wconf 83' lang='lat' dir='ltr'><strong>mitt.</strong></span> <span class='ocrx_word' id='word_1_389' title='bbox 1832 737 2091 786; x_wconf 78' lang='lat' dir='ltr'><strong>succedere</strong></span> <span class='ocrx_word' id='word_1_390' title='bbox 2114 737 2285 785; x_wconf 79' lang='lat' dir='ltr'><strong>solitae</strong></span> <span class='ocrx_word' id='word_1_391' title='bbox 2304 738 2505 795; x_wconf 90' lang='lat' dir='ltr'><strong>curatio,</strong></span> <span class='ocrx_word' id='word_1_392' title='bbox 2528 740 2607 787; x_wconf 89' lang='grc'><strong>89.</strong></span> 
     </span>
    </p>

    <p class='ocr_par' dir='ltr' id='par_1_17' title="bbox 1676 799 2915 924">
     <span class='ocr_line' id='line_1_73' title="bbox 1698 799 2915 877; baseline 0 -28"><span class='ocrx_word' id='word_1_393' title='bbox 1698 799 1973 877; x_wconf 74' lang='lat' dir='ltr'><strong>Rationis</strong></span> <span class='ocrx_word' id='word_1_394' title='bbox 2005 802 2251 850; x_wconf 80' lang='lat' dir='ltr'><strong>humanae</strong></span> <span class='ocrx_word' id='word_1_395' title='bbox 2282 808 2529 851; x_wconf 81' lang='lat' dir='ltr'><strong>momenta</strong></span> <span class='ocrx_word' id='word_1_396' title='bbox 2560 818 2717 869; x_wconf 84' lang='lat' dir='ltr'><strong>quam</strong></span> <span class='ocrx_word' id='word_1_397' title='bbox 2748 802 2871 850; x_wconf 74' lang='lat' dir='ltr'><strong>sint</strong></span> <span class='ocrx_word' id='word_1_398' title='bbox 2910 818 2915 821; x_wconf 94' lang='lat'>·</span> 
     </span>
     <span class='ocr_line' id='line_1_74' title="bbox 1676 864 2387 924; baseline 0.003 -12"><span class='ocrx_word' id='word_1_399' title='bbox 1676 864 1823 913; x_wconf 82' lang='lat' dir='ltr'><strong>varia</strong></span> <span class='ocrx_word' id='word_1_400' title='bbox 1833 872 1883 914; x_wconf 92' lang='lat' dir='ltr'><strong>et</strong></span> <span class='ocrx_word' id='word_1_401' title='bbox 1904 866 2115 924; x_wconf 86' lang='lat' dir='ltr'><strong>subtilia,</strong></span> <span class='ocrx_word' id='word_1_402' title='bbox 2142 868 2253 923; x_wconf 90' lang='grc'><strong>510,</strong></span> <span class='ocrx_word' id='word_1_403' title='bbox 2277 868 2387 915; x_wconf 87' lang='grc'><strong>511.</strong></span> 
     </span>
    </p>

    <p class='ocr_par' dir='ltr' id='par_1_18' title="bbox 1677 928 2865 1311">
     <span class='ocr_line' id='line_1_75' title="bbox 1744 928 2865 993; baseline 0.002 -16"><span class='ocrx_word' id='word_1_404' title='bbox 1744 928 1985 979; x_wconf 79' lang='lat' dir='ltr'><strong>Recidiva</strong></span> <span class='ocrx_word' id='word_1_405' title='bbox 2022 932 2073 979; x_wconf 90' lang='lat' dir='ltr'><strong>in</strong></span> <span class='ocrx_word' id='word_1_406' title='bbox 2108 931 2399 993; x_wconf 78' lang='lat' dir='ltr'><strong>dysenteria,</strong></span> <span class='ocrx_word' id='word_1_407' title='bbox 2442 930 2559 986; x_wconf 86' lang='lat'>1763</span> <span class='ocrx_word' id='word_1_408' title='bbox 2614 930 2666 978; x_wconf 86' lang='lat' dir='ltr'><strong>in</strong></span> <span class='ocrx_word' id='word_1_409' title='bbox 2714 930 2865 979; x_wconf 77' lang='lat' dir='ltr'><strong>febre</strong></span> 
     </span>
     <span class='ocr_line' id='line_1_76' title="bbox 1678 994 2864 1058; baseline 0.002 -17"><span class='ocrx_word' id='word_1_410' title='bbox 1678 994 1859 1042; x_wconf 87' lang='lat' dir='ltr'><strong>contin.</strong></span> <span class='ocrx_word' id='word_1_411' title='bbox 1881 1003 1993 1057; x_wconf 89' lang='lat' dir='ltr'><strong>post</strong></span> <span class='ocrx_word' id='word_1_412' title='bbox 2016 1010 2163 1043; x_wconf 79' lang='lat' dir='ltr'><strong>usum</strong></span> <span class='ocrx_word' id='word_1_413' title='bbox 2196 995 2461 1058; x_wconf 77' lang='lat' dir='ltr'><strong>clysterum</strong></span> <span class='ocrx_word' id='word_1_414' title='bbox 2490 1004 2539 1042; x_wconf 90' lang='lat' dir='ltr'><strong>et</strong></span> <span class='ocrx_word' id='word_1_415' title='bbox 2558 995 2864 1043; x_wconf 75' lang='lat' dir='ltr'><strong>cathartico-</strong></span> 
     </span>
     <span class='ocr_line' id='line_1_77' title="bbox 1677 1059 2865 1116; baseline 0.001 -10"><span class='ocrx_word' id='word_1_416' title='bbox 1677 1074 1805 1116; x_wconf 86' lang='lat' dir='ltr'><strong>rum,</strong></span> <span class='ocrx_word' id='word_1_417' title='bbox 1850 1062 1943 1116; x_wconf 76' lang='lat'><strong>503</strong></span> <span class='ocrx_word' id='word_1_418' title='bbox 1998 1060 2051 1107; x_wconf 91' lang='lat' dir='ltr'><strong>in</strong></span> <span class='ocrx_word' id='word_1_419' title='bbox 2102 1059 2319 1107; x_wconf 81' lang='lat' dir='ltr'><strong>febribus</strong></span> <span class='ocrx_word' id='word_1_420' title='bbox 2372 1060 2619 1110; x_wconf 76' lang='lat' dir='ltr'><strong>intermitt-</strong></span> <span class='ocrx_word' id='word_1_421' title='bbox 2663 1061 2865 1109; x_wconf 80' lang='lat' dir='ltr'><strong>cortice</strong></span> 
     </span>
     <span class='ocr_line' id='line_1_78' title="bbox 1679 1123 2863 1187; baseline 0.001 -17"><span class='ocrx_word' id='word_1_422' title='bbox 1679 1123 1855 1174; x_wconf 84' lang='lat' dir='ltr'><strong>Peruv.</strong></span> <span class='ocrx_word' id='word_1_423' title='bbox 1873 1126 2070 1183; x_wconf 82' lang='lat' dir='ltr'><strong>curatis,</strong></span> <span class='ocrx_word' id='word_1_424' title='bbox 2091 1126 2185 1173; x_wconf 88' lang='grc'><strong>288</strong></span> <span class='ocrx_word' id='word_1_425' title='bbox 2202 1143 2214 1180; x_wconf 92' lang='lat'><strong>3</strong></span> <span class='ocrx_word' id='word_1_426' title='bbox 2236 1125 2292 1172; x_wconf 90' lang='lat' dir='ltr'><strong>in</strong></span> <span class='ocrx_word' id='word_1_427' title='bbox 2310 1124 2607 1187; x_wconf 82' lang='lat' dir='ltr'><strong>gonorrboea</strong></span> <span class='ocrx_word' id='word_1_428' title='bbox 2622 1124 2769 1173; x_wconf 63' lang='grc' dir='ltr'><strong>ιιι-αἱ.</strong></span> <span class='ocrx_word' id='word_1_429' title='bbox 2786 1140 2863 1171; x_wconf 76' lang='lat' dir='ltr'><strong>ex</strong></span> 
     </span>
     <span class='ocr_line' id='line_1_79' title="bbox 1678 1188 2855 1251; baseline 0.002 -16"><span class='ocrx_word' id='word_1_430' title='bbox 1678 1188 1875 1236; x_wconf 86' lang='lat' dir='ltr'><strong>decocto</strong></span> <span class='ocrx_word' id='word_1_431' title='bbox 1907 1188 2173 1251; x_wconf 72' lang='lat' dir='ltr'><strong>lignea-um,</strong></span> <span class='ocrx_word' id='word_1_432' title='bbox 2194 1189 2328 1247; x_wconf 77' lang='lat'>31⁷3</span> <span class='ocrx_word' id='word_1_433' title='bbox 2357 1189 2413 1237; x_wconf 84' lang='lat' dir='ltr'><strong>in</strong></span> <span class='ocrx_word' id='word_1_434' title='bbox 2442 1188 2617 1237; x_wconf 82' lang='lat' dir='ltr'><strong>chorea</strong></span> <span class='ocrx_word' id='word_1_435' title='bbox 2646 1190 2702 1237; x_wconf 86' lang='lat' dir='ltr'><strong>S.</strong></span> <span class='ocrx_word' id='word_1_436' title='bbox 2722 1189 2855 1248; x_wconf 73' lang='lat' dir='ltr'><strong>viti,</strong></span> 
     </span>
     <span class='ocr_line' id='line_1_80' title="bbox 1678 1253 1931 1311; baseline 0.008 -10"><span class='ocrx_word' id='word_1_437' title='bbox 1678 1253 1793 1311; x_wconf 88' lang='grc'><strong>497,</strong></span> <span class='ocrx_word' id='word_1_438' title='bbox 1814 1254 1931 1302; x_wconf 85' lang='grc'><strong>569.</strong></span> 
     </span>
    </p>

    <p class='ocr_par' dir='ltr' id='par_1_19' title="bbox 1678 1317 2865 1768">
     <span class='ocr_line' id='line_1_81' title="bbox 1744 1317 2865 1381; baseline 0 -16"><span class='ocrx_word' id='word_1_439' title='bbox 1744 1317 2062 1381; x_wconf 77' lang='lat' dir='ltr'><strong>Refrigerans</strong></span> <span class='ocrx_word' id='word_1_440' title='bbox 2080 1332 2336 1366; x_wconf 80' lang='lat' dir='ltr'><strong>summum</strong></span> <span class='ocrx_word' id='word_1_441' title='bbox 2368 1322 2443 1366; x_wconf 81' lang='lat' dir='ltr'><strong>est</strong></span> <span class='ocrx_word' id='word_1_442' title='bbox 2472 1318 2709 1366; x_wconf 84' lang='lat' dir='ltr'><strong>catharsis</strong></span> <span class='ocrx_word' id='word_1_443' title='bbox 2736 1324 2865 1381; x_wconf 67' lang='lat' dir='ltr'><strong>post</strong></span> 
     </span>
     <span class='ocr_line' id='line_1_82' title="bbox 1678 1382 2857 1443; baseline 0.001 -14"><span class='ocrx_word' id='word_1_444' title='bbox 1678 1382 2140 1439; x_wconf 78' lang='lat' dir='ltr'><strong>venae-sectionem,</strong></span> <span class='ocrx_word' id='word_1_445' title='bbox 2199 1384 2327 1440; x_wconf 74' lang='lat'>5063</span> <span class='ocrx_word' id='word_1_446' title='bbox 2400 1382 2735 1443; x_wconf 76' lang='lat' dir='ltr'><strong>refrigerantia</strong></span> <span class='ocrx_word' id='word_1_447' title='bbox 2790 1384 2857 1430; x_wconf 81' lang='lat' dir='ltr'><strong>in</strong></span> 
     </span>
     <span class='ocr_line' id='line_1_83' title="bbox 1678 1447 2855 1523; baseline 0.003 -31"><span class='ocrx_word' id='word_1_448' title='bbox 1678 1447 1861 1495; x_wconf 89' lang='lat' dir='ltr'><strong>morbis</strong></span> <span class='ocrx_word' id='word_1_449' title='bbox 1894 1447 2064 1504; x_wconf 86' lang='lat' dir='ltr'><strong>acutis,</strong></span> <span class='ocrx_word' id='word_1_450' title='bbox 2100 1449 2229 1505; x_wconf 83' lang='grc'><strong>232;</strong></span> <span class='ocrx_word' id='word_1_451' title='bbox 2266 1448 2319 1495; x_wconf 87' lang='grc' dir='ltr'><strong>ιιι</strong></span> <span class='ocrx_word' id='word_1_452' title='bbox 2352 1448 2564 1495; x_wconf 84' lang='lat' dir='ltr'><strong>febribus</strong></span> <span class='ocrx_word' id='word_1_453' title='bbox 2598 1447 2855 1523; x_wconf 70' lang='lat' dir='ltr'><strong>malignis.</strong></span> 
     </span>
     <span class='ocr_line' id='line_1_84' title="bbox 1680 1510 2859 1574; baseline 0.002 -17"><span class='ocrx_word' id='word_1_454' title='bbox 1680 1512 1891 1567; x_wconf 72' lang='lat'>5093111</span> <span class='ocrx_word' id='word_1_455' title='bbox 1924 1510 2197 1574; x_wconf 85' lang='lat' dir='ltr'><strong>phrenitide</strong></span> <span class='ocrx_word' id='word_1_456' title='bbox 2229 1512 2456 1569; x_wconf 82' lang='lat' dir='ltr'><strong>instante,</strong></span> <span class='ocrx_word' id='word_1_457' title='bbox 2478 1513 2690 1568; x_wconf 72' lang='lat'>4943511</span> <span class='ocrx_word' id='word_1_458' title='bbox 2724 1512 2859 1573; x_wconf 79' lang='lat' dir='ltr'><strong>pod-</strong></span> 
     </span>
     <span class='ocr_line' id='line_1_85' title="bbox 1680 1575 2863 1639; baseline 0.001 -17"><span class='ocrx_word' id='word_1_459' title='bbox 1680 1590 1809 1636; x_wconf 82' lang='lat' dir='ltr'><strong>agra,</strong></span> <span class='ocrx_word' id='word_1_460' title='bbox 1854 1578 1978 1632; x_wconf 76' lang='lat'>4:353</span> <span class='ocrx_word' id='word_1_461' title='bbox 2034 1583 2230 1624; x_wconf 81' lang='lat' dir='ltr'><strong>externe</strong></span> <span class='ocrx_word' id='word_1_462' title='bbox 2272 1575 2507 1639; x_wconf 86' lang='lat' dir='ltr'><strong>applicita</strong></span> <span class='ocrx_word' id='word_1_463' title='bbox 2555 1576 2863 1637; x_wconf 72' lang='lat' dir='ltr'><strong>periculosa,</strong></span> 
     </span>
     <span class='ocr_line' id='line_1_86' title="bbox 1680 1638 2853 1703; baseline 0 -16"><span class='ocrx_word' id='word_1_464' title='bbox 1680 1638 1811 1695; x_wconf 73' lang='lat'>4473</span> <span class='ocrx_word' id='word_1_465' title='bbox 1842 1639 2177 1701; x_wconf 82' lang='lat' dir='ltr'><strong>refrigerantia</strong></span> <span class='ocrx_word' id='word_1_466' title='bbox 2208 1641 2261 1689; x_wconf 85' lang='lat' dir='ltr'><strong>in</strong></span> <span class='ocrx_word' id='word_1_467' title='bbox 2292 1642 2391 1688; x_wconf 83' lang='lat' dir='ltr'><strong>fine</strong></span> <span class='ocrx_word' id='word_1_468' title='bbox 2422 1640 2581 1689; x_wconf 87' lang='lat' dir='ltr'><strong>morbi</strong></span> <span class='ocrx_word' id='word_1_469' title='bbox 2603 1654 2718 1688; x_wconf 80' lang='lat' dir='ltr'><strong>eum</strong></span> <span class='ocrx_word' id='word_1_470' title='bbox 2738 1654 2853 1703; x_wconf 85' lang='lat' dir='ltr'><strong>pro-</strong></span> 
     </span>
     <span class='ocr_line' id='line_1_87' title="bbox 1680 1704 2853 1768; baseline 0.002 -17"><span class='ocrx_word' id='word_1_471' title='bbox 1680 1704 1894 1767; x_wconf 84' lang='lat' dir='ltr'><strong>trahunt,</strong></span> <span class='ocrx_word' id='word_1_472' title='bbox 1918 1706 2013 1763; x_wconf 79' lang='grc' dir='ltr'><strong>5ος</strong></span> <span class='ocrx_word' id='word_1_473' title='bbox 2044 1704 2195 1768; x_wconf 86' lang='lat' dir='ltr'><strong>idque</strong></span> <span class='ocrx_word' id='word_1_474' title='bbox 2225 1706 2440 1753; x_wconf 83' lang='lat' dir='ltr'><strong>maxime</strong></span> <span class='ocrx_word' id='word_1_475' title='bbox 2466 1705 2520 1753; x_wconf 87' lang='lat' dir='ltr'><strong>in</strong></span> <span class='ocrx_word' id='word_1_476' title='bbox 2540 1705 2853 1768; x_wconf 73' lang='lat' dir='ltr'><strong>grandaevis,</strong></span> 
     </span>
    </p>

    <p class='ocr_par' dir='ltr' id='par_1_20' title="bbox 1681 1832 2861 2411">
     <span class='ocr_line' id='line_1_88' title="bbox 1746 1832 2861 1897; baseline 0 -16"><span class='ocrx_word' id='word_1_477' title='bbox 1746 1833 2039 1897; x_wconf 78' lang='lat' dir='ltr'><strong>Regimen’</strong></span> <span class='ocrx_word' id='word_1_478' title='bbox 2020 1849 2073 1881; x_wconf 86' lang='grc' dir='ltr'><strong>ιιι</strong></span> <span class='ocrx_word' id='word_1_479' title='bbox 2102 1832 2301 1881; x_wconf 75' lang='lat' dir='ltr'><strong>variolis</strong></span> <span class='ocrx_word' id='word_1_480' title='bbox 2323 1833 2468 1897; x_wconf 84' lang='lat' dir='ltr'><strong>quale</strong></span> <span class='ocrx_word' id='word_1_481' title='bbox 2498 1835 2739 1883; x_wconf 78' lang='lat' dir='ltr'><strong>conducat</strong></span> <span class='ocrx_word' id='word_1_482' title='bbox 2766 1834 2861 1881; x_wconf 70' lang='lat' dir='ltr'><strong>ve)</strong></span> 
     </span>
     <span class='ocr_line' id='line_1_89' title="bbox 1681 1896 2857 1975; baseline 0.001 -31"><span class='ocrx_word' id='word_1_483' title='bbox 1681 1896 1903 1975; x_wconf 66' lang='lat' dir='ltr'><strong>obiiciat,</strong></span> <span class='ocrx_word' id='word_1_484' title='bbox 1922 1914 1984 1947; x_wconf 88' lang='lat' dir='ltr'><strong>ex</strong></span> <span class='ocrx_word' id='word_1_485' title='bbox 2017 1913 2115 1959; x_wconf 91' lang='lat' dir='ltr'><strong>quo</strong></span> <span class='ocrx_word' id='word_1_486' title='bbox 2146 1897 2321 1947; x_wconf 88' lang='lat' dir='ltr'><strong>deduci</strong></span> <span class='ocrx_word' id='word_1_487' title='bbox 2352 1899 2537 1957; x_wconf 82' lang='lat' dir='ltr'><strong>debeat,</strong></span> <span class='ocrx_word' id='word_1_488' title='bbox 2564 1902 2676 1957; x_wconf 88' lang='grc'><strong>340,</strong></span> <span class='ocrx_word' id='word_1_489' title='bbox 2714 1900 2857 1953; x_wconf 73' lang='lat'>3413</span> 
     </span>
     <span class='ocr_line' id='line_1_90' title="bbox 1681 1962 2857 2024; baseline 0.002 -15"><span class='ocrx_word' id='word_1_490' title='bbox 1681 1962 1934 2023; x_wconf 85' lang='lat' dir='ltr'><strong>regiminis</strong></span> <span class='ocrx_word' id='word_1_491' title='bbox 1960 1963 2205 2011; x_wconf 83' lang='lat' dir='ltr'><strong>calidioris</strong></span> <span class='ocrx_word' id='word_1_492' title='bbox 2234 1964 2289 2011; x_wconf 90' lang='lat' dir='ltr'><strong>in</strong></span> <span class='ocrx_word' id='word_1_493' title='bbox 2311 1963 2511 2011; x_wconf 82' lang='lat' dir='ltr'><strong>variolis</strong></span> <span class='ocrx_word' id='word_1_494' title='bbox 2542 1966 2857 2024; x_wconf 76' lang='lat' dir='ltr'><strong>noxae,131.</strong></span> 
     </span>
     <span class='ocr_line' id='line_1_91' title="bbox 1687 2028 2859 2087; baseline 0.001 -13"><span class='ocrx_word' id='word_1_495' title='bbox 1687 2028 1795 2083; x_wconf 88' lang='grc'><strong>133,</strong></span> <span class='ocrx_word' id='word_1_496' title='bbox 1823 2028 1931 2084; x_wconf 90' lang='grc'><strong>192,</strong></span> <span class='ocrx_word' id='word_1_497' title='bbox 1955 2030 2067 2084; x_wconf 89' lang='grc'><strong>221,</strong></span> <span class='ocrx_word' id='word_1_498' title='bbox 2104 2028 2215 2087; x_wconf 85' lang='grc'><strong>336,</strong></span> <span class='ocrx_word' id='word_1_499' title='bbox 2243 2028 2355 2085; x_wconf 83' lang='grc'><strong>337,</strong></span> <span class='ocrx_word' id='word_1_500' title='bbox 2392 2030 2521 2083; x_wconf 77' lang='lat'>3433</span> <span class='ocrx_word' id='word_1_501' title='bbox 2555 2036 2603 2075; x_wconf 89' lang='lat' dir='ltr'><strong>et</strong></span> <span class='ocrx_word' id='word_1_502' title='bbox 2632 2029 2686 2075; x_wconf 85' lang='lat' dir='ltr'><strong>in</strong></span> <span class='ocrx_word' id='word_1_503' title='bbox 2714 2028 2859 2075; x_wconf 72' lang='lat' dir='ltr'><strong>febre</strong></span> 
     </span>
     <span class='ocr_line' id='line_1_92' title="bbox 1683 2091 2854 2155; baseline 0.004 -19"><span class='ocrx_word' id='word_1_504' title='bbox 1683 2091 1933 2149; x_wconf 85' lang='lat' dir='ltr'><strong>variolosa,</strong></span> <span class='ocrx_word' id='word_1_505' title='bbox 1974 2094 2082 2149; x_wconf 84' lang='lat'><strong>156,</strong></span> <span class='ocrx_word' id='word_1_506' title='bbox 2124 2092 2245 2150; x_wconf 62' lang='grc'><strong>1573</strong></span> <span class='ocrx_word' id='word_1_507' title='bbox 2296 2092 2348 2139; x_wconf 86' lang='grc' dir='ltr'><strong>ιιι</strong></span> <span class='ocrx_word' id='word_1_508' title='bbox 2388 2092 2673 2155; x_wconf 79' lang='lat' dir='ltr'><strong>dysenteria,</strong></span> <span class='ocrx_word' id='word_1_509' title='bbox 2720 2093 2813 2141; x_wconf 79' lang='lat'><strong>168</strong></span> <span class='ocrx_word' id='word_1_510' title='bbox 2833 2111 2854 2149; x_wconf 72' lang='grc' dir='ltr'>ς</span> 
     </span>
     <span class='ocr_line' id='line_1_93' title="bbox 1681 2155 2855 2219; baseline 0.002 -17"><span class='ocrx_word' id='word_1_511' title='bbox 1681 2155 1733 2202; x_wconf 91' lang='grc' dir='ltr'><strong>ιιι</strong></span> <span class='ocrx_word' id='word_1_512' title='bbox 1777 2156 2031 2213; x_wconf 89' lang='lat' dir='ltr'><strong>morbillis,</strong></span> <span class='ocrx_word' id='word_1_513' title='bbox 2080 2157 2203 2213; x_wconf 87' lang='lat'>1853</span> <span class='ocrx_word' id='word_1_514' title='bbox 2260 2155 2313 2203; x_wconf 89' lang='lat' dir='ltr'><strong>in</strong></span> <span class='ocrx_word' id='word_1_515' title='bbox 2352 2157 2570 2205; x_wconf 83' lang='lat' dir='ltr'><strong>febribus</strong></span> <span class='ocrx_word' id='word_1_516' title='bbox 2601 2156 2855 2219; x_wconf 78' lang='lat' dir='ltr'><strong>plerisque</strong></span> 
     </span>
     <span class='ocr_line' id='line_1_94' title="bbox 1682 2220 2849 2284; baseline 0.001 -17"><span class='ocrx_word' id='word_1_517' title='bbox 1682 2220 1977 2278; x_wconf 85' lang='lat' dir='ltr'><strong>discrimina,</strong></span> <span class='ocrx_word' id='word_1_518' title='bbox 2000 2222 2125 2277; x_wconf 71' lang='lat'>2463</span> <span class='ocrx_word' id='word_1_519' title='bbox 2162 2220 2413 2283; x_wconf 79' lang='lat' dir='ltr'><strong>regiminis</strong></span> <span class='ocrx_word' id='word_1_520' title='bbox 2446 2220 2775 2284; x_wconf 83' lang='lat' dir='ltr'><strong>refrigerantis</strong></span> <span class='ocrx_word' id='word_1_521' title='bbox 2794 2221 2849 2268; x_wconf 89' lang='lat' dir='ltr'><strong>in</strong></span> 
     </span>
     <span class='ocr_line' id='line_1_95' title="bbox 1682 2284 2855 2343; baseline 0.001 -11"><span class='ocrx_word' id='word_1_522' title='bbox 1682 2284 1810 2332; x_wconf 84' lang='lat' dir='ltr'><strong>cutis</strong></span> <span class='ocrx_word' id='word_1_523' title='bbox 1825 2285 2077 2333; x_wconf 82' lang='lat' dir='ltr'><strong>affectibus</strong></span> <span class='ocrx_word' id='word_1_524' title='bbox 2096 2293 2463 2343; x_wconf 87' lang='lat' dir='ltr'><strong>nocumentum,</strong></span> <span class='ocrx_word' id='word_1_525' title='bbox 2481 2288 2573 2333; x_wconf 86' lang='grc'><strong>565</strong></span> <span class='ocrx_word' id='word_1_526' title='bbox 2592 2304 2604 2341; x_wconf 88' lang='lat'><strong>3</strong></span> <span class='ocrx_word' id='word_1_527' title='bbox 2637 2286 2691 2333; x_wconf 87' lang='lat' dir='ltr'><strong>in</strong></span> <span class='ocrx_word' id='word_1_528' title='bbox 2714 2286 2855 2334; x_wconf 77' lang='lat' dir='ltr'><strong>febre</strong></span> 
     </span>
     <span class='ocr_line' id='line_1_96' title="bbox 1682 2348 2849 2411; baseline 0.002 -15"><span class='ocrx_word' id='word_1_529' title='bbox 1682 2348 1921 2398; x_wconf 84' lang='lat' dir='ltr'><strong>variolosa</strong></span> <span class='ocrx_word' id='word_1_530' title='bbox 1940 2350 2211 2411; x_wconf 85' lang='lat' dir='ltr'><strong>commoda,</strong></span> <span class='ocrx_word' id='word_1_531' title='bbox 2236 2352 2326 2403; x_wconf 88' lang='grc'><strong>157</strong></span> <span class='ocrx_word' id='word_1_532' title='bbox 2344 2370 2357 2409; x_wconf 90' lang='lat'><strong>3</strong></span> <span class='ocrx_word' id='word_1_533' title='bbox 2390 2350 2447 2401; x_wconf 82' lang='lat' dir='ltr'><strong>in</strong></span> <span class='ocrx_word' id='word_1_534' title='bbox 2466 2350 2665 2398; x_wconf 78' lang='lat' dir='ltr'><strong>variolis</strong></span> <span class='ocrx_word' id='word_1_535' title='bbox 2684 2350 2849 2408; x_wconf 65' lang='lat' dir='ltr'><strong>const,</strong></span> 
     </span>
    </p>

    <p class='ocr_par' dir='ltr' id='par_1_21' title="bbox 1681 2477 2859 2594">
     <span class='ocr_line' id='line_1_97' title="bbox 1749 2477 2859 2544; baseline 0 -16"><span class='ocrx_word' id='word_1_536' title='bbox 1749 2478 2097 2528; x_wconf 89' lang='lat' dir='ltr'><strong>Remediorum</strong></span> <span class='ocrx_word' id='word_1_537' title='bbox 2113 2477 2365 2544; x_wconf 79' lang='lat' dir='ltr'><strong>ingentem</strong></span> <span class='ocrx_word' id='word_1_538' title='bbox 2375 2478 2565 2544; x_wconf 80' lang='lat' dir='ltr'><strong>sylvam</strong></span> <span class='ocrx_word' id='word_1_539' title='bbox 2582 2494 2735 2544; x_wconf 81' lang='lat' dir='ltr'><strong>quare</strong></span> <span class='ocrx_word' id='word_1_540' title='bbox 2750 2493 2859 2528; x_wconf 81' lang='lat' dir='ltr'><strong>non</strong></span> 
     </span>
     <span class='ocr_line' id='line_1_98' title="bbox 1681 2545 2167 2603; baseline 0.002 -11"><span class='ocrx_word' id='word_1_541' title='bbox 1681 2545 1840 2592; x_wconf 87' lang='lat' dir='ltr'><strong>tradat</strong></span> <span class='ocrx_word' id='word_1_542' title='bbox 1864 2546 2064 2603; x_wconf 88' lang='lat' dir='ltr'><strong>Auctor,</strong></span> <span class='ocrx_word' id='word_1_543' title='bbox 2088 2546 2167 2593; x_wconf 83' lang='lat'><strong>21.</strong></span> 
     </span>
    </p>

    <p class='ocr_par' dir='ltr' id='par_1_22' title="bbox 1750 2607 2589 2672">
     <span class='ocr_line' id='line_1_99' title="bbox 1750 2607 2589 2672; baseline -0.001 -15"><span class='ocrx_word' id='word_1_544' title='bbox 1750 2609 1948 2657; x_wconf 78' lang='lat' dir='ltr'><strong>Renum</strong></span> <span class='ocrx_word' id='word_1_545' title='bbox 1970 2609 2203 2658; x_wconf 85' lang='lat' dir='ltr'><strong>calculus.</strong></span> <span class='ocrx_word' id='word_1_546' title='bbox 2230 2607 2305 2672; x_wconf 81' lang='lat' dir='ltr'><strong>[v.</strong></span> <span class='ocrx_word' id='word_1_547' title='bbox 2330 2607 2589 2672; x_wconf 68' lang='lat' dir='ltr'><strong>Calc-lua]</strong></span> 
     </span>
    </p>

    <p class='ocr_par' dir='ltr' id='par_1_23' title="bbox 1684 2672 2863 2802">
     <span class='ocr_line' id='line_1_100' title="bbox 1750 2672 2863 2739; baseline 0 -18"><span class='ocrx_word' id='word_1_548' title='bbox 1750 2673 2089 2736; x_wconf 84' lang='lat' dir='ltr'><strong>Repellentia’</strong></span> <span class='ocrx_word' id='word_1_549' title='bbox 2075 2690 2129 2722; x_wconf 90' lang='grc' dir='ltr'><strong>ιιι</strong></span> <span class='ocrx_word' id='word_1_550' title='bbox 2142 2675 2371 2738; x_wconf 78' lang='lat' dir='ltr'><strong>podagra,</strong></span> <span class='ocrx_word' id='word_1_551' title='bbox 2389 2680 2593 2723; x_wconf 80' lang='lat' dir='ltr'><strong>externe.</strong></span> <span class='ocrx_word' id='word_1_552' title='bbox 2600 2672 2863 2739; x_wconf 72' lang='lat' dir='ltr'><strong>applicita,</strong></span> 
     </span>
     <span class='ocr_line' id='line_1_101' title="bbox 1684 2737 2619 2802; baseline 0.003 -17"><span class='ocrx_word' id='word_1_553' title='bbox 1684 2737 1803 2801; x_wconf 90' lang='lat' dir='ltr'><strong>quid</strong></span> <span class='ocrx_word' id='word_1_554' title='bbox 1824 2738 1942 2786; x_wconf 88' lang='lat' dir='ltr'><strong>mali</strong></span> <span class='ocrx_word' id='word_1_555' title='bbox 1965 2746 2225 2802; x_wconf 84' lang='lat' dir='ltr'><strong>praestent,</strong></span> <span class='ocrx_word' id='word_1_556' title='bbox 2246 2741 2359 2796; x_wconf 79' lang='grc'><strong>445,</strong></span> <span class='ocrx_word' id='word_1_557' title='bbox 2383 2738 2495 2789; x_wconf 82' lang='grc'><strong>447.</strong></span> <span class='ocrx_word' id='word_1_558' title='bbox 2610 2771 2619 2778; x_wconf 89' lang='grc'><strong>-</strong></span> 
     </span>
    </p>

    <p class='ocr_par' dir='ltr' id='par_1_24' title="bbox 1682 2805 2857 3124">
     <span class='ocr_line' id='line_1_102' title="bbox 1745 2805 2854 2866; baseline 0 -16"><span class='ocrx_word' id='word_1_559' title='bbox 1745 2805 1841 2851; x_wconf 74' lang='lat' dir='ltr'><strong>Res</strong></span> <span class='ocrx_word' id='word_1_560' title='bbox 1871 2820 1951 2852; x_wconf 70' lang='lat' dir='ltr'><strong>sex</strong></span> <span class='ocrx_word' id='word_1_561' title='bbox 1982 2821 2093 2852; x_wconf 78' lang='lat' dir='ltr'><strong>non·</strong></span> <span class='ocrx_word' id='word_1_562' title='bbox 2072 2806 2334 2852; x_wconf 63' lang='lat' dir='ltr'><strong>matur-ales</strong></span> <span class='ocrx_word' id='word_1_563' title='bbox 2364 2808 2625 2866; x_wconf 78' lang='lat' dir='ltr'><strong>peccantes</strong></span> <span class='ocrx_word' id='word_1_564' title='bbox 2648 2817 2854 2865; x_wconf 73' lang='lat' dir='ltr'><strong>corpora</strong></span> 
     </span>
     <span class='ocr_line' id='line_1_103' title="bbox 1683 2867 2851 2931; baseline 0.003 -17"><span class='ocrx_word' id='word_1_565' title='bbox 1683 2875 1847 2915; x_wconf 86' lang='lat' dir='ltr'><strong>nostra</strong></span> <span class='ocrx_word' id='word_1_566' title='bbox 1868 2868 1929 2915; x_wconf 86' lang='lat' dir='ltr'><strong>ad</strong></span> <span class='ocrx_word' id='word_1_567' title='bbox 1950 2867 2099 2930; x_wconf 80' lang='lat' dir='ltr'><strong>hujus</strong></span> <span class='ocrx_word' id='word_1_568' title='bbox 2132 2867 2332 2916; x_wconf 82' lang='lat' dir='ltr'><strong>illiusve</strong></span> <span class='ocrx_word' id='word_1_569' title='bbox 2351 2868 2507 2915; x_wconf 84' lang='lat' dir='ltr'><strong>morbi</strong></span> <span class='ocrx_word' id='word_1_570' title='bbox 2530 2867 2737 2931; x_wconf 80' lang='lat' dir='ltr'><strong>epidem.</strong></span> <span class='ocrx_word' id='word_1_571' title='bbox 2760 2883 2851 2930; x_wconf 74' lang='lat' dir='ltr'><strong>ge-</strong></span> 
     </span>
     <span class='ocr_line' id='line_1_104' title="bbox 1682 2932 2853 2996; baseline 0.002 -18"><span class='ocrx_word' id='word_1_572' title='bbox 1682 2933 1983 2980; x_wconf 86' lang='lat' dir='ltr'><strong>nerationem</strong></span> <span class='ocrx_word' id='word_1_573' title='bbox 2012 2932 2291 2996; x_wconf 86' lang='lat' dir='ltr'><strong>disponunt,</strong></span> <span class='ocrx_word' id='word_1_574' title='bbox 2316 2935 2407 2988; x_wconf 81' lang='lat'><strong>813</strong></span> <span class='ocrx_word' id='word_1_575' title='bbox 2442 2932 2529 2994; x_wconf 85' lang='lat' dir='ltr'><strong>qui</strong></span> <span class='ocrx_word' id='word_1_576' title='bbox 2558 2933 2716 2980; x_wconf 81' lang='lat' dir='ltr'><strong>morbi</strong></span> <span class='ocrx_word' id='word_1_577' title='bbox 2740 2942 2853 2980; x_wconf 82' lang='lat' dir='ltr'><strong>tum</strong></span> 
     </span>
     <span class='ocr_line' id='line_1_105' title="bbox 1682 2995 2857 3061; baseline 0.003 -18"><span class='ocrx_word' id='word_1_578' title='bbox 1682 2995 1807 3044; x_wconf 74' lang='lat' dir='ltr'><strong>varii</strong></span> <span class='ocrx_word' id='word_1_579' title='bbox 1838 2997 2122 3045; x_wconf 85' lang='lat' dir='ltr'><strong>exoriuntur</strong></span> <span class='ocrx_word' id='word_1_580' title='bbox 2153 3012 2240 3061; x_wconf 90' lang='lat' dir='ltr'><strong>pro</strong></span> <span class='ocrx_word' id='word_1_581' title='bbox 2273 2997 2621 3046; x_wconf 78' lang='lat' dir='ltr'><strong>constitutione</strong></span> <span class='ocrx_word' id='word_1_582' title='bbox 2651 2996 2771 3046; x_wconf 84' lang='lat' dir='ltr'><strong>anni</strong></span> <span class='ocrx_word' id='word_1_583' title='bbox 2802 3003 2857 3046; x_wconf 71' lang='lat' dir='ltr'><strong>et</strong></span> 
     </span>
     <span class='ocr_line' id='line_1_106' title="bbox 1682 3061 2502 3124; baseline 0.004 -17"><span class='ocrx_word' id='word_1_584' title='bbox 1682 3061 1947 3108; x_wconf 88' lang='lat' dir='ltr'><strong>humorum</strong></span> <span class='ocrx_word' id='word_1_585' title='bbox 1969 3062 2231 3124; x_wconf 79' lang='lat' dir='ltr'><strong>dyscrasia,</strong></span> <span class='ocrx_word' id='word_1_586' title='bbox 2253 3064 2366 3118; x_wconf 90' lang='grc'><strong>240,</strong></span> <span class='ocrx_word' id='word_1_587' title='bbox 2391 3063 2502 3112; x_wconf 89' lang='grc'><strong>241.</strong></span> 
     </span>
    </p>

    <p class='ocr_par' dir='ltr' id='par_1_25' title="bbox 1683 3124 2855 3254">
     <span class='ocr_line' id='line_1_107' title="bbox 1748 3124 2855 3202; baseline 0.001 -29"><span class='ocrx_word' id='word_1_588' title='bbox 1748 3125 2029 3188; x_wconf 85' lang='lat' dir='ltr'><strong>Respiratio</strong></span> <span class='ocrx_word' id='word_1_589' title='bbox 2058 3127 2113 3174; x_wconf 89' lang='lat' dir='ltr'><strong>in</strong></span> <span class='ocrx_word' id='word_1_590' title='bbox 2143 3126 2404 3202; x_wconf 89' lang='lat' dir='ltr'><strong>pleuritide</strong></span> <span class='ocrx_word' id='word_1_591' title='bbox 2434 3124 2681 3174; x_wconf 80' lang='lat' dir='ltr'><strong>essentiali</strong></span> <span class='ocrx_word' id='word_1_592' title='bbox 2712 3133 2855 3174; x_wconf 73' lang='lat' dir='ltr'><strong>metu</strong></span> 
     </span>
     <span class='ocr_line' id='line_1_108' title="bbox 1683 3190 2534 3254; baseline 0.002 -17"><span class='ocrx_word' id='word_1_593' title='bbox 1683 3190 1835 3238; x_wconf 89' lang='lat' dir='ltr'><strong>tussis</strong></span> <span class='ocrx_word' id='word_1_594' title='bbox 1856 3192 1917 3238; x_wconf 91' lang='lat' dir='ltr'><strong>ab</strong></span> <span class='ocrx_word' id='word_1_595' title='bbox 1938 3205 2081 3253; x_wconf 84' lang='lat' dir='ltr'><strong>aegro</strong></span> <span class='ocrx_word' id='word_1_596' title='bbox 2102 3192 2399 3254; x_wconf 81' lang='lat' dir='ltr'><strong>reprimitur,</strong></span> <span class='ocrx_word' id='word_1_597' title='bbox 2424 3193 2534 3239; x_wconf 91' lang='grc'><strong>245.</strong></span> 
     </span>
    </p>

    <p class='ocr_par' dir='ltr' id='par_1_26' title="bbox 1684 3254 2853 3441">
     <span class='ocr_line' id='line_1_109' title="bbox 1750 3254 2853 3319; baseline 0.001 -18"><span class='ocrx_word' id='word_1_598' title='bbox 1750 3254 2123 3304; x_wconf 81' lang='lat' dir='ltr'><strong>Rhabarbarum</strong></span> <span class='ocrx_word' id='word_1_599' title='bbox 2169 3257 2225 3304; x_wconf 89' lang='lat' dir='ltr'><strong>in</strong></span> <span class='ocrx_word' id='word_1_600' title='bbox 2277 3256 2555 3319; x_wconf 81' lang='lat' dir='ltr'><strong>dysenteria</strong></span> <span class='ocrx_word' id='word_1_601' title='bbox 2606 3255 2713 3302; x_wconf 84' lang='lat' dir='ltr'><strong>aine</strong></span> <span class='ocrx_word' id='word_1_602' title='bbox 2752 3255 2853 3302; x_wconf 80' lang='lat' dir='ltr'><strong>alio</strong></span> 
     </span>
     <span class='ocr_line' id='line_1_110' title="bbox 1684 3319 2853 3383; baseline 0.001 -16"><span class='ocrx_word' id='word_1_603' title='bbox 1684 3326 1923 3382; x_wconf 78' lang='lat' dir='ltr'><strong>purgante</strong></span> <span class='ocrx_word' id='word_1_604' title='bbox 1944 3319 2044 3368; x_wconf 90' lang='lat' dir='ltr'><strong>leni</strong></span> <span class='ocrx_word' id='word_1_605' title='bbox 2064 3321 2353 3380; x_wconf 83' lang='lat' dir='ltr'><strong>exhibitum,</strong></span> <span class='ocrx_word' id='word_1_606' title='bbox 2376 3336 2528 3383; x_wconf 84' lang='lat' dir='ltr'><strong>quare</strong></span> <span class='ocrx_word' id='word_1_607' title='bbox 2546 3335 2647 3367; x_wconf 87' lang='lat' dir='ltr'><strong>non</strong></span> <span class='ocrx_word' id='word_1_608' title='bbox 2667 3321 2853 3368; x_wconf 84' lang='lat' dir='ltr'><strong>condu-</strong></span> 
     </span>
     <span class='ocr_line' id='line_1_111' title="bbox 1684 3383 2843 3441; baseline 0.001 -9"><span class='ocrx_word' id='word_1_609' title='bbox 1684 3391 1781 3441; x_wconf 88' lang='lat' dir='ltr'><strong>cat,</strong></span> <span class='ocrx_word' id='word_1_610' title='bbox 1806 3384 1895 3434; x_wconf 91' lang='grc'><strong>171</strong></span> <span class='ocrx_word' id='word_1_611' title='bbox 1915 3403 1928 3440; x_wconf 89' lang='lat'><strong>3</strong></span> <span class='ocrx_word' id='word_1_612' title='bbox 1962 3401 2077 3433; x_wconf 88' lang='lat' dir='ltr'><strong>cum</strong></span> <span class='ocrx_word' id='word_1_613' title='bbox 2104 3385 2334 3438; x_wconf 77' lang='lat' dir='ltr'><strong>cerevisia</strong></span> <span class='ocrx_word' id='word_1_614' title='bbox 2354 3387 2407 3433; x_wconf 90' lang='lat' dir='ltr'><strong>in</strong></span> <span class='ocrx_word' id='word_1_615' title='bbox 2426 3383 2711 3440; x_wconf 83' lang='lat' dir='ltr'><strong>infantibus,</strong></span> <span class='ocrx_word' id='word_1_616' title='bbox 2730 3385 2843 3433; x_wconf 81' lang='grc'><strong>504.</strong></span> 
     </span>
    </p>

    <p class='ocr_par' dir='ltr' id='par_1_27' title="bbox 1683 3447 2851 3700">
     <span class='ocr_line' id='line_1_112' title="bbox 1751 3447 2847 3498; baseline 0 -2"><span class='ocrx_word' id='word_1_617' title='bbox 1751 3447 2069 3497; x_wconf 87' lang='lat' dir='ltr'><strong>Rheumatici</strong></span> <span class='ocrx_word' id='word_1_618' title='bbox 2102 3449 2291 3498; x_wconf 86' lang='lat' dir='ltr'><strong>dolores</strong></span> <span class='ocrx_word' id='word_1_619' title='bbox 2330 3449 2541 3498; x_wconf 89' lang='lat' dir='ltr'><strong>nimium</strong></span> <span class='ocrx_word' id='word_1_620' title='bbox 2574 3465 2605 3496; x_wconf 85' lang='lat' dir='ltr'><strong>a</strong></span> <span class='ocrx_word' id='word_1_621' title='bbox 2636 3449 2761 3496; x_wconf 84' lang='lat' dir='ltr'><strong>lecto</strong></span> <span class='ocrx_word' id='word_1_622' title='bbox 2792 3449 2847 3496; x_wconf 85' lang='lat' dir='ltr'><strong>in</strong></span> 
     </span>
     <span class='ocr_line' id='line_1_113' title="bbox 1684 3513 2851 3576; baseline -0.001 -15"><span class='ocrx_word' id='word_1_623' title='bbox 1684 3513 1900 3561; x_wconf 86' lang='lat' dir='ltr'><strong>febribus</strong></span> <span class='ocrx_word' id='word_1_624' title='bbox 1930 3513 2131 3576; x_wconf 89' lang='lat' dir='ltr'><strong>epidem.</strong></span> <span class='ocrx_word' id='word_1_625' title='bbox 2156 3515 2456 3570; x_wconf 85' lang='lat' dir='ltr'><strong>abstinendo,</strong></span> <span class='ocrx_word' id='word_1_626' title='bbox 2480 3513 2595 3561; x_wconf 88' lang='lat' dir='ltr'><strong>oriri</strong></span> <span class='ocrx_word' id='word_1_627' title='bbox 2629 3519 2851 3576; x_wconf 71' lang='lat' dir='ltr'><strong>possunt,</strong></span> 
     </span>
     <span class='ocr_line' id='line_1_114' title="bbox 1684 3578 2849 3641; baseline 0 -15"><span class='ocrx_word' id='word_1_628' title='bbox 1684 3579 1776 3626; x_wconf 86' lang='lat'><strong>211</strong></span> <span class='ocrx_word' id='word_1_629' title='bbox 1798 3597 1809 3633; x_wconf 90' lang='lat'><strong>3</strong></span> <span class='ocrx_word' id='word_1_630' title='bbox 1844 3578 2043 3640; x_wconf 84' lang='lat' dir='ltr'><strong>quidam</strong></span> <span class='ocrx_word' id='word_1_631' title='bbox 2072 3594 2161 3641; x_wconf 89' lang='lat' dir='ltr'><strong>pro</strong></span> <span class='ocrx_word' id='word_1_632' title='bbox 2194 3580 2411 3628; x_wconf 89' lang='lat' dir='ltr'><strong>scorbuti</strong></span> <span class='ocrx_word' id='word_1_633' title='bbox 2439 3578 2849 3641; x_wconf 83' lang='lat' dir='ltr'><strong>symptomatibus</strong></span> 
     </span>
     <span class='ocr_line' id='line_1_115' title="bbox 1683 3643 2073 3700; baseline -0.003 -9"><span class='ocrx_word' id='word_1_634' title='bbox 1683 3643 1938 3700; x_wconf 87' lang='lat' dir='ltr'><strong>habentur,</strong></span> <span class='ocrx_word' id='word_1_635' title='bbox 1963 3645 2073 3692; x_wconf 91' lang='grc'><strong>259.</strong></span> 
     </span>
    </p>

    <p class='ocr_par' dir='ltr' id='par_1_28' title="bbox 1686 3707 2855 3830">
     <span class='ocr_line' id='line_1_116' title="bbox 1752 3707 2855 3772; baseline 0.001 -17"><span class='ocrx_word' id='word_1_636' title='bbox 1752 3707 2175 3768; x_wconf 63' lang='lat' dir='ltr'><strong>Raecius-riano,</strong></span> <span class='ocrx_word' id='word_1_637' title='bbox 2206 3707 2341 3772; x_wconf 75' lang='lat' dir='ltr'><strong>(Dr-z)</strong></span> <span class='ocrx_word' id='word_1_638' title='bbox 2374 3709 2651 3766; x_wconf 86' lang='grc'><strong>255-261,</strong></span> <span class='ocrx_word' id='word_1_639' title='bbox 2684 3709 2855 3756; x_wconf 90' lang='grc'><strong>299-</strong></span> 
     </span>
     <span class='ocr_line' id='line_1_117' title="bbox 1686 3773 2076 3830; baseline -0.003 -8"><span class='ocrx_word' id='word_1_640' title='bbox 1686 3775 1797 3830; x_wconf 87' lang='grc'><strong>303,</strong></span> <span class='ocrx_word' id='word_1_641' title='bbox 1824 3773 1936 3830; x_wconf 89' lang='grc'><strong>556,</strong></span> <span class='ocrx_word' id='word_1_642' title='bbox 1962 3775 2076 3824; x_wconf 87' lang='grc'><strong>557.</strong></span> 
     </span>
    </p>

    <p class='ocr_par' dir='ltr' id='par_1_29' title="bbox 1682 3836 2865 4547">
     <span class='ocr_line' id='line_1_118' title="bbox 1750 3836 2848 3900; baseline 0 -16"><span class='ocrx_word' id='word_1_643' title='bbox 1750 3837 2159 3885; x_wconf 85' lang='lat' dir='ltr'><strong>Rheumatismus</strong></span> <span class='ocrx_word' id='word_1_644' title='bbox 2180 3853 2209 3885; x_wconf 86' lang='lat' dir='ltr'><strong>a</strong></span> <span class='ocrx_word' id='word_1_645' title='bbox 2233 3837 2550 3900; x_wconf 81' lang='lat' dir='ltr'><strong>scriptoribus</strong></span> <span class='ocrx_word' id='word_1_646' title='bbox 2580 3836 2848 3900; x_wconf 83' lang='lat' dir='ltr'><strong>neglectus,</strong></span> 
     </span>
     <span class='ocr_line' id='line_1_119' title="bbox 1687 3901 2847 3960; baseline -0.001 -11"><span class='ocrx_word' id='word_1_647' title='bbox 1687 3903 1815 3959; x_wconf 74' lang='lat'>2563</span> <span class='ocrx_word' id='word_1_648' title='bbox 1865 3901 2200 3950; x_wconf 84' lang='lat' dir='ltr'><strong>rheumatismi</strong></span> <span class='ocrx_word' id='word_1_649' title='bbox 2236 3902 2454 3960; x_wconf 83' lang='lat' dir='ltr'><strong>historia,</strong></span> <span class='ocrx_word' id='word_1_650' title='bbox 2469 3902 2595 3958; x_wconf 78' lang='lat'>2563</span> <span class='ocrx_word' id='word_1_651' title='bbox 2644 3901 2847 3959; x_wconf 82' lang='lat' dir='ltr'><strong>curatio,</strong></span> 
     </span>
     <span class='ocr_line' id='line_1_120' title="bbox 1687 3965 2847 4030; baseline -0.003 -16"><span class='ocrx_word' id='word_1_652' title='bbox 1687 3968 1800 4024; x_wconf 89' lang='grc'><strong>257,</strong></span> <span class='ocrx_word' id='word_1_653' title='bbox 1822 3968 1917 4014; x_wconf 88' lang='grc'><strong>556</strong></span> <span class='ocrx_word' id='word_1_654' title='bbox 1937 3986 1949 4023; x_wconf 89' lang='lat'><strong>3</strong></span> <span class='ocrx_word' id='word_1_655' title='bbox 1985 3966 2225 4030; x_wconf 84' lang='lat' dir='ltr'><strong>anodynis</strong></span> <span class='ocrx_word' id='word_1_656' title='bbox 2262 3966 2443 4029; x_wconf 81' lang='lat' dir='ltr'><strong>figitur,</strong></span> <span class='ocrx_word' id='word_1_657' title='bbox 2470 3973 2519 4014; x_wconf 89' lang='lat' dir='ltr'><strong>et</strong></span> <span class='ocrx_word' id='word_1_658' title='bbox 2538 3965 2847 4028; x_wconf 80' lang='lat' dir='ltr'><strong>protrahitur,</strong></span> 
     </span>
     <span class='ocr_line' id='line_1_121' title="bbox 1686 4031 2853 4088; baseline -0.002 -9"><span class='ocrx_word' id='word_1_659' title='bbox 1686 4033 1809 4087; x_wconf 79' lang='lat'>2583</span> <span class='ocrx_word' id='word_1_660' title='bbox 1846 4047 1873 4079; x_wconf 88' lang='lat' dir='ltr'><strong>a</strong></span> <span class='ocrx_word' id='word_1_661' title='bbox 1896 4031 2055 4080; x_wconf 91' lang='lat' dir='ltr'><strong>calore</strong></span> <span class='ocrx_word' id='word_1_662' title='bbox 2087 4031 2201 4080; x_wconf 84' lang='lat' dir='ltr'><strong>lecti</strong></span> <span class='ocrx_word' id='word_1_663' title='bbox 2234 4031 2521 4088; x_wconf 84' lang='lat' dir='ltr'><strong>intenditur,</strong></span> <span class='ocrx_word' id='word_1_664' title='bbox 2543 4032 2667 4086; x_wconf 79' lang='lat'>2583</span> <span class='ocrx_word' id='word_1_665' title='bbox 2700 4031 2853 4078; x_wconf 73' lang='lat' dir='ltr'><strong>febris</strong></span> 
     </span>
     <span class='ocr_line' id='line_1_122' title="bbox 1684 4095 2854 4160; baseline -0.002 -16"><span class='ocrx_word' id='word_1_666' title='bbox 1684 4111 1774 4160; x_wconf 90' lang='lat' dir='ltr'><strong>pro</strong></span> <span class='ocrx_word' id='word_1_667' title='bbox 1811 4097 1979 4144; x_wconf 90' lang='lat' dir='ltr'><strong>morbo</strong></span> <span class='ocrx_word' id='word_1_668' title='bbox 2020 4095 2252 4159; x_wconf 83' lang='lat' dir='ltr'><strong>primario</strong></span> <span class='ocrx_word' id='word_1_669' title='bbox 2294 4096 2531 4154; x_wconf 82' lang='lat' dir='ltr'><strong>habenda,</strong></span> <span class='ocrx_word' id='word_1_670' title='bbox 2570 4097 2696 4150; x_wconf 79' lang='lat'>2393</span> <span class='ocrx_word' id='word_1_671' title='bbox 2750 4109 2854 4142; x_wconf 83' lang='lat' dir='ltr'><strong>non</strong></span> 
     </span>
     <span class='ocr_line' id='line_1_123' title="bbox 1686 4160 2851 4224; baseline -0.002 -16"><span class='ocrx_word' id='word_1_672' title='bbox 1686 4160 1855 4209; x_wconf 87' lang='lat' dir='ltr'><strong>eodem</strong></span> <span class='ocrx_word' id='word_1_673' title='bbox 1888 4161 2069 4223; x_wconf 76' lang='lat' dir='ltr'><strong>vigore,</strong></span> <span class='ocrx_word' id='word_1_674' title='bbox 2104 4161 2237 4208; x_wconf 85' lang='lat' dir='ltr'><strong>febre</strong></span> <span class='ocrx_word' id='word_1_675' title='bbox 2269 4160 2487 4224; x_wconf 79' lang='lat' dir='ltr'><strong>depulsa,</strong></span> <span class='ocrx_word' id='word_1_676' title='bbox 2518 4160 2731 4216; x_wconf 75' lang='lat' dir='ltr'><strong>lacessit,</strong></span> <span class='ocrx_word' id='word_1_677' title='bbox 2750 4175 2851 4206; x_wconf 80' lang='lat' dir='ltr'><strong>mm</strong></span> 
     </span>
     <span class='ocr_line' id='line_1_124' title="bbox 1684 4225 2855 4282; baseline -0.001 -10"><span class='ocrx_word' id='word_1_678' title='bbox 1684 4233 1849 4272; x_wconf 86' lang='lat' dir='ltr'><strong>tamen</strong></span> <span class='ocrx_word' id='word_1_679' title='bbox 1865 4225 1974 4274; x_wconf 91' lang='lat' dir='ltr'><strong>ideo</strong></span> <span class='ocrx_word' id='word_1_680' title='bbox 1996 4227 2392 4281; x_wconf 76' lang='lat' dir='ltr'><strong>contemnendus,</strong></span> <span class='ocrx_word' id='word_1_681' title='bbox 2411 4227 2523 4282; x_wconf 87' lang='grc'><strong>256,</strong></span> <span class='ocrx_word' id='word_1_682' title='bbox 2541 4225 2664 4280; x_wconf 82' lang='grc'><strong>556;</strong></span> <span class='ocrx_word' id='word_1_683' title='bbox 2689 4239 2855 4272; x_wconf 84' lang='lat' dir='ltr'><strong>mem-</strong></span> 
     </span>
     <span class='ocr_line' id='line_1_125' title="bbox 1683 4290 2854 4352; baseline -0.002 -15"><span class='ocrx_word' id='word_1_684' title='bbox 1683 4290 1771 4338; x_wconf 84' lang='lat' dir='ltr'><strong>bra</strong></span> <span class='ocrx_word' id='word_1_685' title='bbox 1808 4297 1947 4338; x_wconf 89' lang='lat' dir='ltr'><strong>motu</strong></span> <span class='ocrx_word' id='word_1_686' title='bbox 1984 4291 2119 4339; x_wconf 87' lang='lat' dir='ltr'><strong>omni</strong></span> <span class='ocrx_word' id='word_1_687' title='bbox 2155 4305 2296 4352; x_wconf 85' lang='lat' dir='ltr'><strong>saepe</strong></span> <span class='ocrx_word' id='word_1_688' title='bbox 2336 4291 2400 4338; x_wconf 86' lang='lat' dir='ltr'><strong>ad</strong></span> <span class='ocrx_word' id='word_1_689' title='bbox 2442 4296 2651 4337; x_wconf 82' lang='lat' dir='ltr'><strong>mortem</strong></span> <span class='ocrx_word' id='word_1_690' title='bbox 2691 4304 2854 4352; x_wconf 85' lang='lat' dir='ltr'><strong>usque</strong></span> 
     </span>
     <span class='ocr_line' id='line_1_126' title="bbox 1684 4354 2852 4420; baseline -0.003 -17"><span class='ocrx_word' id='word_1_691' title='bbox 1684 4356 1858 4420; x_wconf 79' lang='lat' dir='ltr'><strong>privat,</strong></span> <span class='ocrx_word' id='word_1_692' title='bbox 1882 4357 2005 4410; x_wconf 77' lang='lat'>2563</span> <span class='ocrx_word' id='word_1_693' title='bbox 2042 4361 2213 4417; x_wconf 88' lang='lat' dir='ltr'><strong>sponte</strong></span> <span class='ocrx_word' id='word_1_694' title='bbox 2243 4371 2383 4418; x_wconf 86' lang='lat' dir='ltr'><strong>saepe</strong></span> <span class='ocrx_word' id='word_1_695' title='bbox 2416 4355 2613 4402; x_wconf 85' lang='lat' dir='ltr'><strong>tandem</strong></span> <span class='ocrx_word' id='word_1_696' title='bbox 2648 4354 2852 4411; x_wconf 82' lang='lat' dir='ltr'><strong>desistit,</strong></span> 
     </span>
     <span class='ocr_line' id='line_1_127' title="bbox 1686 4419 2853 4483; baseline 0 -15"><span class='ocrx_word' id='word_1_697' title='bbox 1686 4421 1813 4477; x_wconf 91' lang='grc'><strong>256,</strong></span> <span class='ocrx_word' id='word_1_698' title='bbox 1849 4420 2113 4483; x_wconf 79' lang='lat' dir='ltr'><strong>podagram</strong></span> <span class='ocrx_word' id='word_1_699' title='bbox 2144 4419 2407 4483; x_wconf 86' lang='lat' dir='ltr'><strong>aliquando</strong></span> <span class='ocrx_word' id='word_1_700' title='bbox 2436 4419 2689 4476; x_wconf 85' lang='lat' dir='ltr'><strong>mentitur,</strong></span> <span class='ocrx_word' id='word_1_701' title='bbox 2726 4419 2853 4474; x_wconf 76' lang='lat'>4173</span> 
     </span>
     <span class='ocr_line' id='line_1_128' title="bbox 1682 4483 2865 4547; baseline 0 -13"><span class='ocrx_word' id='word_1_702' title='bbox 1682 4485 2061 4542; x_wconf 78' lang='lat' dir='ltr'><strong>rheumatismus</strong></span> <span class='ocrx_word' id='word_1_703' title='bbox 2102 4485 2398 4536; x_wconf 82' lang='lat' dir='ltr'><strong>inveteratus</strong></span> <span class='ocrx_word' id='word_1_704' title='bbox 2431 4483 2675 4547; x_wconf 85' lang='lat' dir='ltr'><strong>quomodo</strong></span> <span class='ocrx_word' id='word_1_705' title='bbox 2716 4489 2865 4541; x_wconf 68' lang='lat' dir='ltr'><strong>trac·—</strong></span> 
     </span>
    </p>
   </div>
  </div>
 </body>
</html>
