3138 5006
746 278 884 341 504
1401 274 1794 341 THOMAE
1849 273 2372 339 SYDENHAM

438 444 647 493 DnNov
614 458 718 493 vu
750 436 843 519 (in
871 435 1081 520 eapite
1108 434 1423 500 DeF'ebre
1446 436 1892 499 Intermittenti
1931 434 2170 518 [Epist.
2193 435 2489 516 Refflom.
2510 436 2570 497 I.
2599 436 2636 521 ξ
2669 434 2820 501 29,
2785 459 2820 520 J
2851 456 2975 519 pro

438 572 464 621 1
470 510 707 621 Ρξζῑζω
741 538 1103 603 infantibus
1132 538 1574 621 descriptum,)
1611 535 2012 602 exhibeatur

838 642 1005 726 [33.]
1062 642 1209 706 Hoc
1258 642 1329 704 in
1386 642 1528 705 loco
1577 641 1842 723 insuper
1893 646 1992 704 est
2043 638 2714 720 animadvertendum,
2761 642 2970 725 qnod,

737 744 893 809 licet
930 744 1213 809 infantes
1254 743 1410 807 huic
1448 741 1674 807 Febris
1717 742 1940 825 generi
1977 762 2181 825 aeque
2217 763 2367 806 cum
2405 743 2648 807 adultis
2689 743 2970 807 obnoxii

739 846 889 925 sint,
916 866 989 911 ac
1017 846 1287 929 proinde
1314 844 1455 929 pari
1482 866 1634 908 cum
1663 844 1786 907 illis
1815 843 2123 907 methodo
2152 844 2440 923 curandi,
2469 844 2598 908 nisi
2627 847 2815 929 quod
2843 868 2968 929 pro

735 946 983 1011 ratione
1020 948 1250 1011 aetatis
1288 948 1503 1011 minor
1540 946 1872 1029 sanguinis
1918 946 2246 1029 quantitas
2285 954 2385 1011 est
2421 946 2856 1027 detrahenda,
2887 970 2968 1013 ae

736 1049 1047 1113 catharsis
1100 1056 1248 1113 tum
1298 1070 1523 1113 eorum
1575 1048 1896 1113 aetatulae
1945 1048 2507 1128 accommodanda,
2551 1057 2704 1113 tum
2749 1052 2964 1115 etiam

733 1155 899 1219 forte
926 1156 1133 1219 rarius
1158 1153 1579 1231 celebranda3
1616 1154 1828 1236 (saepe
1850 1151 2026 1215 enim
2049 1159 2114 1216 et
2135 1152 2486 1215 infantium
2515 1158 2584 1217 et
2603 1153 2964 1236 juniorum

734 1254 997 1321 morbus
1041 1278 1081 1321 a
1117 1257 1327 1340 primo
1364 1255 1469 1319 vel
1504 1253 1788 1319 secundo
1831 1254 2062 1317 saltem
2103 1254 2458 1319 cathartico
2494 1254 2964 1337 praedomina-

734 1356 914 1422 bitur
929 1360 973 1441 ς)
1040 1358 1463 1423 nihilominus
1513 1357 1679 1421 serio
1737 1356 2199 1420 advertendum
2261 1364 2380 1435 est,
2433 1378 2538 1435 an,
2591 1378 2766 1441 quae
2829 1358 2964 1423 hoc

734 1461 927 1526 modo
955 1468 1273 1525 tractatur
1301 1459 1545 1538 Febris,
1565 1480 1681 1543 pro
1704 1466 1881 1523 certo
1901 1457 2172 1542 hujusce
2201 1458 2703 1522 constitutionis
2723 1460 2962 1539 fuerit,

734 1582 871 1627 non
907 1583 1057 1627 vero
1100 1562 1364 1626 alterius
1402 1560 1669 1645 speciei:
1718 1559 1889 1644 quod
1927 1559 2272 1674 diligenter
2311 1560 2592 1643 perquiri
2637 1561 2844 1625 debet
2885 1562 2962 1625 in

736 1664 1049 1729 Febribus
1106 1664 1185 1727 iis
1236 1686 1399 1749 quae
1446 1663 1728 1727 infantes
1780 1661 2156 1745 corripiunt,
2199 1662 2274 1725 in
2322 1662 2627 1726 omnibus
2679 1663 2960 1745 quibus-

426 1782 627 1832 Cuntio
630 1783 724 1831 Fe·
704 1786 995 1850 -cunque
1032 1786 1353 1830 annorum
1392 1763 2022 1842 Constitutionibus,
2065 1764 2260 1847 vulgo
2305 1765 2482 1829 enim
2527 1763 2954 1829 notissimum

422 1846 705 1962 {nffim
608 1862 670 1895 ⁸¹
738 1876 855 1949 est,
886 1870 1167 1934 infantes
1198 1890 1237 1932 a
1264 1866 1590 1931 doloribus
1618 1888 1694 1929 ex
1729 1865 2088 1930 dentitione
2115 1866 2274 1931 ortis
2309 1866 2560 1949 saepius
2599 1865 2674 1929 in
2703 1867 2956 1933 Febreu

734 1974 859 2057 agi,
878 1993 1041 2055 quae
1067 1970 1245 2036 haud
1272 1972 1368 2035 ita
1393 1969 1579 2034 facile
1602 1968 1684 2032 ab
1715 1968 1976 2032 alterius
1999 1970 2252 2052 generis
2276 1968 2588 2033 Febr-ibus
2616 1970 2954 2035 internos-

729 2084 1005 2141 cuntur¹¹
1008 2122 1024 2140 .
1114 2076 1199 2140 In
1235 2075 1465 2138 harum
1500 2093 1622 2155 ego
1661 2072 1992 2135 curatione
2033 2072 2148 2135 diu
2183 2072 2592 2156 multumque
2632 2072 2954 2154 angebar,

725 2200 848 2243 nec
876 2178 1001 2243 nisi
1027 2178 1290 2261 nuperis
1318 2177 1419 2241 his
1450 2176 1638 2241 annis
1668 2182 1842 2239 certo
1869 2176 2032 2239 mihi
2059 2176 2442 2259 persuadere
2469 2176 2678 2260 potui,
2713 2198 2951 2259 quem-

723 2284 883 2347 libet
913 2305 992 2347 ex
1018 2282 1147 2345 illis
1176 2281 1287 2365 qui
1320 2301 1501 2345 meae
1531 2300 1723 2344 curae
1759 2279 2113 2343 concrediti
2141 2279 2224 2343 ad
2263 2280 2614 2343 sanitatem
2647 2279 2954 2343 restituti

722 2386 1009 2464 fuerunt,
1038 2392 1177 2449 tam
1213 2390 1350 2448 arte
1392 2405 1588 2467 quam
1623 2405 1778 2447 casu
1811 2382 2247 2461 convaluisse3
2291 2384 2496 2448 donec
2533 2383 2836 2461 tandem,
2867 2383 2954 2447 de

721 2487 892 2552 felici
928 2507 1224 2552 successu
1263 2486 1534 2550 remedii
1571 2485 1750 2550 haud
1783 2485 1878 2550 ita
1915 2485 2204 2566 celebris,
2233 2486 2366 2551 imo
2401 2485 2486 2551 ob
2519 2486 2764 2550 tritum
2805 2486 2952 2570 ejus

721 2614 915 2656 usum
942 2593 1135 2676 plane
1170 2591 1544 2676 contempti,
1578 2591 1953 2677 frequenter
1981 2593 2370 2672 admonitus,
2401 2593 2562 2656 illud
2595 2593 2740 2675 ipse
2779 2614 2950 2675 quo-

722 2717 847 2780 que
876 2693 1409 2780 praescriberem3
1457 2693 1632 2779 quod
1670 2695 2031 2759 etiamnum
2068 2717 2223 2779 prae
2257 2697 2524 2761 caeteris
2563 2717 2736 2780 quae
2773 2697 2946 2760 mihi

720 2798 1134 2866 innotescunt
1162 2797 1654 2862 medicamentis
1683 2798 1927 2881 optime
1949 2799 2114 2862 votis
2143 2799 2250 2864 hic
2276 2799 2643 2883 respondet.
2737 2801 2946 2884 Ejus-

721 2901 895 2966 modi
924 2922 1147 2965 verum
1176 2906 1308 2964 est:
1356 2905 1584 2982 guttae
1614 2899 1801 2979 duae,
1823 2907 1980 2978 tres,
1997 2901 2100 2964 vel
2130 2909 2405 2985 quatuor
2427 2901 2692 2984 spiritus
2724 2923 2948 2966 cornu

720 3004 907 3082 cervi,
941 3024 1059 3087 pro
1100 3001 1350 3067 ratione
1393 3002 1646 3080 aetatis,
1681 3001 1752 3065 in
1799 3003 2116 3066 cochleari
2158 3025 2292 3069 uno
2326 3005 2428 3068 vel
2476 3005 2678 3068 altero
2725 3026 2950 3089 aquae

720 3127 1085 3170 cerasorum
1141 3104 1497 3187 nigrorum,
1542 3105 1646 3168 vel
1693 3103 1926 3188 julapii
1976 3105 2244 3169 alterius
2295 3105 2706 3190 appropriati,
2755 3107 2950 3172 exhi-

718 3207 999 3272 beantur
1029 3213 1258 3291 quarta
1286 3227 1537 3291 quaque
1565 3207 1728 3272 hora
1755 3206 1838 3270 ad
1865 3206 2034 3271 vices
2066 3215 2344 3291 quatuor
2370 3209 2476 3272 vel
2503 3229 2635 3273 sex.

408 3325 711 3377 Curation-
820 3309 985 3393 [34.]
1024 3311 1145 3373 Est
1162 3315 1230 3373 et
1250 3317 1616 3394 symptoma
1643 3309 1820 3374 aliud
1846 3309 2205 3376 infantibus
2235 3313 2720 3395 permolestum,
2741 3313 2950 3397 longe

409 3391 693 3505 ξξεξῖἓ·
721 3411 1043 3476 diversum
1072 3418 1139 3476 et
1167 3433 1208 3476 a
1237 3411 1549 3478 Febribus
1576 3412 1899 3476 variarum
1927 3433 2250 3478 annorum
2279 3414 2856 3493 constitutionum,
2875 3425 2950 3480 et

406 3526 530 3568 tum.
716 3517 799 3581 ab
828 3517 941 3580 illa
960 3515 1249 3599 proxime
1270 3523 1645 3582 memorata.
1690 3517 1812 3580 Est
1827 3537 1978 3581 vero
1999 3515 2309 3584 Hecticae
2327 3519 2568 3603 species
2575 3529 2624 3600 ⁰,
2643 3521 2948 3588 infantes

712 3619 827 3682 diu
856 3619 1163 3702 affligens,
1184 3641 1313 3702 qua
1337 3619 1630 3686 infestati
1658 3619 1796 3684 sine
1825 3619 2066 3704 insigni
2096 3621 2312 3705 aliquo
2340 3623 2551 3687 calore
2579 3623 2942 3708 languent,

712 3741 863 3785 cum
893 3721 1217 3805 appetitus
1247 3721 1628 3807 dejectione,
1648 3729 1714 3787 et
1742 3729 1880 3786 tam
1911 3730 2092 3787 artus
2118 3745 2316 3808 quam
2345 3726 2628 3809 corporis
2649 3733 2946 3793 truncus

709 3824 951 3908 ubique
1008 3824 1427 3889 emaciantur.
1522 3825 2009 3908 Simplicissima
2059 3847 2190 3909 qua
2246 3827 2354 3892 hic
2411 3837 2563 3893 utor
2611 3829 2940 3896 methodo

708 3929 859 3994 talis
888 3938 1021 3994 est:
1066 3929 1208 3994 rhei
1236 3929 1427 3994 electi
1458 3929 1816 3994 taleolatim
1851 3929 2040 3994 incisi
2073 3931 2412 3996 drachmas
2441 3931 2603 3996 duas
2637 3933 2718 3996 in
2745 3934 2938 4018 lage-

708 4055 865 4098 nam
908 4031 1179 4096 vitream
1236 4030 1513 4096 duarum
1557 4031 1872 4096 librarum
1929 4033 2270 4099 cerevisiae
2313 4035 2532 4099 tenuis
2591 4055 2940 4119 capacem,

708 4135 938 4200 subere
980 4156 1131 4200 mox
1188 4134 1387 4219 probe
1444 4133 1898 4216 obturandum,
1940 4136 2210 4203 immitti
2267 4159 2442 4219 curo,
2493 4139 2618 4222 (vel
2675 4140 2754 4204 in
2803 4142 2942 4208 alio

709 4238 995 4321 quolibet
1052 4239 1319 4322 liquore,
1366 4260 1495 4322 quo
1538 4261 1657 4323 pro
1713 4248 1877 4325 potu
1923 4241 2246 4308 ordinario
2289 4245 2392 4308 uti
2439 4244 2602 4309 solet
2646 4245 2934 4328 infans)

707 4362 900 4422 quam
958 4341 1323 4405 cerevisiam
1370 4341 1466 4405 ita
1520 4342 1908 4407 medicatam
1963 4345 2202 4410 infanti
2261 4353 2398 4410 tam
2455 4353 2658 4411 noctu
2721 4370 2936 4432 quam

834 4473 863 4500 ¹²
900 4466 979 4515 Cf.
999 4467 1203 4517 Prot-eu.
1226 4467 1319 4516 Ino.
1343 4483 1384 4515 c.
1410 4470 1489 4517 42.
2117 4479 2140 4501 ⁰
2173 4473 2248 4522 ct
2276 4477 2479 4523 Procas.
2505 4477 2596 4522 Ins.
2623 4489 2666 4522 c.
2691 4477 2782 4525 4³.
