<?xml version="1.0" encoding="UTF-8"?>
<!DOCTYPE html PUBLIC "-//W3C//DTD XHTML 1.0 Transitional//EN"
    "http://www.w3.org/TR/xhtml1/DTD/xhtml1-transitional.dtd">
<html xmlns="http://www.w3.org/1999/xhtml" xml:lang="en" lang="en">
 <head>
  <title>
</title>
<meta http-equiv="Content-Type" content="text/html;charset=utf-8" />
  <meta name='ocr-system' content='tesseract 3.04.00' />
  <meta name='ocr-capabilities' content='ocr_page ocr_carea ocr_par ocr_line ocrx_word'/>
</head>
<body>
  <div class='ocr_page' id='page_1' title='image "./operaomnia00khgoog_0631.png"; bbox 0 0 3138 5006; ppageno 0'>
   <div class='ocr_carea' id='block_1_1' title="bbox 689 288 2279 359">
    <p class='ocr_par' dir='ltr' id='par_1_1' title="bbox 689 288 2279 359">
     <span class='ocr_line' id='line_1_1' title="bbox 689 288 2279 359; baseline 0.004 -8"><span class='ocrx_word' id='word_1_1' title='bbox 689 288 820 352; x_wconf 88' lang='lat'><strong>608</strong></span> <span class='ocrx_word' id='word_1_2' title='bbox 1319 292 1710 359; x_wconf 77' lang='lat' dir='ltr'><strong>THOMAE</strong></span> <span class='ocrx_word' id='word_1_3' title='bbox 1758 292 2279 358; x_wconf 87' lang='lat' dir='ltr'>SYDENHAM</span> 
     </span>
    </p>
   </div>
   <div class='ocr_carea' id='block_1_2' title="bbox 379 452 2301 613">
    <p class='ocr_par' dir='ltr' id='par_1_2' title="bbox 379 452 2301 613">
     <span class='ocr_line' id='line_1_2' title="bbox 379 452 1961 519; baseline 0.005 -18"><span class='ocrx_word' id='word_1_4' title='bbox 379 454 463 501; x_wconf 69' lang='lat' dir='ltr'><strong>De</strong></span> <span class='ocrx_word' id='word_1_5' title='bbox 488 452 648 501; x_wconf 75' lang='lat' dir='ltr'><strong>scoa-</strong></span> <span class='ocrx_word' id='word_1_6' title='bbox 1251 453 1499 508; x_wconf 79' lang='lat' dir='ltr'><strong>Passulas</strong></span> <span class='ocrx_word' id='word_1_7' title='bbox 1521 453 1825 508; x_wconf 79' lang='lat' dir='ltr'><strong>enucleatas</strong></span> <span class='ocrx_word' id='word_1_8' title='bbox 1846 470 1961 519; x_wconf 85' lang='lat' dir='ltr'><strong>sex,</strong></span> 
     </span>
     <span class='ocr_line' id='line_1_3' title="bbox 438 531 2301 613; baseline 0.003 -24"><span class='ocrx_word' id='word_1_9' title='bbox 438 531 592 613; x_wconf 60' lang='lat' dir='ltr'><strong>⁸⁰T⁰J</strong></span> <span class='ocrx_word' id='word_1_10' title='bbox 1246 540 1495 595; x_wconf 71' lang='lat' dir='ltr'><strong>Aur-antii</strong></span> <span class='ocrx_word' id='word_1_11' title='bbox 1518 556 1644 595; x_wconf 89' lang='lat' dir='ltr'><strong>cum</strong></span> <span class='ocrx_word' id='word_1_12' title='bbox 1668 548 1781 595; x_wconf 82' lang='lat' dir='ltr'><strong>toto</strong></span> <span class='ocrx_word' id='word_1_13' title='bbox 1805 541 1962 594; x_wconf 85' lang='lat' dir='ltr'><strong>incisi</strong></span> <span class='ocrx_word' id='word_1_14' title='bbox 1984 540 2267 595; x_wconf 87' lang='lat' dir='ltr'><strong>dimidium</strong></span> <span class='ocrx_word' id='word_1_15' title='bbox 2286 562 2301 604; x_wconf 90' lang='lat'>;</span> 
     </span>
    </p>
   </div>
   <div class='ocr_carea' id='block_1_3' title="bbox 390 582 658 595">
    <p class='ocr_par' dir='ltr' id='par_1_3' title="bbox 390 582 658 595">
     <span class='ocr_line' id='line_1_4' title="bbox 390 582 658 595; baseline 0 4411"><span class='ocrx_word' id='word_1_16' title='bbox 390 582 658 595; x_wconf 95' lang='lat' dir='ltr'><strong> </strong></span> 
     </span>
    </p>
   </div>
   <div class='ocr_carea' id='block_1_4' title="bbox 966 624 2921 784">
    <p class='ocr_par' dir='ltr' id='par_1_4' title="bbox 966 624 2921 784">
     <span class='ocr_line' id='line_1_5' title="bbox 967 624 2921 697; baseline 0.002 -19"><span class='ocrx_word' id='word_1_17' title='bbox 967 624 1038 679; x_wconf 86' lang='lat' dir='ltr'><strong>In</strong></span> <span class='ocrx_word' id='word_1_18' title='bbox 1061 626 1308 697; x_wconf 78' lang='lat' dir='ltr'><strong>lagenam</strong></span> <span class='ocrx_word' id='word_1_19' title='bbox 1333 628 1552 681; x_wconf 79' lang='lat' dir='ltr'><strong>vitream</strong></span> <span class='ocrx_word' id='word_1_20' title='bbox 1574 627 1831 681; x_wconf 85' lang='lat' dir='ltr'><strong>librarum</strong></span> <span class='ocrx_word' id='word_1_21' title='bbox 1870 626 2097 680; x_wconf 86' lang='lat' dir='ltr'><strong>duarum</strong></span> <span class='ocrx_word' id='word_1_22' title='bbox 2120 628 2401 681; x_wconf 77' lang='lat' dir='ltr'><strong>cerevisiae</strong></span> <span class='ocrx_word' id='word_1_23' title='bbox 2428 628 2607 681; x_wconf 83' lang='lat' dir='ltr'><strong>tenuis</strong></span> <span class='ocrx_word' id='word_1_24' title='bbox 2642 644 2921 697; x_wconf 83' lang='lat' dir='ltr'><strong>capacem</strong></span> 
     </span>
     <span class='ocr_line' id='line_1_6' title="bbox 966 712 2267 784; baseline 0 -17"><span class='ocrx_word' id='word_1_25' title='bbox 966 714 1153 767; x_wconf 84' lang='lat' dir='ltr'><strong>subere</strong></span> <span class='ocrx_word' id='word_1_26' title='bbox 1177 730 1303 767; x_wconf 87' lang='lat' dir='ltr'><strong>mox</strong></span> <span class='ocrx_word' id='word_1_27' title='bbox 1325 715 1488 784; x_wconf 85' lang='lat' dir='ltr'><strong>probe</strong></span> <span class='ocrx_word' id='word_1_28' title='bbox 1509 712 1865 767; x_wconf 76' lang='lat' dir='ltr'><strong>obtmandam</strong></span> <span class='ocrx_word' id='word_1_29' title='bbox 1889 714 2267 767; x_wconf 77' lang='lat' dir='ltr'><strong>immittantur.</strong></span> 
     </span>
    </p>
   </div>
   <div class='ocr_carea' id='block_1_5' title="bbox 683 830 2916 2302">
    <p class='ocr_par' dir='ltr' id='par_1_5' title="bbox 683 830 2916 1120">
     <span class='ocr_line' id='line_1_7' title="bbox 783 830 2916 919; baseline 0.003 -26"><span class='ocrx_word' id='word_1_30' title='bbox 783 831 851 915; x_wconf 90' lang='lat'><strong>[5</strong></span> <span class='ocrx_word' id='word_1_31' title='bbox 861 830 907 914; x_wconf 90' lang='lat'><strong>.]</strong></span> <span class='ocrx_word' id='word_1_32' title='bbox 962 830 1049 897; x_wconf 92' lang='lat' dir='ltr'><strong>In</strong></span> <span class='ocrx_word' id='word_1_33' title='bbox 1076 830 1254 895; x_wconf 87' lang='lat' dir='ltr'><strong>hunc</strong></span> <span class='ocrx_word' id='word_1_34' title='bbox 1280 830 1550 895; x_wconf 91' lang='lat' dir='ltr'><strong>modum</strong></span> <span class='ocrx_word' id='word_1_35' title='bbox 1576 838 1890 916; x_wconf 88' lang='lat' dir='ltr'><strong>parentur</strong></span> <span class='ocrx_word' id='word_1_36' title='bbox 1918 832 2145 897; x_wconf 88' lang='lat' dir='ltr'><strong>eodem</strong></span> <span class='ocrx_word' id='word_1_37' title='bbox 2162 840 2452 918; x_wconf 89' lang='lat' dir='ltr'><strong>tempore</strong></span> <span class='ocrx_word' id='word_1_38' title='bbox 2482 856 2595 899; x_wconf 82' lang='lat' dir='ltr'><strong>sex</strong></span> <span class='ocrx_word' id='word_1_39' title='bbox 2621 835 2916 919; x_wconf 83' lang='lat' dir='ltr'><strong>lagenae</strong></span> 
     </span>
     <span class='ocr_line' id='line_1_8' title="bbox 685 933 2913 1021; baseline 0.003 -26"><span class='ocrx_word' id='word_1_40' title='bbox 685 952 802 1017; x_wconf 89' lang='lat' dir='ltr'><strong>pro</strong></span> <span class='ocrx_word' id='word_1_41' title='bbox 830 954 973 1012; x_wconf 83' lang='lat' dir='ltr'><strong>usu,</strong></span> <span class='ocrx_word' id='word_1_42' title='bbox 1005 939 1073 996; x_wconf 89' lang='lat' dir='ltr'><strong>et</strong></span> <span class='ocrx_word' id='word_1_43' title='bbox 1111 939 1255 1016; x_wconf 89' lang='lat' dir='ltr'><strong>post</strong></span> <span class='ocrx_word' id='word_1_44' title='bbox 1285 933 1529 1017; x_wconf 76' lang='lat' dir='ltr'>aliquot</span> <span class='ocrx_word' id='word_1_45' title='bbox 1559 934 1697 998; x_wconf 89' lang='lat' dir='ltr'><strong>dies</strong></span> <span class='ocrx_word' id='word_1_46' title='bbox 1738 956 1849 999; x_wconf 85' lang='lat' dir='ltr'><strong>sex</strong></span> <span class='ocrx_word' id='word_1_47' title='bbox 1892 934 2074 1015; x_wconf 85' lang='lat' dir='ltr'><strong>aliae,</strong></span> <span class='ocrx_word' id='word_1_48' title='bbox 2106 942 2455 1019; x_wconf 87' lang='lat' dir='ltr'><strong>antequam</strong></span> <span class='ocrx_word' id='word_1_49' title='bbox 2494 936 2745 1021; x_wconf 86' lang='lat' dir='ltr'><strong>priores</strong></span> <span class='ocrx_word' id='word_1_50' title='bbox 2792 958 2913 1002; x_wconf 85' lang='lat' dir='ltr'><strong>ex-</strong></span> 
     </span>
     <span class='ocr_line' id='line_1_9' title="bbox 683 1035 1693 1120; baseline 0.004 -23"><span class='ocrx_word' id='word_1_51' title='bbox 683 1035 1106 1113; x_wconf 85' lang='lat' dir='ltr'><strong>hauriantur;</strong></span> <span class='ocrx_word' id='word_1_52' title='bbox 1151 1040 1219 1099; x_wconf 91' lang='lat' dir='ltr'><strong>et</strong></span> <span class='ocrx_word' id='word_1_53' title='bbox 1249 1036 1340 1099; x_wconf 87' lang='lat' dir='ltr'><strong>sic</strong></span> <span class='ocrx_word' id='word_1_54' title='bbox 1370 1035 1693 1120; x_wconf 88' lang='lat' dir='ltr'><strong>deinceps.</strong></span> 
     </span>
    </p>

    <p class='ocr_par' dir='ltr' id='par_1_6' title="bbox 684 1138 2909 1406">
     <span class='ocr_line' id='line_1_10' title="bbox 783 1138 2909 1225; baseline 0.002 -24"><span class='ocrx_word' id='word_1_55' title='bbox 783 1139 905 1223; x_wconf 89' lang='lat'>[6.]</span> <span class='ocrx_word' id='word_1_56' title='bbox 953 1138 1100 1217; x_wconf 82' lang='lat' dir='ltr'><strong>Vel,</strong></span> <span class='ocrx_word' id='word_1_57' title='bbox 1122 1139 1258 1203; x_wconf 86' lang='lat' dir='ltr'><strong>vice</strong></span> <span class='ocrx_word' id='word_1_58' title='bbox 1285 1139 1482 1225; x_wconf 85' lang='lat' dir='ltr'><strong>hujus</strong></span> <span class='ocrx_word' id='word_1_59' title='bbox 1513 1138 1869 1219; x_wconf 81' lang='lat' dir='ltr'><strong>cerevisiae,</strong></span> <span class='ocrx_word' id='word_1_60' title='bbox 1896 1140 2225 1225; x_wconf 87' lang='lat' dir='ltr'><strong>sequentis</strong></span> <span class='ocrx_word' id='word_1_61' title='bbox 2252 1141 2573 1205; x_wconf 80' lang='lat' dir='ltr'><strong>mixturae</strong></span> <span class='ocrx_word' id='word_1_62' title='bbox 2602 1140 2909 1205; x_wconf 85' lang='lat' dir='ltr'><strong>cochlea-</strong></span> 
     </span>
     <span class='ocr_line' id='line_1_11' title="bbox 684 1238 2909 1327; baseline 0.002 -25"><span class='ocrx_word' id='word_1_63' title='bbox 684 1238 783 1304; x_wconf 90' lang='lat' dir='ltr'><strong>ria</strong></span> <span class='ocrx_word' id='word_1_64' title='bbox 809 1240 937 1304; x_wconf 89' lang='lat' dir='ltr'><strong>tria</strong></span> <span class='ocrx_word' id='word_1_65' title='bbox 968 1240 1070 1303; x_wconf 82' lang='lat' dir='ltr'><strong>vel</strong></span> <span class='ocrx_word' id='word_1_66' title='bbox 1104 1246 1381 1323; x_wconf 86' lang='lat' dir='ltr'><strong>quatuor</strong></span> <span class='ocrx_word' id='word_1_67' title='bbox 1407 1241 1757 1305; x_wconf 82' lang='lat' dir='ltr'><strong>immisceri</strong></span> <span class='ocrx_word' id='word_1_68' title='bbox 1782 1241 2070 1327; x_wconf 80' lang='lat' dir='ltr'><strong>poterint</strong></span> <span class='ocrx_word' id='word_1_69' title='bbox 2100 1242 2373 1326; x_wconf 86' lang='lat' dir='ltr'><strong>singulis</strong></span> <span class='ocrx_word' id='word_1_70' title='bbox 2408 1243 2753 1309; x_wconf 75' lang='lat' dir='ltr'><strong>haustibus</strong></span> <span class='ocrx_word' id='word_1_71' title='bbox 2785 1265 2909 1327; x_wconf 89' lang='lat' dir='ltr'><strong>po-</strong></span> 
     </span>
     <span class='ocr_line' id='line_1_12' title="bbox 685 1342 1312 1406; baseline 0.002 -1"><span class='ocrx_word' id='word_1_72' title='bbox 685 1348 794 1405; x_wconf 88' lang='lat' dir='ltr'><strong>tus</strong></span> <span class='ocrx_word' id='word_1_73' title='bbox 823 1342 1184 1406; x_wconf 88' lang='lat' dir='ltr'><strong>communis</strong></span> <span class='ocrx_word' id='word_1_74' title='bbox 1207 1368 1312 1406; x_wconf 77' lang='lat'><strong>2—-</strong></span> 
     </span>
    </p>

    <p class='ocr_par' dir='ltr' id='par_1_7' title="bbox 691 1474 2905 2065">
     <span class='ocr_line' id='line_1_13' title="bbox 691 1474 2065 1556; baseline 0.004 -28"><span class='ocrx_word' id='word_1_75' title='bbox 691 1474 895 1548; x_wconf 86' lang='lat' dir='ltr'><strong>[Form.</strong></span> <span class='ocrx_word' id='word_1_76' title='bbox 919 1476 1072 1542; x_wconf 63' lang='lat'><strong>264]</strong></span> <span class='ocrx_word' id='word_1_77' title='bbox 1147 1474 1210 1556; x_wconf 70' lang='lat' dir='ltr'>R</span> <span class='ocrx_word' id='word_1_78' title='bbox 1251 1476 1468 1533; x_wconf 84' lang='lat' dir='ltr'><strong>Radicis</strong></span> <span class='ocrx_word' id='word_1_79' title='bbox 1493 1476 1743 1549; x_wconf 84' lang='lat' dir='ltr'><strong>Raphani</strong></span> <span class='ocrx_word' id='word_1_80' title='bbox 1768 1479 2065 1545; x_wconf 77' lang='lat' dir='ltr'><strong>Rusticani,</strong></span> 
     </span>
     <span class='ocr_line' id='line_1_14' title="bbox 1251 1563 2741 1633; baseline 0.003 -16"><span class='ocrx_word' id='word_1_81' title='bbox 1251 1563 1527 1619; x_wconf 90' lang='lat' dir='ltr'><strong>Seminum</strong></span> <span class='ocrx_word' id='word_1_82' title='bbox 1555 1566 1897 1621; x_wconf 85' lang='lat' dir='ltr'><strong>Cochleariae</strong></span> <span class='ocrx_word' id='word_1_83' title='bbox 1921 1566 2221 1632; x_wconf 86' lang='lat' dir='ltr'><strong>Hortensis,</strong></span> <span class='ocrx_word' id='word_1_84' title='bbox 2244 1584 2347 1621; x_wconf 81' lang='lat' dir='ltr'><strong>ana</strong></span> <span class='ocrx_word' id='word_1_85' title='bbox 2372 1568 2741 1633; x_wconf 78' lang='lat' dir='ltr'><strong>semiunciam,</strong></span> 
     </span>
     <span class='ocr_line' id='line_1_15' title="bbox 1249 1648 2699 1725; baseline 0.003 -22"><span class='ocrx_word' id='word_1_86' title='bbox 1249 1648 1522 1705; x_wconf 87' lang='lat' dir='ltr'><strong>Foliorum</strong></span> <span class='ocrx_word' id='word_1_87' title='bbox 1547 1651 1889 1706; x_wconf 79' lang='lat' dir='ltr'><strong>Cochleariae</strong></span> <span class='ocrx_word' id='word_1_88' title='bbox 1914 1652 2200 1707; x_wconf 81' lang='lat' dir='ltr'><strong>Hortensis</strong></span> <span class='ocrx_word' id='word_1_89' title='bbox 2221 1654 2523 1725; x_wconf 84' lang='lat' dir='ltr'><strong>manipulos</strong></span> <span class='ocrx_word' id='word_1_90' title='bbox 2546 1653 2699 1719; x_wconf 82' lang='lat' dir='ltr'><strong>duos,</strong></span> 
     </span>
     <span class='ocr_line' id='line_1_16' title="bbox 1249 1735 1961 1807; baseline 0.001 -16"><span class='ocrx_word' id='word_1_91' title='bbox 1249 1735 1478 1807; x_wconf 85' lang='lat' dir='ltr'><strong>Pulpam</strong></span> <span class='ocrx_word' id='word_1_92' title='bbox 1501 1739 1663 1792; x_wconf 88' lang='lat' dir='ltr'><strong>unius</strong></span> <span class='ocrx_word' id='word_1_93' title='bbox 1683 1740 1961 1803; x_wconf 80' lang='lat' dir='ltr'><strong>Aurantii3</strong></span> 
     </span>
     <span class='ocr_line' id='line_1_17' title="bbox 968 1821 2905 1889; baseline 0.003 -15"><span class='ocrx_word' id='word_1_94' title='bbox 968 1821 1379 1877; x_wconf 85' lang='lat' dir='ltr'><strong>Contundantur</strong></span> <span class='ocrx_word' id='word_1_95' title='bbox 1413 1824 1572 1879; x_wconf 91' lang='lat' dir='ltr'><strong>simul</strong></span> <span class='ocrx_word' id='word_1_96' title='bbox 1606 1826 1663 1877; x_wconf 87' lang='lat' dir='ltr'><strong>in</strong></span> <span class='ocrx_word' id='word_1_97' title='bbox 1698 1825 1947 1878; x_wconf 79' lang='lat' dir='ltr'><strong>mortario</strong></span> <span class='ocrx_word' id='word_1_98' title='bbox 1982 1840 2294 1889; x_wconf 83' lang='lat' dir='ltr'><strong>marmoreo,</strong></span> <span class='ocrx_word' id='word_1_99' title='bbox 2329 1826 2523 1879; x_wconf 87' lang='lat' dir='ltr'><strong>sensim</strong></span> <span class='ocrx_word' id='word_1_100' title='bbox 2566 1825 2905 1880; x_wconf 77' lang='lat' dir='ltr'><strong>affundendo</strong></span> 
     </span>
     <span class='ocr_line' id='line_1_18' title="bbox 972 1908 2905 1983; baseline 0.003 -23"><span class='ocrx_word' id='word_1_101' title='bbox 972 1908 1097 1961; x_wconf 87' lang='lat' dir='ltr'><strong>Vini</strong></span> <span class='ocrx_word' id='word_1_102' title='bbox 1120 1908 1244 1962; x_wconf 83' lang='lat' dir='ltr'><strong>Albi</strong></span> <span class='ocrx_word' id='word_1_103' title='bbox 1273 1909 1466 1964; x_wconf 89' lang='lat' dir='ltr'><strong>libram</strong></span> <span class='ocrx_word' id='word_1_104' title='bbox 1498 1910 1807 1975; x_wconf 79' lang='lat' dir='ltr'><strong>dimidiam;</strong></span> <span class='ocrx_word' id='word_1_105' title='bbox 1842 1911 2044 1966; x_wconf 84' lang='lat' dir='ltr'><strong>coletur</strong></span> <span class='ocrx_word' id='word_1_106' title='bbox 2064 1928 2188 1966; x_wconf 90' lang='lat' dir='ltr'><strong>cum</strong></span> <span class='ocrx_word' id='word_1_107' title='bbox 2218 1912 2323 1966; x_wconf 81' lang='lat' dir='ltr'><strong>levi</strong></span> <span class='ocrx_word' id='word_1_108' title='bbox 2356 1912 2711 1983; x_wconf 82' lang='lat' dir='ltr'><strong>expressione,</strong></span> <span class='ocrx_word' id='word_1_109' title='bbox 2734 1920 2795 1966; x_wconf 77' lang='lat' dir='ltr'><strong>et</strong></span> <span class='ocrx_word' id='word_1_110' title='bbox 2824 1930 2905 1966; x_wconf 80' lang='lat' dir='ltr'><strong>re-</strong></span> 
     </span>
     <span class='ocr_line' id='line_1_19' title="bbox 969 2002 1450 2065; baseline 0.01 -19"><span class='ocrx_word' id='word_1_111' title='bbox 969 2002 1194 2064; x_wconf 83' lang='lat' dir='ltr'><strong>ponatur</strong></span> <span class='ocrx_word' id='word_1_112' title='bbox 1215 2012 1310 2065; x_wconf 88' lang='lat' dir='ltr'><strong>pro</strong></span> <span class='ocrx_word' id='word_1_113' title='bbox 1333 2014 1450 2059; x_wconf 82' lang='lat' dir='ltr'><strong>usu.</strong></span> 
     </span>
    </p>

    <p class='ocr_par' dir='ltr' id='par_1_8' title="bbox 784 2112 2905 2202">
     <span class='ocr_line' id='line_1_20' title="bbox 784 2112 2905 2202; baseline 0.001 -23"><span class='ocrx_word' id='word_1_114' title='bbox 784 2112 906 2198; x_wconf 83' lang='lat'><strong>[⁷.]</strong></span> <span class='ocrx_word' id='word_1_115' title='bbox 961 2112 1208 2178; x_wconf 82' lang='lat' dir='ltr'><strong>Eadem</strong></span> <span class='ocrx_word' id='word_1_116' title='bbox 1247 2114 1546 2194; x_wconf 89' lang='lat' dir='ltr'><strong>remedia,</strong></span> <span class='ocrx_word' id='word_1_117' title='bbox 1593 2116 2031 2202; x_wconf 83' lang='lat' dir='ltr'><strong>phlebotomia</strong></span> <span class='ocrx_word' id='word_1_118' title='bbox 2064 2122 2132 2181; x_wconf 88' lang='lat' dir='ltr'><strong>et</strong></span> <span class='ocrx_word' id='word_1_119' title='bbox 2174 2117 2456 2182; x_wconf 83' lang='lat' dir='ltr'><strong>catharsi</strong></span> <span class='ocrx_word' id='word_1_120' title='bbox 2498 2118 2777 2197; x_wconf 84' lang='lat' dir='ltr'><strong>omissis,</strong></span> <span class='ocrx_word' id='word_1_121' title='bbox 2828 2118 2905 2181; x_wconf 85' lang='lat' dir='ltr'><strong>in</strong></span> 
     </span>
    </p>

    <p class='ocr_par' dir='ltr' id='par_1_9' title="bbox 687 2216 2630 2302">
     <span class='ocr_line' id='line_1_21' title="bbox 687 2216 2630 2302; baseline 0.001 -23"><span class='ocrx_word' id='word_1_122' title='bbox 687 2216 1149 2281; x_wconf 79' lang='lat' dir='ltr'><strong>rheumatismo</strong></span> <span class='ocrx_word' id='word_1_123' title='bbox 1179 2216 1559 2297; x_wconf 90' lang='lat' dir='ltr'><strong>scorbutico,</strong></span> <span class='ocrx_word' id='word_1_124' title='bbox 1592 2218 1724 2281; x_wconf 86' lang='lat' dir='ltr'><strong>sive</strong></span> <span class='ocrx_word' id='word_1_125' title='bbox 1750 2216 2095 2301; x_wconf 79' lang='lat' dir='ltr'><strong>hysterioo,</strong></span> <span class='ocrx_word' id='word_1_126' title='bbox 2124 2217 2310 2281; x_wconf 81' lang='lat' dir='ltr'><strong>valde</strong></span> <span class='ocrx_word' id='word_1_127' title='bbox 2337 2224 2630 2302; x_wconf 87' lang='lat' dir='ltr'><strong>prosunt.</strong></span> 
     </span>
    </p>
   </div>
   <div class='ocr_carea' id='block_1_6' title="bbox 1353 2427 2234 2646">
    <p class='ocr_par' dir='ltr' id='par_1_10' title="bbox 1353 2427 2234 2646">
     <span class='ocr_line' id='line_1_22' title="bbox 1586 2427 2001 2492; baseline 0.002 -1"><span class='ocrx_word' id='word_1_128' title='bbox 1586 2427 1779 2492; x_wconf 86' lang='lat' dir='ltr'>CAP.</span> <span class='ocrx_word' id='word_1_129' title='bbox 1826 2427 2001 2492; x_wconf 84' lang='lat' dir='ltr'>LX.-</span> 
     </span>
     <span class='ocr_line' id='line_1_23' title="bbox 1353 2565 2234 2646; baseline 0.001 -19"><span class='ocrx_word' id='word_1_130' title='bbox 1353 2565 1540 2628; x_wconf 74' lang='lat' dir='ltr'><strong>Taln‘s</strong></span> <span class='ocrx_word' id='word_1_131' title='bbox 1565 2565 1922 2646; x_wconf 71' lang='lat' dir='ltr'><strong>Descriptio</strong></span> <span class='ocrx_word' id='word_1_132' title='bbox 1952 2571 2015 2628; x_wconf 81' lang='lat' dir='ltr'><strong>et</strong></span> <span class='ocrx_word' id='word_1_133' title='bbox 2048 2565 2234 2629; x_wconf 77' lang='lat' dir='ltr'><strong>Cura.</strong></span> 
     </span>
    </p>
   </div>
   <div class='ocr_carea' id='block_1_7' title="bbox 382 2696 2901 3095">
    <p class='ocr_par' dir='ltr' id='par_1_11' title="bbox 382 2696 2901 3095">
     <span class='ocr_line' id='line_1_24' title="bbox 385 2696 2901 2785; baseline 0.002 -23"><span class='ocrx_word' id='word_1_134' title='bbox 385 2721 558 2772; x_wconf 67' lang='lat' dir='ltr'><strong>Pluma</strong></span> <span class='ocrx_word' id='word_1_135' title='bbox 777 2696 1050 2762; x_wconf 70' lang='lat' dir='ltr'><strong>Pnuuss</strong></span> <span class='ocrx_word' id='word_1_136' title='bbox 1103 2704 1258 2764; x_wconf 88' lang='lat' dir='ltr'><strong>sunt</strong></span> <span class='ocrx_word' id='word_1_137' title='bbox 1299 2699 1493 2764; x_wconf 84' lang='lat' dir='ltr'><strong>Tabis</strong></span> <span class='ocrx_word' id='word_1_138' title='bbox 1537 2699 1797 2783; x_wconf 85' lang='lat' dir='ltr'><strong>species.</strong></span> <span class='ocrx_word' id='word_1_139' title='bbox 1880 2699 2101 2763; x_wconf 90' lang='lat' dir='ltr'><strong>Prima</strong></span> <span class='ocrx_word' id='word_1_140' title='bbox 2140 2699 2277 2764; x_wconf 89' lang='lat' dir='ltr'><strong>fere</strong></span> <span class='ocrx_word' id='word_1_141' title='bbox 2327 2700 2534 2764; x_wconf 91' lang='lat' dir='ltr'><strong>oritur</strong></span> <span class='ocrx_word' id='word_1_142' title='bbox 2576 2721 2613 2764; x_wconf 92' lang='lat' dir='ltr'><strong>e</strong></span> <span class='ocrx_word' id='word_1_143' title='bbox 2656 2699 2901 2785; x_wconf 80' lang='lat' dir='ltr'><strong>frigore</strong></span> 
     </span>
     <span class='ocr_line' id='line_1_25' title="bbox 383 2785 2899 2901; baseline 0.002 -36"><span class='ocrx_word' id='word_1_144' title='bbox 383 2785 668 2901; x_wconf 50' lang='lat' dir='ltr'><strong>:aggiffsfbi&#39;</strong></span> <span class='ocrx_word' id='word_1_145' title='bbox 690 2798 924 2886; x_wconf 82' lang='lat' dir='ltr'><strong>hyeme</strong></span> <span class='ocrx_word' id='word_1_146' title='bbox 952 2809 1322 2867; x_wconf 86' lang='lat' dir='ltr'><strong>contracto:</strong></span> <span class='ocrx_word' id='word_1_147' title='bbox 1367 2803 1562 2885; x_wconf 92' lang='lat' dir='ltr'><strong>paulo</strong></span> <span class='ocrx_word' id='word_1_148' title='bbox 1592 2803 1767 2866; x_wconf 91' lang='lat' dir='ltr'><strong>enim</strong></span> <span class='ocrx_word' id='word_1_149' title='bbox 1806 2809 1959 2866; x_wconf 89' lang='lat' dir='ltr'><strong>ante</strong></span> <span class='ocrx_word' id='word_1_150' title='bbox 1998 2802 2343 2866; x_wconf 88' lang='lat' dir='ltr'><strong>solstitium</strong></span> <span class='ocrx_word' id='word_1_151' title='bbox 2374 2802 2669 2868; x_wconf 79' lang='lat' dir='ltr'><strong>brumale</strong></span> <span class='ocrx_word' id='word_1_152' title='bbox 2700 2826 2899 2887; x_wconf 86' lang='lat' dir='ltr'><strong>quam</strong></span> 
     </span>
     <span class='ocr_line' id='line_1_26' title="bbox 387 2869 2901 2994; baseline 0.002 -28"><span class='ocrx_word' id='word_1_153' title='bbox 387 2869 516 2994; x_wconf 39' lang='lat'><strong>13¹2}-</strong></span> <span class='ocrx_word' id='word_1_154' title='bbox 536 2931 645 2979; x_wconf 74' lang='lat' dir='ltr'><strong>spe-</strong></span> <span class='ocrx_word' id='word_1_155' title='bbox 693 2904 954 2988; x_wconf 88' lang='lat' dir='ltr'><strong>plurimi</strong></span> <span class='ocrx_word' id='word_1_156' title='bbox 976 2904 1055 2968; x_wconf 88' lang='lat' dir='ltr'><strong>ab</strong></span> <span class='ocrx_word' id='word_1_157' title='bbox 1079 2904 1424 2988; x_wconf 87' lang='lat' dir='ltr'><strong>ingruente</strong></span> <span class='ocrx_word' id='word_1_158' title='bbox 1453 2909 1835 2987; x_wconf 85' lang='lat' dir='ltr'><strong>tempestate</strong></span> <span class='ocrx_word' id='word_1_159' title='bbox 1864 2903 2100 2986; x_wconf 84' lang='lat' dir='ltr'><strong>frigida</strong></span> <span class='ocrx_word' id='word_1_160' title='bbox 2119 2905 2283 2968; x_wconf 88' lang='lat' dir='ltr'><strong>tussi</strong></span> <span class='ocrx_word' id='word_1_161' title='bbox 2304 2911 2684 2984; x_wconf 86' lang='lat' dir='ltr'><strong>tentantur;</strong></span> <span class='ocrx_word' id='word_1_162' title='bbox 2732 2928 2901 2990; x_wconf 87' lang='lat' dir='ltr'><strong>quae</strong></span> 
     </span>
     <span class='ocr_line' id='line_1_27' title="bbox 382 2981 2895 3095; baseline 0.001 -24"><span class='ocrx_word' id='word_1_163' title='bbox 382 2997 483 3095; x_wconf 51' lang='lat' dir='ltr'><strong>{¹2ss</strong></span> <span class='ocrx_word' id='word_1_164' title='bbox 497 2981 656 3095; x_wconf 50' lang='lat' dir='ltr'><strong>2⁴3¹ss</strong></span> <span class='ocrx_word' id='word_1_165' title='bbox 693 3027 843 3071; x_wconf 86' lang='lat' dir='ltr'><strong>cum</strong></span> <span class='ocrx_word' id='word_1_166' title='bbox 870 3007 1012 3071; x_wconf 86' lang='lat' dir='ltr'><strong>illos</strong></span> <span class='ocrx_word' id='word_1_167' title='bbox 1040 3007 1343 3071; x_wconf 85' lang='lat' dir='ltr'><strong>invaserit</strong></span> <span class='ocrx_word' id='word_1_168' title='bbox 1374 3006 1609 3092; x_wconf 89' lang='lat' dir='ltr'><strong>quibus</strong></span> <span class='ocrx_word' id='word_1_169' title='bbox 1638 3006 1977 3091; x_wconf 88' lang='lat' dir='ltr'><strong>pulmones</strong></span> <span class='ocrx_word' id='word_1_170' title='bbox 2006 3006 2087 3070; x_wconf 88' lang='lat' dir='ltr'><strong>ab</strong></span> <span class='ocrx_word' id='word_1_171' title='bbox 2117 3013 2269 3071; x_wconf 86' lang='lat' dir='ltr'><strong>ortu</strong></span> <span class='ocrx_word' id='word_1_172' title='bbox 2296 3014 2451 3071; x_wconf 87' lang='lat' dir='ltr'><strong>sunt</strong></span> <span class='ocrx_word' id='word_1_173' title='bbox 2484 3008 2895 3086; x_wconf 47' lang='lat' dir='ltr'><strong>infirmiore&amp;</strong></span> 
     </span>
    </p>
   </div>
   <div class='ocr_carea' id='block_1_8' title="bbox 383 3108 2901 4422">
    <p class='ocr_par' dir='ltr' id='par_1_12' title="bbox 383 3108 2901 4422">
     <span class='ocr_line' id='line_1_28' title="bbox 384 3108 2897 3192; baseline -0 -18"><span class='ocrx_word' id='word_1_174' title='bbox 384 3125 413 3158; x_wconf 64' lang='grc' dir='ltr'><strong>Θ</strong></span> <span class='ocrx_word' id='word_1_175' title='bbox 434 3111 612 3174; x_wconf 74' lang='lat' dir='ltr'><strong>frigore</strong></span> <span class='ocrx_word' id='word_1_176' title='bbox 693 3109 960 3174; x_wconf 90' lang='lat' dir='ltr'><strong>omnino</strong></span> <span class='ocrx_word' id='word_1_177' title='bbox 994 3129 1253 3172; x_wconf 87' lang='lat' dir='ltr'><strong>necesse</strong></span> <span class='ocrx_word' id='word_1_178' title='bbox 1292 3114 1391 3172; x_wconf 89' lang='lat' dir='ltr'><strong>est</strong></span> <span class='ocrx_word' id='word_1_179' title='bbox 1433 3115 1509 3172; x_wconf 90' lang='lat' dir='ltr'><strong>ut</strong></span> <span class='ocrx_word' id='word_1_180' title='bbox 1550 3130 1591 3172; x_wconf 89' lang='lat' dir='ltr'><strong>a</strong></span> <span class='ocrx_word' id='word_1_181' title='bbox 1626 3108 1917 3192; x_wconf 88' lang='lat' dir='ltr'><strong>repetitis</strong></span> <span class='ocrx_word' id='word_1_182' title='bbox 1954 3109 2273 3173; x_wconf 87' lang='lat' dir='ltr'><strong>tussiendi</strong></span> <span class='ocrx_word' id='word_1_183' title='bbox 2310 3109 2647 3173; x_wconf 85' lang='lat' dir='ltr'><strong>conatibus</strong></span> <span class='ocrx_word' id='word_1_184' title='bbox 2686 3111 2897 3192; x_wconf 83' lang='lat' dir='ltr'><strong>magis</strong></span> 
     </span>
     <span class='ocr_line' id='line_1_29' title="bbox 383 3175 2897 3300; baseline 0 -24"><span class='ocrx_word' id='word_1_185' title='bbox 383 3175 671 3300; x_wconf 46' lang='grc' dir='ltr'><strong>ἓξὲξ-’ἔσω</strong></span> <span class='ocrx_word' id='word_1_186' title='bbox 693 3212 904 3276; x_wconf 89' lang='lat' dir='ltr'><strong>adhuc</strong></span> <span class='ocrx_word' id='word_1_187' title='bbox 947 3211 1385 3291; x_wconf 87' lang='lat' dir='ltr'><strong>debilitentur,</strong></span> <span class='ocrx_word' id='word_1_188' title='bbox 1427 3217 1621 3295; x_wconf 87' lang='lat' dir='ltr'><strong>atque</strong></span> <span class='ocrx_word' id='word_1_189' title='bbox 1664 3211 1759 3275; x_wconf 88' lang='lat' dir='ltr'><strong>ita</strong></span> <span class='ocrx_word' id='word_1_190' title='bbox 1802 3210 2069 3276; x_wconf 87' lang='lat' dir='ltr'><strong>tandem</strong></span> <span class='ocrx_word' id='word_1_191' title='bbox 2116 3212 2421 3276; x_wconf 83' lang='lat' dir='ltr'><strong>alimento</strong></span> <span class='ocrx_word' id='word_1_192' title='bbox 2468 3212 2591 3276; x_wconf 90' lang='lat' dir='ltr'><strong>sibi</strong></span> <span class='ocrx_word' id='word_1_193' title='bbox 2634 3214 2897 3296; x_wconf 84' lang='lat' dir='ltr'><strong>proprio</strong></span> 
     </span>
     <span class='ocr_line' id='line_1_30' title="bbox 386 3303 2893 3398; baseline 0 -20"><span class='ocrx_word' id='word_1_194' title='bbox 386 3303 658 3369; x_wconf 69' lang='lat' dir='ltr'><strong>descriptio.</strong></span> <span class='ocrx_word' id='word_1_195' title='bbox 688 3313 1102 3380; x_wconf 87' lang='lat' dir='ltr'><strong>&#39;assimilando</strong></span> <span class='ocrx_word' id='word_1_196' title='bbox 1143 3334 1296 3398; x_wconf 82' lang='lat' dir='ltr'><strong>prae</strong></span> <span class='ocrx_word' id='word_1_197' title='bbox 1339 3313 1510 3378; x_wconf 82' lang='lat' dir='ltr'><strong>mala</strong></span> <span class='ocrx_word' id='word_1_198' title='bbox 1553 3311 1833 3378; x_wconf 77' lang='grc' dir='ltr'>διαθέσει</span> <span class='ocrx_word' id='word_1_199' title='bbox 1880 3335 2139 3398; x_wconf 88' lang='lat' dir='ltr'><strong>prorsus</strong></span> <span class='ocrx_word' id='word_1_200' title='bbox 2188 3314 2465 3398; x_wconf 84' lang='lat' dir='ltr'><strong>impares</strong></span> <span class='ocrx_word' id='word_1_201' title='bbox 2514 3315 2893 3378; x_wconf 87' lang='lat' dir='ltr'><strong>reddantur.</strong></span> 
     </span>
     <span class='ocr_line' id='line_1_31' title="bbox 692 3415 2895 3500; baseline -0 -19"><span class='ocrx_word' id='word_1_202' title='bbox 692 3416 871 3481; x_wconf 92' lang='lat' dir='ltr'><strong>Hinc</strong></span> <span class='ocrx_word' id='word_1_203' title='bbox 905 3416 1046 3500; x_wconf 84' lang='lat' dir='ltr'><strong>jam</strong></span> <span class='ocrx_word' id='word_1_204' title='bbox 1083 3415 1315 3499; x_wconf 88' lang='lat' dir='ltr'><strong>ingens</strong></span> <span class='ocrx_word' id='word_1_205' title='bbox 1349 3416 1623 3500; x_wconf 84' lang='lat' dir='ltr'><strong>pituitae</strong></span> <span class='ocrx_word' id='word_1_206' title='bbox 1662 3415 1895 3480; x_wconf 84' lang='lat' dir='ltr'><strong>crudae</strong></span> <span class='ocrx_word' id='word_1_207' title='bbox 1936 3416 2119 3499; x_wconf 88' lang='lat' dir='ltr'><strong>copia</strong></span> <span class='ocrx_word' id='word_1_208' title='bbox 2156 3416 2505 3500; x_wconf 84' lang='lat' dir='ltr'><strong>aggeritur,</strong></span> <span class='ocrx_word' id='word_1_209' title='bbox 2538 3437 2703 3500; x_wconf 83' lang='lat' dir='ltr'><strong>quae</strong></span> <span class='ocrx_word' id='word_1_210' title='bbox 2740 3438 2895 3480; x_wconf 88' lang='lat' dir='ltr'><strong>con-</strong></span> 
     </span>
     <span class='ocr_line' id='line_1_32' title="bbox 687 3518 2897 3603; baseline 0 -21"><span class='ocrx_word' id='word_1_211' title='bbox 687 3518 876 3582; x_wconf 88' lang='lat' dir='ltr'><strong>tinua</strong></span> <span class='ocrx_word' id='word_1_212' title='bbox 902 3518 1284 3602; x_wconf 80' lang='lat' dir='ltr'><strong>pulmonum</strong></span> <span class='ocrx_word' id='word_1_213' title='bbox 1323 3518 1675 3602; x_wconf 86' lang='lat' dir='ltr'><strong>agitatione</strong></span> <span class='ocrx_word' id='word_1_214' title='bbox 1712 3524 1779 3582; x_wconf 90' lang='lat' dir='ltr'><strong>et</strong></span> <span class='ocrx_word' id='word_1_215' title='bbox 1808 3518 2171 3583; x_wconf 85' lang='lat' dir='ltr'><strong>vehementi</strong></span> <span class='ocrx_word' id='word_1_216' title='bbox 2205 3519 2357 3583; x_wconf 88' lang='lat' dir='ltr'><strong>nisu</strong></span> <span class='ocrx_word' id='word_1_217' title='bbox 2390 3519 2639 3583; x_wconf 82' lang='lat' dir='ltr'><strong>affatim</strong></span> <span class='ocrx_word' id='word_1_218' title='bbox 2676 3541 2797 3603; x_wconf 90' lang='lat' dir='ltr'><strong>per</strong></span> <span class='ocrx_word' id='word_1_219' title='bbox 2823 3541 2897 3584; x_wconf 88' lang='lat' dir='ltr'><strong>os</strong></span> 
     </span>
     <span class='ocr_line' id='line_1_33' title="bbox 688 3619 2899 3705; baseline 0 -21"><span class='ocrx_word' id='word_1_220' title='bbox 688 3620 996 3703; x_wconf 83' lang='lat' dir='ltr'><strong>rejicitur.</strong></span> <span class='ocrx_word' id='word_1_221' title='bbox 1085 3620 1434 3684; x_wconf 89' lang='lat' dir='ltr'><strong>Pulmones</strong></span> <span class='ocrx_word' id='word_1_222' title='bbox 1465 3620 1697 3685; x_wconf 85' lang='lat' dir='ltr'><strong>exinde</strong></span> <span class='ocrx_word' id='word_1_223' title='bbox 1732 3641 1893 3705; x_wconf 88' lang='lat' dir='ltr'><strong>pure</strong></span> <span class='ocrx_word' id='word_1_224' title='bbox 1920 3621 2141 3686; x_wconf 85' lang='lat' dir='ltr'><strong>referti</strong></span> <span class='ocrx_word' id='word_1_225' title='bbox 2172 3621 2523 3704; x_wconf 87' lang='lat' dir='ltr'><strong>purulenta</strong></span> <span class='ocrx_word' id='word_1_226' title='bbox 2552 3619 2899 3702; x_wconf 79' lang='grc' dir='ltr'><strong>μιάσματα</strong></span> 
     </span>
     <span class='ocr_line' id='line_1_34' title="bbox 689 3723 2897 3808; baseline 0 -20"><span class='ocrx_word' id='word_1_227' title='bbox 689 3744 1201 3808; x_wconf 80' lang='lat' dir='ltr'><strong>quaquaversum</strong></span> <span class='ocrx_word' id='word_1_228' title='bbox 1237 3723 1311 3788; x_wconf 88' lang='lat' dir='ltr'><strong>in</strong></span> <span class='ocrx_word' id='word_1_229' title='bbox 1349 3743 1573 3788; x_wconf 86' lang='lat' dir='ltr'><strong>carnes</strong></span> <span class='ocrx_word' id='word_1_230' title='bbox 1618 3723 2016 3808; x_wconf 88' lang='lat' dir='ltr'><strong>dispergunt.</strong></span> <span class='ocrx_word' id='word_1_231' title='bbox 2110 3725 2291 3789; x_wconf 91' lang='lat' dir='ltr'><strong>Hinc</strong></span> <span class='ocrx_word' id='word_1_232' title='bbox 2328 3724 2654 3789; x_wconf 84' lang='lat' dir='ltr'><strong>enascitur</strong></span> <span class='ocrx_word' id='word_1_233' title='bbox 2696 3724 2897 3789; x_wconf 88' lang='lat' dir='ltr'><strong>febris</strong></span> 
     </span>
     <span class='ocr_line' id='line_1_35' title="bbox 685 3825 2899 3910; baseline 0 -20"><span class='ocrx_word' id='word_1_234' title='bbox 685 3826 968 3910; x_wconf 87' lang='lat' dir='ltr'><strong>putrida,</strong></span> <span class='ocrx_word' id='word_1_235' title='bbox 1000 3827 1184 3910; x_wconf 89' lang='lat' dir='ltr'><strong>cujus</strong></span> <span class='ocrx_word' id='word_1_236' title='bbox 1209 3847 1628 3910; x_wconf 81' lang='lat' dir='ltr'><strong>paroxysmus</strong></span> <span class='ocrx_word' id='word_1_237' title='bbox 1658 3825 1778 3890; x_wconf 86' lang='lat' dir='ltr'><strong>sub</strong></span> <span class='ocrx_word' id='word_1_238' title='bbox 1809 3847 2137 3910; x_wconf 86' lang='lat' dir='ltr'><strong>vesperam</strong></span> <span class='ocrx_word' id='word_1_239' title='bbox 2165 3826 2417 3909; x_wconf 86' lang='lat' dir='ltr'><strong>fatigat,</strong></span> <span class='ocrx_word' id='word_1_240' title='bbox 2440 3825 2566 3891; x_wconf 89' lang='lat' dir='ltr'><strong>sub</strong></span> <span class='ocrx_word' id='word_1_241' title='bbox 2596 3847 2899 3891; x_wconf 78' lang='lat' dir='ltr'><strong>auroram</strong></span> 
     </span>
     <span class='ocr_line' id='line_1_36' title="bbox 687 3928 2901 4013; baseline 0.001 -21"><span class='ocrx_word' id='word_1_242' title='bbox 687 3951 839 3994; x_wconf 83' lang='lat' dir='ltr'><strong>vero</strong></span> <span class='ocrx_word' id='word_1_243' title='bbox 876 3928 1106 3994; x_wconf 89' lang='lat' dir='ltr'><strong>sudore</strong></span> <span class='ocrx_word' id='word_1_244' title='bbox 1141 3928 1394 4012; x_wconf 89' lang='lat' dir='ltr'><strong>copioso</strong></span> <span class='ocrx_word' id='word_1_245' title='bbox 1431 3949 1507 3994; x_wconf 89' lang='lat' dir='ltr'><strong>ac</strong></span> <span class='ocrx_word' id='word_1_246' title='bbox 1543 3929 1709 3993; x_wconf 87' lang='lat' dir='ltr'><strong>vires</strong></span> <span class='ocrx_word' id='word_1_247' title='bbox 1746 3929 2177 3994; x_wconf 86' lang='lat' dir='ltr'><strong>imminuente</strong></span> <span class='ocrx_word' id='word_1_248' title='bbox 2216 3930 2503 3994; x_wconf 88' lang='lat' dir='ltr'><strong>solvitur.</strong></span> <span class='ocrx_word' id='word_1_249' title='bbox 2593 3930 2901 4013; x_wconf 85' lang='lat' dir='ltr'><strong>Denique</strong></span> 
     </span>
     <span class='ocr_line' id='line_1_37' title="bbox 689 4030 2899 4116; baseline 0 -20"><span class='ocrx_word' id='word_1_250' title='bbox 689 4031 773 4097; x_wconf 88' lang='lat' dir='ltr'><strong>ad</strong></span> <span class='ocrx_word' id='word_1_251' title='bbox 794 4031 1111 4096; x_wconf 85' lang='lat' dir='ltr'><strong>malorum</strong></span> <span class='ocrx_word' id='word_1_252' title='bbox 1129 4031 1462 4096; x_wconf 90' lang='lat' dir='ltr'><strong>cumulum</strong></span> <span class='ocrx_word' id='word_1_253' title='bbox 1481 4030 1820 4096; x_wconf 87' lang='lat' dir='ltr'><strong>diarrhoea</strong></span> <span class='ocrx_word' id='word_1_254' title='bbox 1836 4031 2138 4110; x_wconf 87' lang='lat' dir='ltr'><strong>succedit,</strong></span> <span class='ocrx_word' id='word_1_255' title='bbox 2156 4033 2396 4116; x_wconf 84' lang='lat' dir='ltr'><strong>partim</strong></span> <span class='ocrx_word' id='word_1_256' title='bbox 2412 4031 2494 4096; x_wconf 88' lang='lat' dir='ltr'><strong>ab</strong></span> <span class='ocrx_word' id='word_1_257' title='bbox 2512 4031 2899 4098; x_wconf 86' lang='lat' dir='ltr'><strong>humoribus</strong></span> 
     </span>
     <span class='ocr_line' id='line_1_38' title="bbox 689 4133 2901 4218; baseline 0 -20"><span class='ocrx_word' id='word_1_258' title='bbox 689 4134 966 4218; x_wconf 89' lang='lat' dir='ltr'><strong>putridis</strong></span> <span class='ocrx_word' id='word_1_259' title='bbox 1006 4156 1085 4199; x_wconf 85' lang='lat' dir='ltr'><strong>ex</strong></span> <span class='ocrx_word' id='word_1_260' title='bbox 1121 4133 1369 4198; x_wconf 85' lang='lat' dir='ltr'><strong>arteriis</strong></span> <span class='ocrx_word' id='word_1_261' title='bbox 1408 4133 1845 4198; x_wconf 87' lang='lat' dir='ltr'><strong>mesentericis</strong></span> <span class='ocrx_word' id='word_1_262' title='bbox 1884 4133 1955 4196; x_wconf 94' lang='lat' dir='ltr'><strong>in</strong></span> <span class='ocrx_word' id='word_1_263' title='bbox 1990 4133 2304 4198; x_wconf 89' lang='lat' dir='ltr'><strong>intestina</strong></span> <span class='ocrx_word' id='word_1_264' title='bbox 2340 4134 2647 4218; x_wconf 88' lang='lat' dir='ltr'><strong>depositis</strong></span> <span class='ocrx_word' id='word_1_265' title='bbox 2680 4156 2901 4199; x_wconf 78' lang='lat' dir='ltr'><strong>exere-</strong></span> 
     </span>
     <span class='ocr_line' id='line_1_39' title="bbox 687 4234 2899 4320; baseline 0 -20"><span class='ocrx_word' id='word_1_266' title='bbox 687 4237 920 4320; x_wconf 85' lang='lat' dir='ltr'><strong>tisque,</strong></span> <span class='ocrx_word' id='word_1_267' title='bbox 963 4236 1202 4320; x_wconf 87' lang='lat' dir='ltr'><strong>partim</strong></span> <span class='ocrx_word' id='word_1_268' title='bbox 1252 4258 1292 4300; x_wconf 89' lang='lat' dir='ltr'><strong>a</strong></span> <span class='ocrx_word' id='word_1_269' title='bbox 1338 4234 1724 4300; x_wconf 87' lang='lat' dir='ltr'><strong>labefactato</strong></span> <span class='ocrx_word' id='word_1_270' title='bbox 1774 4234 2290 4320; x_wconf 87' lang='lat' dir='ltr'><strong>pessundatoque</strong></span> <span class='ocrx_word' id='word_1_271' title='bbox 2340 4237 2657 4301; x_wconf 89' lang='lat' dir='ltr'><strong>viscerum</strong></span> <span class='ocrx_word' id='word_1_272' title='bbox 2712 4245 2899 4302; x_wconf 86' lang='lat' dir='ltr'><strong>tono.</strong></span> 
     </span>
     <span class='ocr_line' id='line_1_40' title="bbox 691 4337 2901 4422; baseline -0 -19"><span class='ocrx_word' id='word_1_273' title='bbox 691 4341 909 4422; x_wconf 90' lang='lat' dir='ltr'><strong>Atque</strong></span> <span class='ocrx_word' id='word_1_274' title='bbox 936 4339 1032 4403; x_wconf 90' lang='lat' dir='ltr'><strong>ita</strong></span> <span class='ocrx_word' id='word_1_275' title='bbox 1069 4339 1331 4403; x_wconf 87' lang='lat' dir='ltr'><strong>demum</strong></span> <span class='ocrx_word' id='word_1_276' title='bbox 1367 4359 1557 4421; x_wconf 85' lang='lat' dir='ltr'><strong>aeger</strong></span> <span class='ocrx_word' id='word_1_277' title='bbox 1584 4337 1874 4422; x_wconf 81' lang='lat' dir='ltr'><strong>proxima</strong></span> <span class='ocrx_word' id='word_1_278' title='bbox 1911 4345 2156 4403; x_wconf 88' lang='lat' dir='ltr'><strong>aestate</strong></span> <span class='ocrx_word' id='word_1_279' title='bbox 2194 4339 2329 4404; x_wconf 89' lang='lat' dir='ltr'><strong>fato</strong></span> <span class='ocrx_word' id='word_1_280' title='bbox 2364 4361 2481 4403; x_wconf 90' lang='lat' dir='ltr'><strong>suo</strong></span> <span class='ocrx_word' id='word_1_281' title='bbox 2510 4339 2826 4421; x_wconf 80' lang='lat' dir='ltr'><strong>fungitur,</strong></span> <span class='ocrx_word' id='word_1_282' title='bbox 2858 4361 2901 4402; x_wconf 90' lang='lat' dir='ltr'><strong>a</strong></span> 
     </span>
    </p>
   </div>
   <div class='ocr_carea' id='block_1_9' title="bbox 1193 4465 2411 4530">
    <p class='ocr_par' dir='ltr' id='par_1_13' title="bbox 1193 4465 2411 4530">
     <span class='ocr_line' id='line_1_41' title="bbox 1193 4465 2411 4530; baseline 0 -16"><span class='ocrx_word' id='word_1_283' title='bbox 1193 4471 1212 4500; x_wconf 83' lang='lat'>⁸</span> <span class='ocrx_word' id='word_1_284' title='bbox 1253 4465 1448 4514; x_wconf 84' lang='lat' dir='ltr'><strong>Desunt</strong></span> <span class='ocrx_word' id='word_1_285' title='bbox 1469 4465 1659 4529; x_wconf 82' lang='lat' dir='ltr'><strong>reliqua</strong></span> <span class='ocrx_word' id='word_1_286' title='bbox 1682 4465 1732 4513; x_wconf 89' lang='lat' dir='ltr'><strong>in</strong></span> <span class='ocrx_word' id='word_1_287' title='bbox 1757 4466 1831 4516; x_wconf 88' lang='lat' dir='ltr'><strong>ed.</strong></span> <span class='ocrx_word' id='word_1_288' title='bbox 1858 4467 1954 4514; x_wconf 80' lang='grc'><strong>’93.</strong></span> <span class='ocrx_word' id='word_1_289' title='bbox 2024 4465 2105 4514; x_wconf 79' lang='lat' dir='ltr'><strong>Cf.</strong></span> <span class='ocrx_word' id='word_1_290' title='bbox 2133 4480 2239 4530; x_wconf 85' lang='lat' dir='ltr'><strong>sup.</strong></span> <span class='ocrx_word' id='word_1_291' title='bbox 2266 4481 2306 4514; x_wconf 89' lang='lat' dir='ltr'><strong>c.</strong></span> <span class='ocrx_word' id='word_1_292' title='bbox 2332 4469 2411 4514; x_wconf 81' lang='lat'><strong>58.</strong></span> 
     </span>
    </p>
   </div>
  </div>
 </body>
</html>
