3138 5006
681 307 804 368 142
1299 311 1686 374 THOMAE
1736 312 2249 375 SYDENHAM

366 480 651 591 {aazias
677 467 899 530 morbo
930 468 1210 546 adhibui,
1243 471 1629 553 astipulante
1657 472 1894 554 ubique
1922 493 2139 535 rerum
2177 476 2435 549 eventu,
2467 471 2657 534 modo
2686 481 2873 554 aeger

367 610 650 656 Annonam
675 569 1079 651 pubertatem
1120 573 1474 637 excesserit.
1571 573 1845 657 Sanguis
1885 575 2059 638 enim
2102 575 2453 640 infantium
2496 581 2871 658 puerorum-

409 674 615 722 '67-’69.
677 693 800 753 que
835 672 968 754 (qui
1011 694 1126 755 per
1167 675 1495 757 integrum
1537 676 1747 739 morbi
1790 678 2068 741 stadium
2110 678 2486 763 plerumque
2516 682 2667 744 satis
2702 681 2872 745 bene

367 777 652 875 ἓζῗὶᾒὲᾓῖδ
675 775 1045 856 dormiunt,)
1082 798 1231 839 eum
1257 779 1479 841 mitius
1513 779 1772 857 ferveat,
1802 781 2052 844 minusz
2086 781 2455 864 hujusmodi
2484 791 2631 866 eget
2662 785 2869 848 suffia-

367 907 426 938 ea
443 899 556 937 sunt
578 890 652 936 in·
673 879 883 956 mine,
943 888 1134 961 atque
1191 879 1453 962 insuper
1501 880 1734 943 horum
1790 902 1915 944 usu
1974 881 2323 960 diarrhoea,
2377 903 2570 965 quam
2625 884 2695 946 in
2745 884 2873 947 1100

366 954 624 1096 ἓζξέῗι
675 986 881 1049 morbi
912 1007 1144 1067 genere
1182 986 1538 1049 infantibus
1576 987 2049 1050 evacuationem
2089 986 2345 1050 Natura
2386 989 2688 1067 instituit,
2720 1009 2873 1052 cum

366 1101 470 1146 rica
491 1114 616 1160 quae
675 1088 850 1170 aegri
879 1089 1115 1152 damno
1145 1089 1409 1151 sistitur.
1510 1088 1676 1171 [53]
1730 1088 1989 1151 Adultis
2021 1109 2166 1151 vero
2199 1089 2568 1171 paregoriea
2594 1090 2870 1154 medica-

365 1165 590 1275 }ffiffin‘
673 1200 911 1270 menta,
965 1193 1018 1256 si
1059 1193 1427 1276 frequenter
1477 1200 1888 1273 usurpentur,
1942 1192 2099 1255 haec
2150 1191 2449 1255 adferunt
2500 1193 2869 1257 commoda:

366 1293 647 1339 commoda:
671 1293 898 1376 prim0,
923 1314 1220 1356 somnum
1240 1293 1567 1355 moderate
1589 1293 2003 1372 conciliando,
2028 1293 2289 1356 efferam
2316 1293 2510 1357 nimis
2539 1296 2873 1378 sanguinis

674 1394 1115 1457 ebullitionem
1161 1415 1234 1457 ac
1276 1392 1542 1476 proinde
1585 1393 1933 1475 phrenesin
1982 1394 2283 1460 cohibent
2326 1405 2869 1479 praecaventque3

674 1501 843 1578 dein,
877 1499 956 1562 ab
1002 1521 1224 1564 eorum
1268 1520 1392 1560 11811
1437 1497 1621 1561 faciei
1669 1505 1734 1561 et
1777 1520 2089 1561 manuum
2131 1499 2644 1578 intumescentia,
2675 1521 2872 1582 quam

671 1602 993 1682 insignem
1025 1601 1098 1662 in
1135 1599 1258 1662 1100
1297 1599 1521 1662 morbo
1550 1600 1809 1662 Natura
1847 1598 2044 1662 habet
2090 1601 2587 1680 evacuationem,
2632 1603 2872 1665 rectius

673 1706 981 1787 procedit.
1073 1703 1465 1778 Quinetiam,
1498 1700 1691 1783 (quod
1720 1721 1854 1763 non
1882 1721 2109 1782 parum
2136 1700 2289 1763 facit
2320 1702 2401 1764 ad
2430 1702 2607 1784 aegri
2635 1703 2869 1766 securi-

673 1813 892 1884 tatem,
925 1827 1076 1869 cum
1103 1827 1237 1867 non
1265 1825 1408 1866 raro
1440 1805 1617 1885 justo
1647 1801 1836 1864 citius
1865 1802 2259 1865 detumescat
2286 1802 2479 1866 facies
2508 1825 2656 1867 cum
2683 1802 2873 1866 malis

673 1913 848 1994 aegri
902 1909 1140 1991 rebus)
1203 1914 1420 1970 tumor
1475 1903 1943 1968 narcoticorum
2002 1925 2121 1986 ope
2180 1905 2262 1967 ad
2320 1904 2610 1968 debitum
2668 1927 2873 1988 usque

672 2013 964 2076 Naturae
1000 2010 1355 2074 terminum
1387 2007 1751 2069 suffulcitur
1786 2012 1852 2068 et
1884 2005 2317 2089 protrahitur3
2362 2007 2658 2089 mitigato
2695 2008 2875 2070 enim

673 2113 1001 2195 sanguinis
1067 2112 1332 2187 fervore,
1384 2108 1549 2170 radii
1607 2107 1987 2170 inflammati
2052 2117 2411 2190 opportune
2477 2109 2559 2172 ad
2616 2130 2871 2188 manus,

671 2215 920 2292 faciem,
953 2221 1145 2302 atque
1180 2232 1437 2275 omnem
1475 2210 1754 2291 corporis
1786 2209 2186 2292 superficiem
2219 2230 2336 2291 pro
2365 2209 2575 2274 morbi
2607 2211 2875 2294 ingenio

672 2317 989 2380 feruntur.
1081 2315 1491 2398 PtyalismuS,
1524 2311 1819 2393 denique,
1852 2312 2027 2375 hisce
2054 2320 2463 2394 propagatur,
2489 2313 2601 2396 qui
2628 2314 2780 2378 licet
2808 2316 2872 2377 vi

673 2419 1127 2482 medicamenti
1160 2418 1254 2480 ita
1285 2414 1538 2480 fortiter
1572 2414 1984 2477 incrassantis
2015 2413 2097 2477 ad
2130 2415 2318 2478 horas
2348 2414 2592 2498 aliquot
2623 2416 2872 2480 sistitur

673 2524 744 2584 in
775 2521 1181 2604 quibusdam,
1212 2541 1361 2582 mox
1389 2526 1628 2594 tamen,
1654 2526 1843 2581 aucto
1872 2518 2051 2580 novis
2079 2518 2254 2581 hisce
2286 2519 2593 2601 suppetiis
2621 2519 2869 2598 robore,

671 2624 950 2706 insurgit
996 2623 1209 2686 denuo
1259 2621 1533 2699 Natura,
1581 2626 1647 2683 et
1697 2628 1996 2702 coeptum
2054 2641 2213 2702 opus
2271 2620 2544 2684 feliciter
2598 2622 2869 2704 peragit.

675 2724 1052 2791 Quinetiam
1091 2722 1512 2787 animadverti
1553 2721 2008 2799 salivationem,
2043 2742 2205 2803 quae
2246 2721 2413 2784 circa
2452 2721 2624 2785 diem
2666 2722 2871 2786 unde-

673 2828 933 2905 cimum,
974 2825 1318 2909 aliquando
1370 2825 1564 2887 etiam
1612 2824 1821 2901 citius,
1864 2844 2013 2886 011111
2062 2822 2316 2904 ingenti
2367 2824 2543 2905 aegri
2587 2824 2873 2907 periculo

671 2930 878 2992 minui
924 2929 1104 3007 solet,
1147 2926 1446 2991 exhibitis
1489 2927 1636 3009 plus
1680 2924 1879 2987 semel
1920 2926 2303 3007 paregoricis
2347 2925 2427 2989 de
2471 2947 2635 2989 novo
2674 2926 2871 2989 fuisse

671 3031 1194 3113 redintegratam,
1213 3050 1334 3091 nec
1357 3035 1507 3090 ante
1532 3027 1705 3090 diem
1728 3026 2047 3089 decimum
2069 3034 2392 3109 quartum,
2416 3028 2655 3092 alicubi
2675 3031 2871 3093 etiam

364 3146 476 3202 post
495 3139 594 3200 ple-
674 3140 740 3195 et
767 3140 912 3214 post
939 3132 1145 3208 illum,
1179 3129 1458 3192 desiisse.
1539 3128 1818 3211 Propino
1849 3150 1968 3211 ego
1996 3136 2073 3191 ut
2100 3130 2453 3211 plurimum
2479 3131 2581 3193 vel
2608 3130 2871 3194 laudaui

367 3218 632 3314 ssssffeffiuffi
672 3231 900 3315 liquidi
923 3239 1138 3315 guttas
1163 3230 1645 3313 quatuordecim
1664 3236 1777 3291 aut
1800 3230 2052 3292 circiter
2058 3256 2077 3307 3
2114 3230 2216 3293 vel
2238 3232 2457 3315 syrupi
2480 3232 2560 3295 de
2581 3234 2873 3297 meconio

365 3331 520 3377 morbi
544 3346 620 3377 ΜΡ
673 3336 932 3397 unciam
961 3342 1196 3397 unam*
1223 3333 1294 3395 in
1325 3353 1493 3414 aqua
1517 3332 1749 3395 florum
1779 3332 2159 3415 paralyseos,
2183 3333 2283 3395 vel
2314 3334 2505 3396 simili
2536 3335 2871 3415 stillatitia,

367 3409 473 3505 iiiii>
481 3394 647 3506 {iffi}-
675 3437 984 3500 solutam:
1033 3456 1195 3518 quae
1238 3434 1292 3498 si
1337 3433 1573 3497 adultis
1611 3442 1755 3516 post
1794 3434 2052 3516 plenam
2097 3436 2500 3516 eruptionem
2541 3436 2624 3499 ad
2662 3438 2875 3501 morbi

365 3521 477 3569 liter
499 3538 575 3571 su-

368 3595 597 3634 muntur:
675 3560 878 3621 usque
905 3539 1103 3601 finem
1135 3536 1404 3620 singulis
1432 3535 1732 3599 noctibus
1772 3536 2215 3618 propinentur,
2247 3558 2383 3600 non
2410 3537 2602 3601 modo
2630 3538 2873 3603 incom-

673 3640 848 3703 modi
903 3640 1088 3719 nihil,
1135 3640 1250 3703 sed
1307 3646 1372 3702 et
1430 3658 1741 3721 magnum
1798 3636 1951 3701 inde
2020 3639 2529 3702 emolumentum
2595 3642 2872 3724 capient,

369 3787 467 3834 qua
484 3772 602 3819 hora
675 3741 846 3825 quod
883 3742 1205 3825 frequenti
1245 3739 1639 3824 experientia
1669 3738 1880 3802 didici.
1953 3739 2231 3821 Expedit
2268 3762 2419 3804 vero
2454 3742 2553 3823 (ut
2592 3744 2867 3825 censeo,)

367 3836 608 3948 ἓξὲξ»
674 3843 864 3927 paulo
885 3843 1236 3926 temporius
1268 3864 1460 3926 quam
1483 3842 1670 3905 aliter
1697 3840 1837 3903 fieri
1860 3841 2040 3919 solet,
2064 3843 2511 3925 paregoricum
2534 3843 2873 3921 exhibere3

368 3964 578 4012 hibenda
674 3946 858 4008 facile
910 3947 1085 4009 enim
1128 3944 1468 4009 observatu
1511 3952 1609 4006 est
1659 3943 1731 4005 in
1774 3941 2050 4005 Variolis
2100 3944 2361 4025 pessimi
2405 3946 2601 4009 moris
2644 3947 2877 4009 caloris

369 4035 499 4076 sunt.
681 4048 777 4129 (ut
820 4047 916 4110 ita
965 4047 1214 4130 dicam,)
1257 4066 1705 4129 paroaysmum
1745 4044 1991 4128 vesperi
2042 4045 2419 4129 plerumque
2464 4068 2728 4129 aegrum
2770 4048 2871 4111 in-

675 4148 1068 4231 quietudine,
1116 4150 1456 4226 anxietate,
1499 4148 1764 4229 aliisque
1810 4148 2253 4229 symptomatis
2296 4147 2639 4226 lacessere,
2687 4170 2871 4231 quae,

673 4250 726 4313 81
774 4251 1215 4334 paregoricum
1274 4252 1432 4314 hora
1489 4257 1675 4313 sexta
1732 4250 2076 4332 septimave
2135 4251 2497 4333 vespertina
2556 4259 2870 4332 sumatur,

671 4352 1073 4434 aliquatenus
1104 4353 1462 4436 praecaveri
1489 4351 1758 4435 possint.

864 4483 882 4505 ⁸
917 4476 1087 4539 minus]
1115 4482 1236 4525 nullo
1257 4478 1332 4525 ed.
1357 4478 1451 4527 ⁹76.
2130 4490 2153 4515 ⁸
2184 4479 2268 4541 31)]
2288 4488 2369 4527 aut
2392 4480 2454 4542 fij
2476 4480 2548 4527 ed.
2577 4480 2670 4530 ¹⁷6.
