<?xml version="1.0" encoding="UTF-8"?>
<!DOCTYPE html PUBLIC "-//W3C//DTD XHTML 1.0 Transitional//EN"
    "http://www.w3.org/TR/xhtml1/DTD/xhtml1-transitional.dtd">
<html xmlns="http://www.w3.org/1999/xhtml" xml:lang="en" lang="en">
 <head>
  <title>
</title>
<meta http-equiv="Content-Type" content="text/html;charset=utf-8" />
  <meta name='ocr-system' content='tesseract 3.04.00' />
  <meta name='ocr-capabilities' content='ocr_page ocr_carea ocr_par ocr_line ocrx_word'/>
</head>
<body>
  <div class='ocr_page' id='page_1' title='image "./operaomnia00khgoog_0458.png"; bbox 0 0 3138 5006; ppageno 0'>
   <div class='ocr_carea' id='block_1_1' title="bbox 976 299 2394 368">
    <p class='ocr_par' dir='ltr' id='par_1_1' title="bbox 976 299 2394 368">
     <span class='ocr_line' id='line_1_1' title="bbox 976 299 2394 368; baseline 0.003 -4"><span class='ocrx_word' id='word_1_1' title='bbox 976 299 1501 366; x_wconf 79' lang='lat' dir='ltr'><strong>TRACTATUS</strong></span> <span class='ocrx_word' id='word_1_2' title='bbox 1548 301 1611 365; x_wconf 90' lang='lat' dir='ltr'><strong>I.</strong></span> <span class='ocrx_word' id='word_1_3' title='bbox 1779 301 1789 310; x_wconf 85' lang='lat'><strong>‘</strong></span> <span class='ocrx_word' id='word_1_4' title='bbox 2262 305 2394 368; x_wconf 80' lang='lat'><strong>435</strong></span> 
     </span>
    </p>
   </div>
   <div class='ocr_carea' id='block_1_2' title="bbox 184 457 2713 4459">
    <p class='ocr_par' dir='ltr' id='par_1_2' title="bbox 186 457 2685 752">
     <span class='ocr_line' id='line_1_2' title="bbox 186 457 2685 550; baseline 0.004 -28"><span class='ocrx_word' id='word_1_5' title='bbox 186 457 317 523; x_wconf 80' lang='lat' dir='ltr'><strong>cari</strong></span> <span class='ocrx_word' id='word_1_6' title='bbox 332 458 597 542; x_wconf 82' lang='lat' dir='ltr'><strong>spiritus</strong></span> <span class='ocrx_word' id='word_1_7' title='bbox 612 461 941 526; x_wconf 76' lang='lat' dir='ltr'><strong>naturales</strong></span> <span class='ocrx_word' id='word_1_8' title='bbox 963 465 1159 546; x_wconf 89' lang='lat' dir='ltr'><strong>atque</strong></span> <span class='ocrx_word' id='word_1_9' title='bbox 1176 463 1425 547; x_wconf 79' lang='lat' dir='ltr'><strong>fugari3</strong></span> <span class='ocrx_word' id='word_1_10' title='bbox 1456 461 1636 528; x_wconf 89' lang='lat' dir='ltr'><strong>unde</strong></span> <span class='ocrx_word' id='word_1_11' title='bbox 1658 469 1756 527; x_wconf 85' lang='lat' dir='ltr'><strong>est</strong></span> <span class='ocrx_word' id='word_1_12' title='bbox 1784 463 2052 546; x_wconf 84' lang='lat' dir='ltr'><strong>(sibene</strong></span> <span class='ocrx_word' id='word_1_13' title='bbox 2071 464 2388 550; x_wconf 83' lang='lat' dir='ltr'><strong>conjicio‚)</strong></span> <span class='ocrx_word' id='word_1_14' title='bbox 2442 483 2526 531; x_wconf 67' lang='lat' dir='ltr'><strong>Da</strong></span> <span class='ocrx_word' id='word_1_15' title='bbox 2550 483 2685 532; x_wconf 77' lang='lat' dir='ltr'><strong>Pon-</strong></span> 
     </span>
     <span class='ocr_line' id='line_1_3' title="bbox 189 560 2644 653; baseline 0.003 -29"><span class='ocrx_word' id='word_1_16' title='bbox 189 561 361 643; x_wconf 91' lang='lat' dir='ltr'><strong>quod</strong></span> <span class='ocrx_word' id='word_1_17' title='bbox 387 560 645 627; x_wconf 77' lang='lat' dir='ltr'><strong>bibaces</strong></span> <span class='ocrx_word' id='word_1_18' title='bbox 674 571 869 646; x_wconf 88' lang='lat' dir='ltr'><strong>atque</strong></span> <span class='ocrx_word' id='word_1_19' title='bbox 898 569 1165 647; x_wconf 77' lang='lat' dir='ltr'><strong>nepotes</strong></span> <span class='ocrx_word' id='word_1_20' title='bbox 1190 565 1303 629; x_wconf 89' lang='lat' dir='ltr'><strong>isti</strong></span> <span class='ocrx_word' id='word_1_21' title='bbox 1338 565 1507 630; x_wconf 85' lang='lat' dir='ltr'><strong>male</strong></span> <span class='ocrx_word' id='word_1_22' title='bbox 1532 564 1766 644; x_wconf 85' lang='lat' dir='ltr'><strong>feriati,</strong></span> <span class='ocrx_word' id='word_1_23' title='bbox 1798 565 2111 649; x_wconf 84' lang='lat' dir='ltr'><strong>Podagra,</strong></span> <span class='ocrx_word' id='word_1_24' title='bbox 2141 568 2392 653; x_wconf 84' lang='lat' dir='ltr'><strong>paraly-</strong></span> <span class='ocrx_word' id='word_1_25' title='bbox 2485 561 2644 596; x_wconf 59' lang='grc' dir='ltr'>ΛΟΜ·</span> 
     </span>
     <span class='ocr_line' id='line_1_4' title="bbox 189 662 2392 752; baseline 0.005 -28"><span class='ocrx_word' id='word_1_26' title='bbox 189 662 263 740; x_wconf 86' lang='lat' dir='ltr'><strong>si,</strong></span> <span class='ocrx_word' id='word_1_27' title='bbox 293 662 599 748; x_wconf 80' lang='lat' dir='ltr'>hydrope,</span> <span class='ocrx_word' id='word_1_28' title='bbox 630 665 895 749; x_wconf 84' lang='lat' dir='ltr'><strong>aliisque</strong></span> <span class='ocrx_word' id='word_1_29' title='bbox 922 666 1163 731; x_wconf 81' lang='lat' dir='ltr'>morbis</span> <span class='ocrx_word' id='word_1_30' title='bbox 1204 667 1473 750; x_wconf 78' lang='lat' dir='ltr'><strong>frigidis,</strong></span> <span class='ocrx_word' id='word_1_31' title='bbox 1512 668 1650 732; x_wconf 88' lang='lat' dir='ltr'><strong>fere</strong></span> <span class='ocrx_word' id='word_1_32' title='bbox 1685 668 2116 752; x_wconf 88' lang='lat' dir='ltr'><strong>perimuntur.</strong></span> <span class='ocrx_word' id='word_1_33' title='bbox 2201 670 2392 734; x_wconf 83' lang='lat' dir='ltr'><strong>Adde</strong></span> 
     </span>
    </p>

    <p class='ocr_par' dir='ltr' id='par_1_3' title="bbox 188 765 2394 956">
     <span class='ocr_line' id='line_1_5' title="bbox 190 765 2394 854; baseline 0.004 -26"><span class='ocrx_word' id='word_1_34' title='bbox 190 765 365 848; x_wconf 90' lang='lat' dir='ltr'><strong>quod</strong></span> <span class='ocrx_word' id='word_1_35' title='bbox 392 767 571 851; x_wconf 83' lang='lat' dir='ltr'><strong>jugis</strong></span> <span class='ocrx_word' id='word_1_36' title='bbox 614 777 681 832; x_wconf 87' lang='lat' dir='ltr'><strong>et</strong></span> <span class='ocrx_word' id='word_1_37' title='bbox 722 768 1065 833; x_wconf 90' lang='lat' dir='ltr'><strong>immodica</strong></span> <span class='ocrx_word' id='word_1_38' title='bbox 1106 769 1243 833; x_wconf 86' lang='lat' dir='ltr'><strong>vini</strong></span> <span class='ocrx_word' id='word_1_39' title='bbox 1300 769 1727 852; x_wconf 76' lang='lat' dir='ltr'><strong>ingurgitatio</strong></span> <span class='ocrx_word' id='word_1_40' title='bbox 1762 790 2012 854; x_wconf 83' lang='lat' dir='ltr'><strong>corpus,</strong></span> <span class='ocrx_word' id='word_1_41' title='bbox 2059 770 2144 835; x_wconf 86' lang='lat' dir='ltr'><strong>ad</strong></span> <span class='ocrx_word' id='word_1_42' title='bbox 2187 771 2394 838; x_wconf 84' lang='lat' dir='ltr'><strong>instar</strong></span> 
     </span>
     <span class='ocr_line' id='line_1_6' title="bbox 188 870 2394 956; baseline 0.003 -25"><span class='ocrx_word' id='word_1_43' title='bbox 188 889 527 951; x_wconf 89' lang='lat' dir='ltr'><strong>corporum</strong></span> <span class='ocrx_word' id='word_1_44' title='bbox 568 870 1017 952; x_wconf 87' lang='lat' dir='ltr'><strong>foeminarum,</strong></span> <span class='ocrx_word' id='word_1_45' title='bbox 1046 871 1291 936; x_wconf 84' lang='lat' dir='ltr'><strong>emollit</strong></span> <span class='ocrx_word' id='word_1_46' title='bbox 1328 872 1670 956; x_wconf 83' lang='lat' dir='ltr'><strong>laxatque3</strong></span> <span class='ocrx_word' id='word_1_47' title='bbox 1716 893 1868 936; x_wconf 90' lang='lat' dir='ltr'><strong>cum</strong></span> <span class='ocrx_word' id='word_1_48' title='bbox 1908 872 2186 956; x_wconf 79' lang='lat' dir='ltr'><strong>liquores</strong></span> <span class='ocrx_word' id='word_1_49' title='bbox 2227 879 2394 937; x_wconf 88' lang='lat' dir='ltr'><strong>tem-</strong></span> 
     </span>
    </p>

    <p class='ocr_par' dir='ltr' id='par_1_4' title="bbox 186 972 2398 1056">
     <span class='ocr_line' id='line_1_7' title="bbox 186 972 2398 1056; baseline 0.003 -22"><span class='ocrx_word' id='word_1_50' title='bbox 186 972 395 1054; x_wconf 87' lang='lat' dir='ltr'><strong>perati</strong></span> <span class='ocrx_word' id='word_1_51' title='bbox 443 973 726 1056; x_wconf 91' lang='lat' dir='ltr'><strong>partium</strong></span> <span class='ocrx_word' id='word_1_52' title='bbox 768 974 1059 1038; x_wconf 89' lang='lat' dir='ltr'><strong>omnium</strong></span> <span class='ocrx_word' id='word_1_53' title='bbox 1100 981 1333 1039; x_wconf 90' lang='lat' dir='ltr'><strong>tonum</strong></span> <span class='ocrx_word' id='word_1_54' title='bbox 1380 974 1688 1039; x_wconf 83' lang='lat' dir='ltr'><strong>roborent</strong></span> <span class='ocrx_word' id='word_1_55' title='bbox 1729 995 1806 1038; x_wconf 89' lang='lat' dir='ltr'><strong>ac</strong></span> <span class='ocrx_word' id='word_1_56' title='bbox 1855 975 2156 1040; x_wconf 83' lang='lat' dir='ltr'><strong>firment:</strong></span> <span class='ocrx_word' id='word_1_57' title='bbox 2217 976 2398 1041; x_wconf 83' lang='lat' dir='ltr'><strong>unde</strong></span> 
     </span>
    </p>

    <p class='ocr_par' dir='ltr' id='par_1_5' title="bbox 186 1074 2399 1264">
     <span class='ocr_line' id='line_1_8' title="bbox 192 1074 2399 1165; baseline 0.002 -26"><span class='ocrx_word' id='word_1_58' title='bbox 192 1074 303 1157; x_wconf 93' lang='lat' dir='ltr'><strong>qui</strong></span> <span class='ocrx_word' id='word_1_59' title='bbox 344 1075 699 1158; x_wconf 78' lang='lat' dir='ltr'><strong>liquoribus</strong></span> <span class='ocrx_word' id='word_1_60' title='bbox 734 1077 1139 1142; x_wconf 75' lang='lat' dir='ltr'><strong>tenuioribus</strong></span> <span class='ocrx_word' id='word_1_61' title='bbox 1184 1099 1435 1161; x_wconf 88' lang='lat' dir='ltr'><strong>semper</strong></span> <span class='ocrx_word' id='word_1_62' title='bbox 1474 1098 1826 1165; x_wconf 77' lang='lat' dir='ltr'><strong>assuevere,</strong></span> <span class='ocrx_word' id='word_1_63' title='bbox 1857 1077 2220 1162; x_wconf 75' lang='lat' dir='ltr'><strong>Podagram</strong></span> <span class='ocrx_word' id='word_1_64' title='bbox 2261 1081 2399 1144; x_wconf 88' lang='lat' dir='ltr'><strong>fere</strong></span> 
     </span>
     <span class='ocr_line' id='line_1_9' title="bbox 186 1177 2396 1264; baseline 0.005 -25"><span class='ocrx_word' id='word_1_65' title='bbox 186 1177 507 1241; x_wconf 86' lang='lat' dir='ltr'><strong>nesciunt.</strong></span> <span class='ocrx_word' id='word_1_66' title='bbox 605 1178 991 1243; x_wconf 82' lang='lat' dir='ltr'><strong>Notandum</strong></span> <span class='ocrx_word' id='word_1_67' title='bbox 1034 1187 1133 1244; x_wconf 88' lang='lat' dir='ltr'><strong>est</strong></span> <span class='ocrx_word' id='word_1_68' title='bbox 1175 1180 1459 1264; x_wconf 88' lang='lat' dir='ltr'><strong>insuper,</strong></span> <span class='ocrx_word' id='word_1_69' title='bbox 1511 1180 1684 1264; x_wconf 91' lang='lat' dir='ltr'><strong>quod</strong></span> <span class='ocrx_word' id='word_1_70' title='bbox 1739 1180 1892 1246; x_wconf 88' lang='lat' dir='ltr'><strong>huic</strong></span> <span class='ocrx_word' id='word_1_71' title='bbox 1947 1181 2174 1248; x_wconf 90' lang='lat' dir='ltr'><strong>morbo</strong></span> <span class='ocrx_word' id='word_1_72' title='bbox 2216 1205 2396 1248; x_wconf 83' lang='lat' dir='ltr'><strong>max·-</strong></span> 
     </span>
    </p>

    <p class='ocr_par' dir='ltr' id='par_1_6' title="bbox 188 1279 2398 1470">
     <span class='ocr_line' id='line_1_10' title="bbox 188 1279 2396 1365; baseline 0.002 -22"><span class='ocrx_word' id='word_1_73' title='bbox 188 1279 320 1343; x_wconf 91' lang='lat' dir='ltr'><strong>ime</strong></span> <span class='ocrx_word' id='word_1_74' title='bbox 376 1280 639 1345; x_wconf 82' lang='lat' dir='ltr'><strong>obnoxii</strong></span> <span class='ocrx_word' id='word_1_75' title='bbox 694 1282 817 1345; x_wconf 83' lang='lat' dir='ltr'><strong>viri</strong></span> <span class='ocrx_word' id='word_1_76' title='bbox 872 1288 1047 1360; x_wconf 90' lang='lat' dir='ltr'><strong>sunt,</strong></span> <span class='ocrx_word' id='word_1_77' title='bbox 1095 1283 1225 1365; x_wconf 91' lang='lat' dir='ltr'><strong>qui,</strong></span> <span class='ocrx_word' id='word_1_78' title='bbox 1269 1281 1421 1347; x_wconf 88' lang='lat' dir='ltr'><strong>licet</strong></span> <span class='ocrx_word' id='word_1_79' title='bbox 1478 1283 1892 1347; x_wconf 81' lang='lat' dir='ltr'><strong>imminutam</strong></span> <span class='ocrx_word' id='word_1_80' title='bbox 1941 1283 2186 1349; x_wconf 86' lang='lat' dir='ltr'><strong>habent</strong></span> <span class='ocrx_word' id='word_1_81' title='bbox 2245 1305 2396 1350; x_wconf 89' lang='lat' dir='ltr'><strong>con-</strong></span> 
     </span>
     <span class='ocr_line' id='line_1_11' title="bbox 188 1383 2398 1470; baseline 0.002 -23"><span class='ocrx_word' id='word_1_82' title='bbox 188 1383 547 1448; x_wconf 81' lang='lat' dir='ltr'><strong>coctionem</strong></span> <span class='ocrx_word' id='word_1_83' title='bbox 590 1385 972 1464; x_wconf 77' lang='lat' dir='ltr'><strong>naturalem,</strong></span> <span class='ocrx_word' id='word_1_84' title='bbox 1024 1390 1247 1449; x_wconf 89' lang='lat' dir='ltr'><strong>tamen</strong></span> <span class='ocrx_word' id='word_1_85' title='bbox 1290 1406 1371 1450; x_wconf 84' lang='lat' dir='ltr'><strong>ex</strong></span> <span class='ocrx_word' id='word_1_86' title='bbox 1428 1384 1708 1469; x_wconf 89' lang='lat' dir='ltr'><strong>quadam</strong></span> <span class='ocrx_word' id='word_1_87' title='bbox 1767 1387 2100 1470; x_wconf 66' lang='lat' dir='ltr'><strong>sangiunis</strong></span> <span class='ocrx_word' id='word_1_88' title='bbox 2141 1388 2398 1452; x_wconf 85' lang='lat' dir='ltr'><strong>luxuria</strong></span> 
     </span>
    </p>

    <p class='ocr_par' dir='ltr' id='par_1_7' title="bbox 187 1486 2397 1573">
     <span class='ocr_line' id='line_1_12' title="bbox 187 1486 2397 1573; baseline 0.002 -24"><span class='ocrx_word' id='word_1_89' title='bbox 187 1486 337 1568; x_wconf 87' lang='lat' dir='ltr'><strong>plus</strong></span> <span class='ocrx_word' id='word_1_90' title='bbox 376 1487 531 1551; x_wconf 87' lang='lat' dir='ltr'><strong>satis</strong></span> <span class='ocrx_word' id='word_1_91' title='bbox 568 1487 893 1567; x_wconf 84' lang='lat' dir='ltr'><strong>nutriunt,</strong></span> <span class='ocrx_word' id='word_1_92' title='bbox 924 1493 991 1552; x_wconf 86' lang='lat' dir='ltr'><strong>et</strong></span> <span class='ocrx_word' id='word_1_93' title='bbox 1026 1488 1503 1552; x_wconf 88' lang='lat' dir='ltr'><strong>incrementum</strong></span> <span class='ocrx_word' id='word_1_94' title='bbox 1537 1495 1806 1553; x_wconf 79' lang='lat' dir='ltr'><strong>sumunt</strong></span> <span class='ocrx_word' id='word_1_95' title='bbox 1835 1509 1916 1553; x_wconf 82' lang='lat' dir='ltr'><strong>ex</strong></span> <span class='ocrx_word' id='word_1_96' title='bbox 1939 1489 2214 1553; x_wconf 87' lang='lat' dir='ltr'><strong>materia</strong></span> <span class='ocrx_word' id='word_1_97' title='bbox 2241 1511 2397 1573; x_wconf 84' lang='lat' dir='ltr'><strong>qua-</strong></span> 
     </span>
    </p>

    <p class='ocr_par' dir='ltr' id='par_1_8' title="bbox 192 1589 2398 1675">
     <span class='ocr_line' id='line_1_13' title="bbox 192 1589 2398 1675; baseline 0.001 -23"><span class='ocrx_word' id='word_1_98' title='bbox 192 1589 344 1652; x_wconf 85' lang='lat' dir='ltr'><strong>dam</strong></span> <span class='ocrx_word' id='word_1_99' title='bbox 392 1589 717 1672; x_wconf 87' lang='lat' dir='ltr'><strong>indigesta</strong></span> <span class='ocrx_word' id='word_1_100' title='bbox 766 1591 907 1654; x_wconf 92' lang='lat' dir='ltr'><strong>loco</strong></span> <span class='ocrx_word' id='word_1_101' title='bbox 950 1589 1349 1654; x_wconf 87' lang='lat' dir='ltr'><strong>substantiae</strong></span> <span class='ocrx_word' id='word_1_102' title='bbox 1398 1590 1670 1658; x_wconf 86' lang='lat' dir='ltr'><strong>sanioris</strong></span> <span class='ocrx_word' id='word_1_103' title='bbox 1721 1598 1789 1655; x_wconf 88' lang='lat' dir='ltr'><strong>et</strong></span> <span class='ocrx_word' id='word_1_104' title='bbox 1837 1591 1963 1657; x_wconf 87' lang='lat' dir='ltr'><strong>rite</strong></span> <span class='ocrx_word' id='word_1_105' title='bbox 2007 1599 2398 1675; x_wconf 77' lang='lat' dir='ltr'><strong>compactae.</strong></span> 
     </span>
    </p>

    <p class='ocr_par' dir='ltr' id='par_1_9' title="bbox 194 1689 2398 1777">
     <span class='ocr_line' id='line_1_14' title="bbox 194 1689 2398 1777; baseline 0.002 -23"><span class='ocrx_word' id='word_1_106' title='bbox 194 1691 389 1754; x_wconf 86' lang='lat' dir='ltr'><strong>Hanc</strong></span> <span class='ocrx_word' id='word_1_107' title='bbox 418 1692 752 1774; x_wconf 83' lang='lat' dir='ltr'><strong>sanguinis</strong></span> <span class='ocrx_word' id='word_1_108' title='bbox 780 1693 1102 1772; x_wconf 79' lang='lat' dir='ltr'><strong>luxuriam</strong></span> <span class='ocrx_word' id='word_1_109' title='bbox 1124 1689 1459 1757; x_wconf 74' lang='grc' dir='ltr'><em>οἶνοποσία</em></span> <span class='ocrx_word' id='word_1_110' title='bbox 1480 1693 1759 1777; x_wconf 85' lang='lat' dir='ltr'><strong>adauget</strong></span> <span class='ocrx_word' id='word_1_111' title='bbox 1779 1693 2012 1777; x_wconf 84' lang='lat' dir='ltr'><strong>magis,</strong></span> <span class='ocrx_word' id='word_1_112' title='bbox 2033 1714 2107 1758; x_wconf 87' lang='lat' dir='ltr'><strong>ac</strong></span> <span class='ocrx_word' id='word_1_113' title='bbox 2127 1694 2398 1776; x_wconf 89' lang='lat' dir='ltr'><strong>proinde</strong></span> 
     </span>
    </p>

    <p class='ocr_par' dir='ltr' id='par_1_10' title="bbox 191 1794 2400 1874">
     <span class='ocr_line' id='line_1_15' title="bbox 191 1794 2400 1874; baseline 0.001 -16"><span class='ocrx_word' id='word_1_114' title='bbox 191 1799 341 1858; x_wconf 81' lang='lat' dir='ltr'><strong>tum</strong></span> <span class='ocrx_word' id='word_1_115' title='bbox 369 1815 601 1858; x_wconf 83' lang='lat' dir='ltr'><strong>novam</strong></span> <span class='ocrx_word' id='word_1_116' title='bbox 628 1795 935 1859; x_wconf 86' lang='lat' dir='ltr'><strong>materiae</strong></span> <span class='ocrx_word' id='word_1_117' title='bbox 956 1794 1289 1859; x_wconf 87' lang='lat' dir='ltr'><strong>saburram</strong></span> <span class='ocrx_word' id='word_1_118' title='bbox 1312 1796 1696 1874; x_wconf 86' lang='lat' dir='ltr'><strong>accumulat,</strong></span> <span class='ocrx_word' id='word_1_119' title='bbox 1719 1803 1866 1860; x_wconf 88' lang='lat' dir='ltr'><strong>tum</strong></span> <span class='ocrx_word' id='word_1_120' title='bbox 1887 1795 2084 1860; x_wconf 87' lang='lat' dir='ltr'><strong>etiam</strong></span> <span class='ocrx_word' id='word_1_121' title='bbox 2103 1795 2400 1861; x_wconf 87' lang='lat' dir='ltr'><strong>fomitem</strong></span> 
     </span>
    </p>

    <p class='ocr_par' dir='ltr' id='par_1_11' title="bbox 184 1895 2400 1983">
     <span class='ocr_line' id='line_1_16' title="bbox 184 1895 2400 1983; baseline 0.002 -23"><span class='ocrx_word' id='word_1_122' title='bbox 184 1895 441 1979; x_wconf 83' lang='lat' dir='ltr'><strong>jamdiu</strong></span> <span class='ocrx_word' id='word_1_123' title='bbox 482 1897 837 1980; x_wconf 87' lang='lat' dir='ltr'><strong>repositum</strong></span> <span class='ocrx_word' id='word_1_124' title='bbox 880 1897 1062 1982; x_wconf 81' lang='lat' dir='ltr'><strong>quasi</strong></span> <span class='ocrx_word' id='word_1_125' title='bbox 1106 1897 1367 1962; x_wconf 89' lang='lat' dir='ltr'><strong>subdita</strong></span> <span class='ocrx_word' id='word_1_126' title='bbox 1402 1898 1541 1962; x_wconf 85' lang='lat' dir='ltr'><strong>face</strong></span> <span class='ocrx_word' id='word_1_127' title='bbox 1568 1905 1722 1964; x_wconf 86' lang='lat' dir='ltr'><strong>actu</strong></span> <span class='ocrx_word' id='word_1_128' title='bbox 1749 1898 1820 1962; x_wconf 90' lang='lat' dir='ltr'><strong>in</strong></span> <span class='ocrx_word' id='word_1_129' title='bbox 1847 1898 2150 1964; x_wconf 88' lang='lat' dir='ltr'><strong>morbum</strong></span> <span class='ocrx_word' id='word_1_130' title='bbox 2175 1920 2400 1983; x_wconf 79' lang='lat' dir='ltr'><strong>provo-</strong></span> 
     </span>
    </p>

    <p class='ocr_par' dir='ltr' id='par_1_12' title="bbox 193 1999 2404 2086">
     <span class='ocr_line' id='line_1_17' title="bbox 193 1999 2404 2086; baseline 0.001 -24"><span class='ocrx_word' id='word_1_131' title='bbox 193 2005 319 2063; x_wconf 89' lang='lat' dir='ltr'><strong>cat.</strong></span> <span class='ocrx_word' id='word_1_132' title='bbox 412 1999 589 2064; x_wconf 87' lang='lat' dir='ltr'><strong>Huic</strong></span> <span class='ocrx_word' id='word_1_133' title='bbox 632 2001 893 2066; x_wconf 80' lang='lat' dir='ltr'><strong>accedat</strong></span> <span class='ocrx_word' id='word_1_134' title='bbox 944 2001 1125 2080; x_wconf 76' lang='lat' dir='ltr'><strong>strui,</strong></span> <span class='ocrx_word' id='word_1_135' title='bbox 1170 2001 1361 2086; x_wconf 89' lang='lat' dir='ltr'><strong>quod,</strong></span> <span class='ocrx_word' id='word_1_136' title='bbox 1398 2021 1549 2066; x_wconf 89' lang='lat' dir='ltr'><strong>cum</strong></span> <span class='ocrx_word' id='word_1_137' title='bbox 1593 2001 2096 2084; x_wconf 83' lang='lat' dir='ltr'><strong>Podagricormn</strong></span> <span class='ocrx_word' id='word_1_138' title='bbox 2141 2002 2404 2085; x_wconf 77' lang='lat' dir='ltr'><strong>sanguis</strong></span> 
     </span>
    </p>

    <p class='ocr_par' dir='ltr' id='par_1_13' title="bbox 191 2101 2404 2291">
     <span class='ocr_line' id='line_1_18' title="bbox 191 2101 2402 2188; baseline 0.001 -22"><span class='ocrx_word' id='word_1_139' title='bbox 191 2101 304 2166; x_wconf 85' lang='lat' dir='ltr'><strong>isti</strong></span> <span class='ocrx_word' id='word_1_140' title='bbox 345 2103 457 2186; x_wconf 91' lang='lat' dir='ltr'><strong>qui</strong></span> <span class='ocrx_word' id='word_1_141' title='bbox 484 2126 521 2168; x_wconf 88' lang='lat' dir='ltr'><strong>e</strong></span> <span class='ocrx_word' id='word_1_142' title='bbox 547 2104 1031 2188; x_wconf 88' lang='lat' dir='ltr'><strong>pleuriticorum</strong></span> <span class='ocrx_word' id='word_1_143' title='bbox 1068 2104 1465 2187; x_wconf 87' lang='lat' dir='ltr'><strong>aliorumque</strong></span> <span class='ocrx_word' id='word_1_144' title='bbox 1502 2103 1746 2169; x_wconf 84' lang='lat' dir='ltr'><strong>morbis</strong></span> <span class='ocrx_word' id='word_1_145' title='bbox 1771 2104 2283 2168; x_wconf 87' lang='lat' dir='ltr'><strong>inflammatoriis</strong></span> <span class='ocrx_word' id='word_1_146' title='bbox 2311 2103 2402 2167; x_wconf 84' lang='lat' dir='ltr'><strong>la-</strong></span> 
     </span>
     <span class='ocr_line' id='line_1_19' title="bbox 191 2205 2404 2291; baseline 0 -22"><span class='ocrx_word' id='word_1_147' title='bbox 191 2205 567 2271; x_wconf 88' lang='lat' dir='ltr'><strong>borantium</strong></span> <span class='ocrx_word' id='word_1_148' title='bbox 601 2208 875 2291; x_wconf 87' lang='lat' dir='ltr'><strong>pertusis</strong></span> <span class='ocrx_word' id='word_1_149' title='bbox 914 2207 1094 2272; x_wconf 83' lang='lat' dir='ltr'><strong>venis</strong></span> <span class='ocrx_word' id='word_1_150' title='bbox 1136 2207 1497 2271; x_wconf 75' lang='lat' dir='ltr'><strong>extrahitur</strong></span> <span class='ocrx_word' id='word_1_151' title='bbox 1522 2207 1864 2290; x_wconf 85' lang='lat' dir='ltr'><strong>persimilis</strong></span> <span class='ocrx_word' id='word_1_152' title='bbox 1891 2207 1997 2285; x_wconf 90' lang='lat' dir='ltr'><strong>sit,</strong></span> <span class='ocrx_word' id='word_1_153' title='bbox 2027 2206 2404 2270; x_wconf 85' lang='lat' dir='ltr'><strong>insanorum</strong></span> 
     </span>
    </p>

    <p class='ocr_par' dir='ltr' id='par_1_14' title="bbox 194 2309 2402 2397">
     <span class='ocr_line' id='line_1_20' title="bbox 194 2309 2402 2397; baseline 0.001 -25"><span class='ocrx_word' id='word_1_154' title='bbox 194 2315 360 2372; x_wconf 61' lang='lat' dir='ltr'><strong>esset</strong></span> <span class='ocrx_word' id='word_1_155' title='bbox 390 2312 773 2394; x_wconf 83' lang='lat' dir='ltr'><strong>sanguinem</strong></span> <span class='ocrx_word' id='word_1_156' title='bbox 809 2311 948 2395; x_wconf 84' lang='lat' dir='ltr'><strong>jam</strong></span> <span class='ocrx_word' id='word_1_157' title='bbox 976 2309 1290 2397; x_wconf 70' lang='grc' dir='ltr'><em>ὀριγιῶντα</em></span> <span class='ocrx_word' id='word_1_158' title='bbox 1320 2311 1594 2374; x_wconf 89' lang='lat' dir='ltr'><strong>ulterius</strong></span> <span class='ocrx_word' id='word_1_159' title='bbox 1638 2311 1996 2394; x_wconf 90' lang='lat' dir='ltr'><strong>spirituosis</strong></span> <span class='ocrx_word' id='word_1_160' title='bbox 2025 2311 2402 2394; x_wconf 85' lang='lat' dir='ltr'><strong>liquoribus,</strong></span> 
     </span>
    </p>

    <p class='ocr_par' dir='ltr' id='par_1_15' title="bbox 195 2413 2713 3115">
     <span class='ocr_line' id='line_1_21' title="bbox 195 2413 2710 2502; baseline -0.002 -26"><span class='ocrx_word' id='word_1_161' title='bbox 195 2431 319 2476; x_wconf 91' lang='lat' dir='ltr'><strong>ceu</strong></span> <span class='ocrx_word' id='word_1_162' title='bbox 344 2413 563 2494; x_wconf 85' lang='lat' dir='ltr'><strong>ignem</strong></span> <span class='ocrx_word' id='word_1_163' title='bbox 583 2414 743 2493; x_wconf 91' lang='lat' dir='ltr'><strong>oleo,</strong></span> <span class='ocrx_word' id='word_1_164' title='bbox 772 2415 1106 2496; x_wconf 87' lang='lat' dir='ltr'><strong>proritare.</strong></span> <span class='ocrx_word' id='word_1_165' title='bbox 1194 2413 1428 2498; x_wconf 88' lang='lat' dir='ltr'><strong>Neque</strong></span> <span class='ocrx_word' id='word_1_166' title='bbox 1466 2413 1674 2478; x_wconf 90' lang='lat' dir='ltr'><strong>tutius</strong></span> <span class='ocrx_word' id='word_1_167' title='bbox 1713 2434 1793 2477; x_wconf 82' lang='lat' dir='ltr'><strong>ex</strong></span> <span class='ocrx_word' id='word_1_168' title='bbox 1835 2413 2098 2478; x_wconf 83' lang='lat' dir='ltr'><strong>adverso</strong></span> <span class='ocrx_word' id='word_1_169' title='bbox 2125 2414 2404 2497; x_wconf 87' lang='lat' dir='ltr'><strong>liquores</strong></span> <span class='ocrx_word' id='word_1_170' title='bbox 2431 2423 2606 2501; x_wconf 50' lang='lat' dir='ltr'><strong>{teque</strong></span> <span class='ocrx_word' id='word_1_171' title='bbox 2629 2429 2710 2502; x_wconf 60' lang='lat' dir='ltr'><strong>gu-</strong></span> 
     </span>
     <span class='ocr_line' id='line_1_22' title="bbox 195 2497 2713 2603; baseline 0.001 -25"><span class='ocrx_word' id='word_1_172' title='bbox 195 2516 473 2579; x_wconf 86' lang='lat' dir='ltr'><strong>nimium</strong></span> <span class='ocrx_word' id='word_1_173' title='bbox 492 2517 945 2601; x_wconf 70' lang='lat' dir='ltr'><strong>refrigerantes</strong></span> <span class='ocrx_word' id='word_1_174' title='bbox 960 2518 1033 2581; x_wconf 91' lang='lat' dir='ltr'><strong>in</strong></span> <span class='ocrx_word' id='word_1_175' title='bbox 1052 2540 1245 2583; x_wconf 89' lang='lat' dir='ltr'><strong>usum</strong></span> <span class='ocrx_word' id='word_1_176' title='bbox 1266 2524 1665 2596; x_wconf 86' lang='lat' dir='ltr'><strong>revocantur,</strong></span> <span class='ocrx_word' id='word_1_177' title='bbox 1687 2538 1836 2581; x_wconf 87' lang='lat' dir='ltr'><strong>cum</strong></span> <span class='ocrx_word' id='word_1_178' title='bbox 1851 2517 1941 2595; x_wconf 88' lang='lat' dir='ltr'><strong>bi,</strong></span> <span class='ocrx_word' id='word_1_179' title='bbox 1961 2518 2407 2583; x_wconf 90' lang='lat' dir='ltr'><strong>concoctiones.</strong></span> <span class='ocrx_word' id='word_1_180' title='bbox 2428 2497 2713 2603; x_wconf 42' lang='lat' dir='ltr'><strong>2322&amp;ss</strong></span> 
     </span>
     <span class='ocr_line' id='line_1_23' title="bbox 195 2618 2642 2705; baseline 0 -23"><span class='ocrx_word' id='word_1_181' title='bbox 195 2640 457 2703; x_wconf 87' lang='lat' dir='ltr'><strong>prorsus</strong></span> <span class='ocrx_word' id='word_1_182' title='bbox 496 2620 853 2705; x_wconf 85' lang='lat' dir='ltr'><strong>dejiciendo</strong></span> <span class='ocrx_word' id='word_1_183' title='bbox 890 2626 957 2684; x_wconf 86' lang='lat' dir='ltr'><strong>et</strong></span> <span class='ocrx_word' id='word_1_184' title='bbox 996 2620 1433 2704; x_wconf 82' lang='lat' dir='ltr'><strong>extinguendo</strong></span> <span class='ocrx_word' id='word_1_185' title='bbox 1471 2620 1746 2685; x_wconf 83' lang='lat' dir='ltr'><strong>calorem</strong></span> <span class='ocrx_word' id='word_1_186' title='bbox 1783 2620 2168 2699; x_wconf 77' lang='lat' dir='ltr'><strong>naturalem,</strong></span> <span class='ocrx_word' id='word_1_187' title='bbox 2203 2618 2642 2705; x_wconf 67' lang='lat' dir='ltr'><strong>maj0-1131u9res</strong></span> 
     </span>
     <span class='ocr_line' id='line_1_24' title="bbox 196 2699 2682 2807; baseline 0 -21"><span class='ocrx_word' id='word_1_188' title='bbox 196 2743 339 2786; x_wconf 88' lang='lat' dir='ltr'><strong>rem</strong></span> <span class='ocrx_word' id='word_1_189' title='bbox 384 2722 593 2787; x_wconf 86' lang='lat' dir='ltr'><strong>adbuc</strong></span> <span class='ocrx_word' id='word_1_190' title='bbox 635 2744 873 2787; x_wconf 85' lang='lat' dir='ltr'><strong>noxam</strong></span> <span class='ocrx_word' id='word_1_191' title='bbox 905 2722 1229 2801; x_wconf 84' lang='lat' dir='ltr'><strong>inferant3</strong></span> <span class='ocrx_word' id='word_1_192' title='bbox 1270 2744 1409 2787; x_wconf 90' lang='lat' dir='ltr'><strong>non</strong></span> <span class='ocrx_word' id='word_1_193' title='bbox 1444 2722 1730 2787; x_wconf 91' lang='lat' dir='ltr'><strong>dolorem</strong></span> <span class='ocrx_word' id='word_1_194' title='bbox 1767 2723 2025 2802; x_wconf 84' lang='lat' dir='ltr'><strong>scilicet,</strong></span> <span class='ocrx_word' id='word_1_195' title='bbox 2057 2730 2132 2787; x_wconf 86' lang='lat' dir='ltr'><strong>ut</strong></span> <span class='ocrx_word' id='word_1_196' title='bbox 2161 2724 2402 2802; x_wconf 81' lang='lat' dir='ltr'><strong>vinum,</strong></span> <span class='ocrx_word' id='word_1_197' title='bbox 2429 2699 2682 2807; x_wconf 50' lang='grc' dir='ltr'><strong>ῗιῖῑὲξῷῗ</strong></span> 
     </span>
     <span class='ocr_line' id='line_1_25' title="bbox 198 2813 2696 2923; baseline 0 -35"><span class='ocrx_word' id='word_1_198' title='bbox 198 2824 312 2889; x_wconf 89' lang='lat' dir='ltr'><strong>sed</strong></span> <span class='ocrx_word' id='word_1_199' title='bbox 349 2824 557 2908; x_wconf 88' lang='lat' dir='ltr'><strong>ipsam</strong></span> <span class='ocrx_word' id='word_1_200' title='bbox 594 2824 754 2890; x_wconf 90' lang='lat' dir='ltr'><strong>adeo</strong></span> <span class='ocrx_word' id='word_1_201' title='bbox 792 2832 1107 2889; x_wconf 85' lang='lat' dir='ltr'><strong>mortem:</strong></span> <span class='ocrx_word' id='word_1_202' title='bbox 1152 2831 1344 2909; x_wconf 90' lang='lat' dir='ltr'><strong>prout</strong></span> <span class='ocrx_word' id='word_1_203' title='bbox 1384 2825 1778 2908; x_wconf 86' lang='lat' dir='ltr'><strong>experientia</strong></span> <span class='ocrx_word' id='word_1_204' title='bbox 1815 2825 2002 2889; x_wconf 85' lang='lat' dir='ltr'><strong>docet</strong></span> <span class='ocrx_word' id='word_1_205' title='bbox 2041 2825 2112 2889; x_wconf 90' lang='lat' dir='ltr'><strong>in</strong></span> <span class='ocrx_word' id='word_1_206' title='bbox 2140 2824 2240 2903; x_wconf 88' lang='lat' dir='ltr'><strong>iis,</strong></span> <span class='ocrx_word' id='word_1_207' title='bbox 2274 2826 2403 2909; x_wconf 91' lang='lat' dir='ltr'><strong>qui,</strong></span> <span class='ocrx_word' id='word_1_208' title='bbox 2431 2813 2696 2923; x_wconf 47' lang='grc' dir='ltr'><strong>ἑῗηξῖθξζ).</strong></span> 
     </span>
     <span class='ocr_line' id='line_1_26' title="bbox 196 2927 2618 3012; baseline -0.001 -21"><span class='ocrx_word' id='word_1_209' title='bbox 196 2928 283 2991; x_wconf 84' lang='lat' dir='ltr'><strong>ad</strong></span> <span class='ocrx_word' id='word_1_210' title='bbox 338 2928 592 2992; x_wconf 88' lang='lat' dir='ltr'><strong>senium</strong></span> <span class='ocrx_word' id='word_1_211' title='bbox 646 2950 853 3012; x_wconf 88' lang='lat' dir='ltr'><strong>usque</strong></span> <span class='ocrx_word' id='word_1_212' title='bbox 908 2928 1060 2992; x_wconf 85' lang='lat' dir='ltr'><strong>vino</strong></span> <span class='ocrx_word' id='word_1_213' title='bbox 1120 2927 1447 2991; x_wconf 88' lang='lat' dir='ltr'><strong>liberalius</strong></span> <span class='ocrx_word' id='word_1_214' title='bbox 1504 2927 1939 3010; x_wconf 85' lang='lat' dir='ltr'><strong>indulgentes,</strong></span> <span class='ocrx_word' id='word_1_215' title='bbox 2001 2948 2236 3010; x_wconf 85' lang='lat' dir='ltr'><strong>aquam</strong></span> <span class='ocrx_word' id='word_1_216' title='bbox 2291 2932 2407 2990; x_wconf 88' lang='lat' dir='ltr'><strong>aut</strong></span> <span class='ocrx_word' id='word_1_217' title='bbox 2433 2946 2618 2989; x_wconf 71' lang='lat' dir='ltr'><strong>cantur.</strong></span> 
     </span>
     <span class='ocr_line' id='line_1_27' title="bbox 196 3028 2408 3115; baseline -0 -21"><span class='ocrx_word' id='word_1_218' title='bbox 196 3031 521 3095; x_wconf 89' lang='lat' dir='ltr'><strong>tenuiores</strong></span> <span class='ocrx_word' id='word_1_219' title='bbox 563 3031 843 3115; x_wconf 88' lang='lat' dir='ltr'><strong>liquores</strong></span> <span class='ocrx_word' id='word_1_220' title='bbox 886 3030 1233 3114; x_wconf 85' lang='lat' dir='ltr'><strong>derepente</strong></span> <span class='ocrx_word' id='word_1_221' title='bbox 1280 3052 1431 3094; x_wconf 90' lang='lat' dir='ltr'><strong>cum</strong></span> <span class='ocrx_word' id='word_1_222' title='bbox 1470 3029 1646 3108; x_wconf 85' lang='lat' dir='ltr'><strong>vino,</strong></span> <span class='ocrx_word' id='word_1_223' title='bbox 1685 3036 1752 3105; x_wconf 87' lang='lat' dir='ltr'><strong>et</strong></span> <span class='ocrx_word' id='word_1_224' title='bbox 1793 3049 1929 3095; x_wconf 89' lang='lat' dir='ltr'><strong>non</strong></span> <span class='ocrx_word' id='word_1_225' title='bbox 1971 3029 2066 3092; x_wconf 88' lang='lat' dir='ltr'><strong>ita</strong></span> <span class='ocrx_word' id='word_1_226' title='bbox 2109 3028 2224 3092; x_wconf 90' lang='lat' dir='ltr'><strong>diu</strong></span> <span class='ocrx_word' id='word_1_227' title='bbox 2261 3034 2408 3112; x_wconf 86' lang='lat' dir='ltr'><strong>post</strong></span> 
     </span>
    </p>

    <p class='ocr_par' dir='ltr' id='par_1_16' title="bbox 196 3133 1365 3212">
     <span class='ocr_line' id='line_1_28' title="bbox 196 3133 1365 3212; baseline -0.001 -15"><span class='ocrx_word' id='word_1_228' title='bbox 196 3133 399 3197; x_wconf 83' lang='lat' dir='ltr'><strong>vitam</strong></span> <span class='ocrx_word' id='word_1_229' title='bbox 426 3154 577 3197; x_wconf 91' lang='lat' dir='ltr'><strong>cum</strong></span> <span class='ocrx_word' id='word_1_230' title='bbox 604 3141 833 3212; x_wconf 90' lang='lat' dir='ltr'><strong>morte,</strong></span> <span class='ocrx_word' id='word_1_231' title='bbox 864 3137 1365 3198; x_wconf 87' lang='lat' dir='ltr'><strong>commutarunt.</strong></span> 
     </span>
    </p>

    <p class='ocr_par' dir='ltr' id='par_1_17' title="bbox 192 3234 2709 4459">
     <span class='ocr_line' id='line_1_29' title="bbox 298 3234 2690 3320; baseline -0.001 -22"><span class='ocrx_word' id='word_1_232' title='bbox 298 3235 461 3319; x_wconf 66' lang='lat'><strong>[47]</strong></span> <span class='ocrx_word' id='word_1_233' title='bbox 520 3236 649 3300; x_wconf 92' lang='lat' dir='ltr'><strong>Hic</strong></span> <span class='ocrx_word' id='word_1_234' title='bbox 675 3236 895 3320; x_wconf 90' lang='lat' dir='ltr'><strong>itaque</strong></span> <span class='ocrx_word' id='word_1_235' title='bbox 924 3235 1257 3319; x_wconf 86' lang='lat' dir='ltr'><strong>Podagrae</strong></span> <span class='ocrx_word' id='word_1_236' title='bbox 1285 3234 1578 3300; x_wconf 83' lang='lat' dir='ltr'><strong>obnoxiis</strong></span> <span class='ocrx_word' id='word_1_237' title='bbox 1611 3235 1682 3299; x_wconf 92' lang='lat' dir='ltr'><strong>in</strong></span> <span class='ocrx_word' id='word_1_238' title='bbox 1715 3240 1880 3318; x_wconf 88' lang='lat' dir='ltr'><strong>potu</strong></span> <span class='ocrx_word' id='word_1_239' title='bbox 1904 3234 2133 3298; x_wconf 90' lang='lat' dir='ltr'><strong>modus</strong></span> <span class='ocrx_word' id='word_1_240' title='bbox 2163 3240 2406 3299; x_wconf 74' lang='lat' dir='ltr'><strong>statua-</strong></span> <span class='ocrx_word' id='word_1_241' title='bbox 2433 3253 2560 3305; x_wconf 75' lang='lat' dir='ltr'><strong>Quis</strong></span> <span class='ocrx_word' id='word_1_242' title='bbox 2583 3272 2690 3305; x_wconf 87' lang='lat' dir='ltr'><strong>mo-</strong></span> 
     </span>
     <span class='ocr_line' id='line_1_30' title="bbox 199 3320 2685 3433; baseline -0 -30"><span class='ocrx_word' id='word_1_243' title='bbox 199 3346 347 3416; x_wconf 88' lang='lat' dir='ltr'><strong>tur;</strong></span> <span class='ocrx_word' id='word_1_244' title='bbox 388 3346 466 3402; x_wconf 90' lang='lat' dir='ltr'><strong>ut</strong></span> <span class='ocrx_word' id='word_1_245' title='bbox 493 3339 571 3403; x_wconf 89' lang='lat' dir='ltr'><strong>iis</strong></span> <span class='ocrx_word' id='word_1_246' title='bbox 599 3346 873 3403; x_wconf 88' lang='lat' dir='ltr'><strong>utantur</strong></span> <span class='ocrx_word' id='word_1_247' title='bbox 898 3338 1274 3422; x_wconf 86' lang='lat' dir='ltr'><strong>liquoribus,</strong></span> <span class='ocrx_word' id='word_1_248' title='bbox 1308 3339 1421 3422; x_wconf 90' lang='lat' dir='ltr'><strong>qui</strong></span> <span class='ocrx_word' id='word_1_249' title='bbox 1448 3359 1660 3422; x_wconf 89' lang='lat' dir='ltr'><strong>neque</strong></span> <span class='ocrx_word' id='word_1_250' title='bbox 1687 3338 1790 3402; x_wconf 85' lang='lat' dir='ltr'><strong>vel</strong></span> <span class='ocrx_word' id='word_1_251' title='bbox 1815 3338 1888 3401; x_wconf 87' lang='lat' dir='ltr'><strong>in</strong></span> <span class='ocrx_word' id='word_1_252' title='bbox 1913 3338 2196 3402; x_wconf 82' lang='lat' dir='ltr'><strong>maxima</strong></span> <span class='ocrx_word' id='word_1_253' title='bbox 2223 3339 2406 3422; x_wconf 89' lang='lat' dir='ltr'><strong>copia</strong></span> <span class='ocrx_word' id='word_1_254' title='bbox 2429 3320 2685 3433; x_wconf 41' lang='lat' dir='ltr'><strong>{³1:⁸⁸⁸ssae-</strong></span> 
     </span>
     <span class='ocr_line' id='line_1_31' title="bbox 200 3440 2594 3531; baseline -0.001 -25"><span class='ocrx_word' id='word_1_255' title='bbox 200 3442 515 3531; x_wconf 76' lang='lat' dir='ltr'><strong>assumpti</strong></span> <span class='ocrx_word' id='word_1_256' title='bbox 556 3440 873 3505; x_wconf 88' lang='lat' dir='ltr'><strong>inebriare</strong></span> <span class='ocrx_word' id='word_1_257' title='bbox 921 3449 1213 3524; x_wconf 88' lang='lat' dir='ltr'><strong>possunt,</strong></span> <span class='ocrx_word' id='word_1_258' title='bbox 1264 3462 1475 3524; x_wconf 90' lang='lat' dir='ltr'><strong>neque</strong></span> <span class='ocrx_word' id='word_1_259' title='bbox 1522 3441 1764 3523; x_wconf 71' lang='lat' dir='ltr'><strong>frigore</strong></span> <span class='ocrx_word' id='word_1_260' title='bbox 1815 3461 1932 3504; x_wconf 89' lang='lat' dir='ltr'><strong>suo</strong></span> <span class='ocrx_word' id='word_1_261' title='bbox 1976 3440 2406 3505; x_wconf 81' lang='lat' dir='ltr'><strong>ventriculum</strong></span> <span class='ocrx_word' id='word_1_262' title='bbox 2429 3449 2594 3499; x_wconf 74' lang='lat' dir='ltr'><strong>endas.</strong></span> 
     </span>
     <span class='ocr_line' id='line_1_32' title="bbox 198 3542 2405 3627; baseline -0 -20"><span class='ocrx_word' id='word_1_263' title='bbox 198 3542 471 3607; x_wconf 85' lang='lat' dir='ltr'><strong>laedere.</strong></span> <span class='ocrx_word' id='word_1_264' title='bbox 564 3544 960 3627; x_wconf 83' lang='lat' dir='ltr'><strong>Hujusmodi</strong></span> <span class='ocrx_word' id='word_1_265' title='bbox 994 3550 1092 3607; x_wconf 87' lang='lat' dir='ltr'><strong>est</strong></span> <span class='ocrx_word' id='word_1_266' title='bbox 1128 3544 1223 3627; x_wconf 90' lang='lat' dir='ltr'><strong>(ut</strong></span> <span class='ocrx_word' id='word_1_267' title='bbox 1253 3543 1427 3625; x_wconf 86' lang='lat' dir='ltr'><strong>dixi,)</strong></span> <span class='ocrx_word' id='word_1_268' title='bbox 1462 3542 1764 3607; x_wconf 86' lang='lat' dir='ltr'><strong>cerevisia</strong></span> <span class='ocrx_word' id='word_1_269' title='bbox 1789 3542 2007 3607; x_wconf 86' lang='lat' dir='ltr'><strong>tenuis</strong></span> <span class='ocrx_word' id='word_1_270' title='bbox 2035 3548 2307 3620; x_wconf 87' lang='lat' dir='ltr'><strong>nostras,</strong></span> <span class='ocrx_word' id='word_1_271' title='bbox 2337 3549 2405 3606; x_wconf 88' lang='lat' dir='ltr'><strong>et</strong></span> 
     </span>
     <span class='ocr_line' id='line_1_33' title="bbox 197 3644 2406 3729; baseline -0.001 -18"><span class='ocrx_word' id='word_1_272' title='bbox 197 3648 273 3711; x_wconf 88' lang='lat' dir='ltr'><strong>in</strong></span> <span class='ocrx_word' id='word_1_273' title='bbox 323 3646 463 3710; x_wconf 85' lang='lat' dir='ltr'><strong>aliis</strong></span> <span class='ocrx_word' id='word_1_274' title='bbox 512 3646 881 3728; x_wconf 80' lang='lat' dir='ltr'><strong>reg-ionibus</strong></span> <span class='ocrx_word' id='word_1_275' title='bbox 924 3646 1151 3709; x_wconf 88' lang='lat' dir='ltr'><strong>confici</strong></span> <span class='ocrx_word' id='word_1_276' title='bbox 1192 3644 1431 3729; x_wconf 87' lang='lat' dir='ltr'><strong>poterit</strong></span> <span class='ocrx_word' id='word_1_277' title='bbox 1458 3666 1539 3709; x_wconf 82' lang='lat' dir='ltr'><strong>ex</strong></span> <span class='ocrx_word' id='word_1_278' title='bbox 1564 3646 1776 3709; x_wconf 87' lang='lat' dir='ltr'><strong>multa</strong></span> <span class='ocrx_word' id='word_1_279' title='bbox 1817 3666 1986 3728; x_wconf 87' lang='lat' dir='ltr'><strong>aqua</strong></span> <span class='ocrx_word' id='word_1_280' title='bbox 2024 3666 2175 3710; x_wconf 87' lang='lat' dir='ltr'><strong>cum</strong></span> <span class='ocrx_word' id='word_1_281' title='bbox 2200 3666 2406 3728; x_wconf 88' lang='lat' dir='ltr'><strong>pauco</strong></span> 
     </span>
     <span class='ocr_line' id='line_1_34' title="bbox 199 3747 2406 3833; baseline -0.003 -18"><span class='ocrx_word' id='word_1_282' title='bbox 199 3751 354 3815; x_wconf 85' lang='lat' dir='ltr'><strong>vino</strong></span> <span class='ocrx_word' id='word_1_283' title='bbox 398 3750 731 3832; x_wconf 84' lang='lat' dir='ltr'><strong>permixta.</strong></span> <span class='ocrx_word' id='word_1_284' title='bbox 818 3750 1079 3833; x_wconf 83' lang='lat' dir='ltr'><strong>Aquam</strong></span> <span class='ocrx_word' id='word_1_285' title='bbox 1126 3770 1360 3831; x_wconf 88' lang='lat' dir='ltr'><strong>puram</strong></span> <span class='ocrx_word' id='word_1_286' title='bbox 1410 3747 1824 3832; x_wconf 86' lang='lat' dir='ltr'><strong>crudamque,</strong></span> <span class='ocrx_word' id='word_1_287' title='bbox 1869 3753 1936 3811; x_wconf 92' lang='lat' dir='ltr'><strong>et</strong></span> <span class='ocrx_word' id='word_1_288' title='bbox 1980 3748 2406 3831; x_wconf 87' lang='lat' dir='ltr'><strong>periculosam</strong></span> 
     </span>
     <span class='ocr_line' id='line_1_35' title="bbox 202 3848 2708 3934; baseline -0.002 -18"><span class='ocrx_word' id='word_1_289' title='bbox 202 3850 522 3928; x_wconf 76' lang='lat' dir='ltr'><strong>existimo,</strong></span> <span class='ocrx_word' id='word_1_290' title='bbox 584 3857 651 3914; x_wconf 92' lang='lat' dir='ltr'><strong>et</strong></span> <span class='ocrx_word' id='word_1_291' title='bbox 708 3858 1009 3934; x_wconf 88' lang='lat' dir='ltr'><strong>expertus</strong></span> <span class='ocrx_word' id='word_1_292' title='bbox 1074 3872 1222 3915; x_wconf 85' lang='lat' dir='ltr'><strong>sum</strong></span> <span class='ocrx_word' id='word_1_293' title='bbox 1284 3871 1430 3915; x_wconf 92' lang='lat' dir='ltr'><strong>meo</strong></span> <span class='ocrx_word' id='word_1_294' title='bbox 1500 3850 1758 3915; x_wconf 89' lang='lat' dir='ltr'><strong>damno.</strong></span> <span class='ocrx_word' id='word_1_295' title='bbox 1876 3850 2190 3915; x_wconf 87' lang='lat' dir='ltr'><strong>Attamen</strong></span> <span class='ocrx_word' id='word_1_296' title='bbox 2252 3848 2405 3912; x_wconf 85' lang='lat' dir='ltr'><strong>satis</strong></span> <span class='ocrx_word' id='word_1_297' title='bbox 2432 3852 2512 3900; x_wconf 85' lang='lat' dir='ltr'><strong>Ab</strong></span> <span class='ocrx_word' id='word_1_298' title='bbox 2531 3852 2708 3901; x_wconf 80' lang='lat' dir='ltr'><strong>ineun-</strong></span> 
     </span>
     <span class='ocr_line' id='line_1_36' title="bbox 202 3924 2709 4037; baseline 0.001 -19"><span class='ocrx_word' id='word_1_299' title='bbox 202 3952 536 4018; x_wconf 89' lang='lat' dir='ltr'><strong>commode</strong></span> <span class='ocrx_word' id='word_1_300' title='bbox 598 3952 679 4016; x_wconf 88' lang='lat' dir='ltr'><strong>ab</strong></span> <span class='ocrx_word' id='word_1_301' title='bbox 722 3953 989 4017; x_wconf 89' lang='lat' dir='ltr'><strong>ineunte</strong></span> <span class='ocrx_word' id='word_1_302' title='bbox 1058 3960 1267 4017; x_wconf 87' lang='lat' dir='ltr'><strong>aetate</strong></span> <span class='ocrx_word' id='word_1_303' title='bbox 1322 3960 1584 4037; x_wconf 86' lang='lat' dir='ltr'><strong>potatur</strong></span> <span class='ocrx_word' id='word_1_304' title='bbox 1647 3974 1832 4036; x_wconf 87' lang='lat' dir='ltr'><strong>aqua,</strong></span> <span class='ocrx_word' id='word_1_305' title='bbox 1893 3974 2022 4036; x_wconf 87' lang='lat' dir='ltr'><strong>qua</strong></span> <span class='ocrx_word' id='word_1_306' title='bbox 2089 3950 2406 4033; x_wconf 89' lang='lat' dir='ltr'><strong>hodieque</strong></span> <span class='ocrx_word' id='word_1_307' title='bbox 2431 3924 2709 4028; x_wconf 49' lang='lat' dir='ltr'><strong>ffitssfftssffm-</strong></span> 
     </span>
     <span class='ocr_line' id='line_1_37' title="bbox 198 4045 2682 4157; baseline -0.003 -37"><span class='ocrx_word' id='word_1_308' title='bbox 198 4057 398 4138; x_wconf 83' lang='lat' dir='ltr'><strong>longe</strong></span> <span class='ocrx_word' id='word_1_309' title='bbox 448 4055 654 4139; x_wconf 88' lang='lat' dir='ltr'><strong>major</strong></span> <span class='ocrx_word' id='word_1_310' title='bbox 697 4054 1037 4118; x_wconf 86' lang='lat' dir='ltr'><strong>hominum</strong></span> <span class='ocrx_word' id='word_1_311' title='bbox 1080 4076 1227 4138; x_wconf 88' lang='lat' dir='ltr'><strong>pars</strong></span> <span class='ocrx_word' id='word_1_312' title='bbox 1274 4054 1451 4117; x_wconf 89' lang='lat' dir='ltr'><strong>sitim</strong></span> <span class='ocrx_word' id='word_1_313' title='bbox 1491 4054 1700 4119; x_wconf 78' lang='lat' dir='ltr'><strong>levat:</strong></span> <span class='ocrx_word' id='word_1_314' title='bbox 1745 4053 1964 4136; x_wconf 88' lang='lat' dir='ltr'><strong>inopia</strong></span> <span class='ocrx_word' id='word_1_315' title='bbox 2010 4072 2128 4115; x_wconf 87' lang='lat' dir='ltr'><strong>sua</strong></span> <span class='ocrx_word' id='word_1_316' title='bbox 2166 4050 2404 4114; x_wconf 87' lang='lat' dir='ltr'><strong>felicio·</strong></span> <span class='ocrx_word' id='word_1_317' title='bbox 2429 4045 2682 4157; x_wconf 45' lang='lat'><strong>{333⁰-</strong></span> 
     </span>
     <span class='ocr_line' id='line_1_38' title="bbox 192 4152 2574 4241; baseline 0 -19"><span class='ocrx_word' id='word_1_318' title='bbox 192 4179 307 4223; x_wconf 85' lang='lat' dir='ltr'><strong>res</strong></span> <span class='ocrx_word' id='word_1_319' title='bbox 346 4166 500 4222; x_wconf 90' lang='lat' dir='ltr'><strong>sunt</strong></span> <span class='ocrx_word' id='word_1_320' title='bbox 542 4158 640 4221; x_wconf 89' lang='lat' dir='ltr'><strong>illi</strong></span> <span class='ocrx_word' id='word_1_321' title='bbox 680 4179 875 4241; x_wconf 89' lang='lat' dir='ltr'><strong>quam</strong></span> <span class='ocrx_word' id='word_1_322' title='bbox 910 4178 1031 4221; x_wconf 89' lang='lat' dir='ltr'><strong>nos</strong></span> <span class='ocrx_word' id='word_1_323' title='bbox 1074 4164 1297 4221; x_wconf 89' lang='lat' dir='ltr'><strong>nostra</strong></span> <span class='ocrx_word' id='word_1_324' title='bbox 1323 4157 1505 4241; x_wconf 89' lang='lat' dir='ltr'><strong>copia</strong></span> <span class='ocrx_word' id='word_1_325' title='bbox 1532 4162 1600 4221; x_wconf 92' lang='lat' dir='ltr'><strong>et</strong></span> <span class='ocrx_word' id='word_1_326' title='bbox 1634 4156 1812 4219; x_wconf 79' lang='lat' dir='ltr'><strong>luxu.</strong></span> <span class='ocrx_word' id='word_1_327' title='bbox 1901 4154 2124 4218; x_wconf 82' lang='lat' dir='ltr'><strong>Testes</strong></span> <span class='ocrx_word' id='word_1_328' title='bbox 2162 4152 2409 4236; x_wconf 88' lang='lat' dir='ltr'><strong>appello</strong></span> <span class='ocrx_word' id='word_1_329' title='bbox 2435 4188 2574 4235; x_wconf 74' lang='lat' dir='ltr'><strong>aqua.</strong></span> 
     </span>
     <span class='ocr_line' id='line_1_39' title="bbox 200 4254 2661 4366; baseline -0.003 -41"><span class='ocrx_word' id='word_1_330' title='bbox 200 4263 437 4344; x_wconf 81' lang='lat' dir='ltr'><strong>ingens</strong></span> <span class='ocrx_word' id='word_1_331' title='bbox 496 4259 871 4325; x_wconf 89' lang='lat' dir='ltr'><strong>morborum</strong></span> <span class='ocrx_word' id='word_1_332' title='bbox 932 4280 1184 4342; x_wconf 84' lang='lat' dir='ltr'><strong>agmen,</strong></span> <span class='ocrx_word' id='word_1_333' title='bbox 1218 4282 1343 4344; x_wconf 91' lang='lat' dir='ltr'><strong>quo</strong></span> <span class='ocrx_word' id='word_1_334' title='bbox 1394 4280 1660 4342; x_wconf 84' lang='lat' dir='ltr'><strong>corpora</strong></span> <span class='ocrx_word' id='word_1_335' title='bbox 1708 4264 1932 4321; x_wconf 88' lang='lat' dir='ltr'><strong>nostra</strong></span> <span class='ocrx_word' id='word_1_336' title='bbox 1978 4256 2103 4321; x_wconf 88' lang='lat' dir='ltr'><strong>hoc</strong></span> <span class='ocrx_word' id='word_1_337' title='bbox 2146 4256 2411 4321; x_wconf 90' lang='lat' dir='ltr'><strong>nomine</strong></span> <span class='ocrx_word' id='word_1_338' title='bbox 2435 4254 2590 4366; x_wconf 61' lang='lat' dir='ltr'><strong>fopia</strong></span> <span class='ocrx_word' id='word_1_339' title='bbox 2613 4260 2661 4301; x_wconf 69' lang='lat' dir='ltr'><strong>et</strong></span> 
     </span>
     <span class='ocr_line' id='line_1_40' title="bbox 202 4333 2696 4459; baseline 0.001 -32"><span class='ocrx_word' id='word_1_340' title='bbox 202 4362 691 4440; x_wconf 72' lang='lat' dir='ltr'><strong>discruciamur,</strong></span> <span class='ocrx_word' id='word_1_341' title='bbox 723 4362 1085 4446; x_wconf 82' lang='lat' dir='ltr'><strong>Podagram</strong></span> <span class='ocrx_word' id='word_1_342' title='bbox 1120 4362 1377 4441; x_wconf 88' lang='lat' dir='ltr'><strong>scilicet,</strong></span> <span class='ocrx_word' id='word_1_343' title='bbox 1414 4362 1751 4439; x_wconf 87' lang='lat' dir='ltr'><strong>calculum,</strong></span> <span class='ocrx_word' id='word_1_344' title='bbox 1783 4360 2198 4444; x_wconf 86' lang='lat' dir='ltr'><strong>apoplexiam,</strong></span> <span class='ocrx_word' id='word_1_345' title='bbox 2226 4378 2410 4441; x_wconf 80' lang='lat' dir='ltr'><strong>para-</strong></span> <span class='ocrx_word' id='word_1_346' title='bbox 2437 4333 2696 4459; x_wconf 49' lang='grc' dir='ltr'><strong>ιῇΐὲδκιιιιῗιῖ</strong></span> 
     </span>
    </p>
   </div>
   <div class='ocr_carea' id='block_1_3' title="bbox 201 4460 2675 4561">
    <p class='ocr_par' dir='ltr' id='par_1_18' title="bbox 201 4460 2675 4561">
     <span class='ocr_line' id='line_1_41' title="bbox 201 4460 2675 4561; baseline 0.001 -31"><span class='ocrx_word' id='word_1_347' title='bbox 201 4465 397 4551; x_wconf 86' lang='lat' dir='ltr'><strong>lysin,</strong></span> <span class='ocrx_word' id='word_1_348' title='bbox 442 4472 601 4544; x_wconf 87' lang='lat' dir='ltr'><strong>etc.;</strong></span> <span class='ocrx_word' id='word_1_349' title='bbox 654 4473 797 4529; x_wconf 94' lang='lat' dir='ltr'><strong>tum</strong></span> <span class='ocrx_word' id='word_1_350' title='bbox 841 4474 907 4530; x_wconf 87' lang='lat' dir='ltr'><strong>et</strong></span> <span class='ocrx_word' id='word_1_351' title='bbox 951 4466 1080 4531; x_wconf 89' lang='lat' dir='ltr'><strong>vim</strong></span> <span class='ocrx_word' id='word_1_352' title='bbox 1124 4465 1356 4530; x_wconf 88' lang='lat' dir='ltr'><strong>animis</strong></span> <span class='ocrx_word' id='word_1_353' title='bbox 1400 4465 1666 4543; x_wconf 86' lang='lat' dir='ltr'><strong>illatam,</strong></span> <span class='ocrx_word' id='word_1_354' title='bbox 1713 4484 1840 4546; x_wconf 88' lang='lat' dir='ltr'><strong>qua</strong></span> <span class='ocrx_word' id='word_1_355' title='bbox 1889 4484 1929 4526; x_wconf 82' lang='lat' dir='ltr'><strong>a</strong></span> <span class='ocrx_word' id='word_1_356' title='bbox 1970 4463 2188 4527; x_wconf 82' lang='lat' dir='ltr'><strong>nativa</strong></span> <span class='ocrx_word' id='word_1_357' title='bbox 2225 4460 2412 4527; x_wconf 86' lang='lat' dir='ltr'><strong>recti-</strong></span> <span class='ocrx_word' id='word_1_358' title='bbox 2439 4462 2675 4561; x_wconf 44' lang='lat' dir='ltr'><strong>iunffffir</strong></span> 
     </span>
    </p>
   </div>
   <div class='ocr_carea' id='block_1_4' title="bbox 2417 613 2704 630">
    <p class='ocr_par' dir='ltr' id='par_1_19' title="bbox 2417 613 2704 630">
     <span class='ocr_line' id='line_1_42' title="bbox 2417 613 2704 630; baseline 0 4376"><span class='ocrx_word' id='word_1_359' title='bbox 2417 613 2704 630; x_wconf 95' lang='lat' dir='ltr'><strong> </strong></span> 
     </span>
    </p>
   </div>
  </div>
 </body>
</html>
