3138 5006
662 291 751 354 xii
1287 286 1676 352 THOMAE
1719 288 2241 352 -sYDENHAM

425 461 579 509 vm.
667 451 750 514 ob
779 471 938 528 rem,
970 451 1198 534 spretis
1238 449 1537 514 omnibus
1569 471 1733 534 quae
1772 458 1936 515 tunc
1962 451 2271 534 temporis
2302 451 2607 534 vigebant
2648 472 2869 535 specu-

362 553 548 617 Spretis
585 617 598 630 ,
668 553 1020 619 lationibus
1063 553 1451 631 theoreticis,
1495 553 1621 618 hoc
1662 575 1872 618 unum
1930 552 2217 632 curabat,
2263 561 2339 618 ut
2384 553 2523 618 sine
2565 575 2871 637 praecon-

361 618 624 730 gffigfflm-
671 657 873 742 ceptis
903 655 1316 740 opinionibus
1344 657 1669 721 Naturam
1692 664 1945 721 attento
1976 657 2193 722 animo
2214 656 2595 736 observaret,
2620 665 2687 722 et
2718 657 2875 741 quid

361 745 634 858 ξξξοξῗξυ-
673 780 750 824 ea
793 765 938 824 tum
986 758 1067 824 de
1114 757 1487 824 morborum
1533 765 1773 822 natura
1821 766 1967 822 tum
2010 758 2092 823 de
2124 757 2396 822 ‘illorum
2444 757 2875 822 curandorum

364 845 471 923 mia
492 875 648 922 solam
672 862 925 927 ratione
943 861 1222 940 doceret,
1244 860 1590 944 diligenter
1610 867 1885 938 notaret,
1911 882 2220 944 suamque
2242 860 2477 944 agendi
2494 860 2877 924 methodum

363 939 543 1052 gumpgm
559 940 646 988 ¹¹⁸·
675 966 759 1030 ad
797 988 872 1030 ea
908 985 1072 1049 quae
1113 971 1484 1030 constanter
1527 964 1971 1029 observaverat
2016 970 2445 1048 componeret.
2535 963 2827 1028 Variolas
2836 961 2875 1040 ¹,

363 1081 589 1132 Variola
680 1069 881 1154 (verbi
909 1068 1145 1150 causa,)
1176 1089 1339 1151 quae
1361 1073 1516 1132 ante
1539 1067 1961 1152 Sydenhamii
1980 1074 2274 1152 tempora
2297 1067 2645 1132 maximam
2662 1067 2877 1130 infan-

366 1147 526 1260 {figfiss
536 1163 650 1259 ,5ᾞῖ
674 1178 822 1236 tum
839 1171 1335 1253 adultorumque
1352 1170 1693 1235 hominum
1710 1177 1993 1254 stragem
2012 1171 2201 1236 edere
2222 1170 2533 1248 solebant,
2550 1171 2723 1252 (cum
2731 1170 2877 1233 Me-

364 1277 482 1354 gari,
495 1292 618 1352 0011-,
677 1275 804 1339 dici
833 1297 914 1340 ex
941 1294 1210 1338 erronea
1230 1273 1532 1358 opinione
1567 1273 1693 1337 sibi
1720 1273 2033 1338 haberent
2060 1294 2455 1358 persuasum,
2486 1274 2663 1337 hunc
2706 1293 2879 1336 mor-

366 1341 644 1454 ggsslgeh-
673 1378 836 1444 bum
880 1401 960 1444 ex
998 1378 1319 1442 fermento
1358 1377 1638 1461 quodam
1683 1378 1984 1461 sanguini
2028 1379 2319 1442 omnium
2364 1376 2629 1442 omnino
2671 1377 2881 1441 homi-

367 1470 622 1526 “²⁰25“
675 1503 838 1546 num
858 1480 1224 1546 inhaerenti
1245 1479 1558 1563 originem
1588 1501 1861 1558 sumere,
1886 1480 2057 1564 quod
2080 1481 2206 1544 nisi
2228 1477 2765 1557 calefacientibus,
2790 1479 2885 1542 sic

676 1584 864 1649 dictis
910 1585 1426 1664 alaz-zpltarmacis
1468 1582 1790 1663 remediis,
1843 1583 2179 1667 caloreque
2227 1589 2493 1646 externo
2540 1589 2750 1661 aucto,
2796 1581 2883 1645 ad

677 1687 956 1771 corporis
1001 1686 1402 1770 superficiem
1444 1686 1883 1769 proti-udatur,
1932 1692 2125 1769 atque
2168 1686 2291 1750 hoc
2340 1684 2533 1749 modo
2582 1684 2881 1749 extermi-

677 1797 890 1868 netur,
922 1795 1036 1853 aut
1066 1788 1663 1871 praesentissimum
1690 1789 1859 1852 vitae
1898 1789 2260 1872 periculum
2286 1787 2545 1866 inferre,
2578 1794 2693 1850 aut
2724 1787 2881 1850 alios

678 1912 913 1975 eosque
962 1891 1366 1974 gravissimos
1409 1889 1669 1954 morbos
1712 1891 2008 1968 excitare,
2055 1889 2331 1972 debeat,)
2386 1889 2881 1974 Sydenhamius‚

679 1995 1005 2059 Naturam
1030 1993 1263 2056 ducem
1291 2013 1587 2076 sequens,
1612 1993 1934 2056 contrario
1962 1992 2155 2057 modo
2170 1993 2533 2057 felicissime
2561 1992 2883 2056 tractavit.

681 2098 851 2161 Cum
903 2095 1077 2160 enim
1129 2095 1496 2179 saepissime
1556 2094 1941 2174 observaret,
1994 2095 2276 2160 infantes
2332 2095 2495 2175 illos,
2544 2096 2657 2179 qui
2706 2096 2885 2159 omni

681 2199 918 2265 auxilio
946 2198 1196 2263 medico
1225 2196 1521 2262 destituti
1549 2197 1661 2262 ino
1688 2197 1915 2262 morbo
1944 2199 2221 2283 correpti
2250 2205 2456 2277 erant,
2482 2218 2886 2281 quorumque

679 2310 980 2388 parentes
1009 2302 1092 2367 ob
1122 2308 1572 2387 paupertatem
1604 2301 1856 2386 hyemis
1892 2309 2182 2384 tempore
2226 2300 2597 2366 cubiculum
2628 2322 2758 2385 quo
2784 2300 2885 2363 in-

680 2407 892 2470 fantes
952 2404 1426 2469 decumbebant
1491 2403 1838 2468 calefacere
1896 2403 2074 2467 haud
2122 2409 2442 2487 poterant,
2487 2423 2623 2467 non
2676 2402 2889 2467 solum

683 2509 976 2575 Variolas
1004 2508 1276 2572 feliciter
1319 2528 1670 2591 superasse,
1704 2508 1818 2571 sed
1854 2515 1920 2571 et
1947 2514 2173 2591 postea
2199 2506 2572 2572 valetudine
2606 2507 2890 2571 maxime

685 2613 871 2676 firma
896 2632 1048 2675 usos
1075 2611 1310 2689 fuisse3
1355 2618 1530 2673 recte
1550 2610 1904 2693 judicabat,
1935 2611 2057 2674 hac
2086 2610 2205 2689 via,
2238 2632 2433 2693 quam
2462 2610 2721 2674 Natura
2746 2610 2893 2693 ipsa

683 2716 1016 2798 perspicue
1053 2712 1416 2791 indicasset,
1447 2712 1709 2777 Medico
1756 2713 2241 2777 consistendum
2284 2732 2421 2776 esse
2468 2712 2581 2795 qui
2608 2711 2891 2775 Variolis

685 2820 931 2901 optimo
962 2838 1112 2881 cum
1141 2836 1438 2881 successu
1465 2814 1710 2880 mederi
1739 2815 1949 2894 vellet,
1973 2816 2317 2900 pluresque
2346 2821 2659 2897 aegrotos,
2692 2836 2891 2897 quam

687 2920 768 2983 ab
789 2920 929 2984 aliis
950 2918 1225 2983 Medicis
1245 2919 1635 2983 contrariam
1652 2918 1921 2981 curandi
1942 2918 2258 2982 rationem
2282 2916 2701 3000 sequentibus
2720 2916 2889 2981 sani-

687 3021 812 3085 tati
849 3020 1382 3099 restituebantur,
1411 3022 1610 3085 morti
1646 3020 2039 3085 certissimae
2068 3021 2228 3103 eripi
2261 3041 2465 3104 posse.
2558 3019 2777 3085 Quam
2804 3018 2891 3083 ob

688 3144 826 3187 rem
857 3122 938 3187 ab
957 3122 1257 3187 omnibus
1286 3123 1809 3187 calefacientibus
1828 3123 1902 3186 in
1929 3122 2301 3205 hujusmodi
2328 3122 2537 3187 morbi
2558 3122 2894 3187 curatione

689 3246 948 3308 prorsus
978 3223 1309 3301 abstinuit,
1340 3224 1575 3287 nimios
1617 3224 1827 3308 potius
1858 3224 2191 3307 sanguinis
2226 3232 2441 3291 motus
2470 3224 2891 3309 temperanti-

691 3328 814 3391 bus
858 3331 1149 3391 coercere
1195 3326 1467 3405 studuit,
1514 3332 1811 3409 aegrotos
1862 3349 1902 3391 a
1952 3328 2387 3411 stragulorum
2437 3328 2718 3411 pondere
2764 3350 2895 3410 quo

694 3436 888 3493 antea
935 3428 1020 3493 ad
1062 3428 1550 3495 suffocationem
1594 3451 1799 3513 usque
1845 3430 2291 3495 obruebantur
2329 3431 2644 3511 liberavit,
2684 3431 2895 3515 iisque

691 3532 1057 3597 liberiorem
1092 3532 1255 3596 aeris
1293 3531 1440 3616 puri
1473 3554 1687 3613 usum,
1720 3555 1847 3617 quo
1891 3533 1972 3598 ab
2008 3534 2147 3599 aliis
2177 3536 2455 3599 Medicis
2498 3535 2895 3601 severissime

693 3634 1266 3714 interdicebantur,
1295 3635 1609 3719 permisit.

385 3750 601 3809 itemque
791 3737 957 3821 [13.]
1013 3737 1248 3821 Neque
1287 3758 1436 3801 vero
1475 3738 1693 3801 minus
1721 3738 1914 3822 longe
1944 3761 1984 3803 a
2012 3739 2289 3804 Medicis
2320 3740 2421 3803 sui
2450 3740 2589 3803 aevi
2626 3740 2699 3803 in
2740 3740 2893 3803 Pes-

389 3813 603 3862 P⁰⁵‘⁶m'
692 3838 801 3907 tisJ
854 3839 1205 3919 miratione,
1255 3860 1420 3923 quae
1466 3840 1770 3919 Londini,
1818 3842 2005 3905 annis
2052 3844 2219 3906 1665
2266 3849 2334 3906 et
2389 3842 2577 3920 1666,
2628 3848 2728 3906 tot
2776 3841 2895 3905 ho-

695 3942 948 4006 minum
997 3948 1206 4006 morte
1255 3941 1514 4006 infamis
1565 3949 1723 4022 erat,
1754 3944 2035 4009 recessit.
2126 3945 2296 4011 Cum
2339 3944 2515 4009 enim
2551 3944 2648 4007 illi
2692 3964 2899 4009 unam

697 4066 1036 4129 aegrorum
1071 4045 1346 4109 salutem
1385 4045 1456 4109 in
1497 4046 1839 4111 sudoribus
1871 4048 2147 4130 profusis
2176 4047 2512 4112 evocandis
2546 4047 2897 4130 repositam

697 4170 834 4214 esse
853 4149 1293 4232 opinarentur,
1321 4148 1607 4231 adeoque
1628 4149 1792 4213 nihil
1820 4151 2025 4234 magis
2048 4172 2238 4215 curae
2260 4150 2561 4233 cordique
2580 4149 2899 4214 haberent

699 4272 893 4335 quam
911 4257 984 4314 ut
1004 4250 1124 4315 hac
1142 4249 1444 4314 medendi
1461 4252 1711 4318 ratione
1727 4253 2122 4317 fermentum
2137 4252 2346 4318 morbi
2364 4274 2399 4316 e
2418 4272 2679 4336 corpore
2696 4252 2899 4315 elimi-

697 4361 958 4431 narent3
990 4353 1204 4431 febris,
1219 4374 1382 4436 quae
1404 4354 1703 4420 morbum
1728 4355 2017 4420 comitari
2035 4355 2299 4433 solebat,
2307 4354 2716 4419 vehementia
2736 4353 2901 4419 adeo

829 4485 842 4515 ὓ
879 4480 954 4527 cf.
983 4483 1164 4530 observ.
1190 4482 1315 4529 Med.
1339 4480 1408 4529 iii.
1433 4484 1477 4529 2.
2337 4481 2352 4520 «¹
2404 4482 2480 4532 Cf.
2507 4485 2614 4530 ibid.
2642 4482 2690 4529 ii.
2719 4485 2761 4531 2.
