3138 5006
740 276 871 338 416
1354 275 1745 343 THOMAE
1796 277 2313 341 SYDENHAM

446 450 529 500 Da
554 453 691 501 Pon·
738 458 859 517 nec
902 437 1003 500 su'i
1048 438 1185 521 jam
1238 438 1433 502 fuerit
1486 460 1766 523 compos,
1814 440 2060 503 alienae
2109 440 2246 522 opis
2298 459 2562 522 prorsus
2615 436 2966 519 indigens;

494 531 694 596 Ᾰᾳῖἑὶ-
740 540 851 603 sed
888 548 955 603 et
984 540 1091 603 hic
1127 540 1375 605 accedit
1404 542 1810 607 miseriarum
1849 542 2168 620 cumuluS,
2201 542 2374 625 quod
2405 542 2699 603 durante
2741 560 2968 623 parox-

737 664 921 727 ysmo
950 642 1205 706 animus
1244 644 1443 708 etiam
1478 644 1622 726 (ceu
1661 645 1962 728 contagio
2001 644 2297 727 afflatus‚)
2341 666 2418 708 eo
2455 664 2676 728 usque
2721 643 2966 724 corpori

739 745 1148 829 compatitur,
1172 751 1250 810 ut
1279 746 1457 810 haud
1484 746 1672 811 facile
1703 748 1787 811 sit
1819 746 2000 812 dictu
2027 754 2176 811 utro
2204 748 2438 811 horum
2471 767 2676 829 aeger
2709 746 2966 809 calami-

738 849 943 913 tosius
974 848 1207 913 doleat.
1295 849 1454 915 Non
1484 849 1659 913 enim
1687 850 1925 914 rectius
1955 851 2306 931 Podayrae,
2339 871 2540 933 quam
2569 849 2966 925 iracundiae,

738 972 1155 1035 paroxysmus
1186 952 1397 1015 omnis
1428 952 1557 1016 dici
1595 960 1830 1036 potest,
1863 973 2010 1015 cum
2042 973 2226 1016 mens
2263 958 2330 1016 et
2358 952 2528 1016 ratio
2559 973 2788 1034 usque
2819 950 2968 1015 adeo

432 1068 650 1118 Animus
742 1054 825 1119 ab
862 1055 1192 1119 infirmato
1234 1075 1497 1138 corpore
1538 1062 1946 1134 enerventur,
1985 1062 2063 1119 ut
2101 1056 2200 1119 vel
2237 1055 2564 1119 levissimo
2605 1056 2968 1118 affectuum

430 1148 667 1261 {2ssng
740 1165 928 1222 motu
974 1158 1397 1273 impellantur
1448 1166 1515 1221 et
1565 1159 1904 1223 vacillent.
1967 1159 2146 1223 unde
2193 1180 2330 1222 non
2379 1159 2594 1242 magis
2651 1160 2804 1243 ipse
2859 1160 2972 1224 sibi

434 1270 529 1321 ²1¹¹·
553 1280 621 1311 ¹1¹1
590 1265 683 1312 ned
742 1282 937 1344 quam
979 1261 1119 1325 aliis
1160 1261 1369 1344 gravis
1408 1267 1531 1325 est.
1621 1261 1798 1327 Quid
1833 1261 2007 1345 quod
2045 1269 2113 1326 et
2147 1262 2417 1327 caeteris
2457 1283 2737 1345 quoque
2778 1264 2970 1345 passi-

430 1342 550 1439 ἓξὲξ
538 1343 692 1455 {ainai-
742 1363 975 1428 onibus
1020 1370 1119 1429 est
1159 1364 1495 1442 obnoxius,
1534 1364 1756 1428 timori
1795 1364 2109 1443 videlicet,
2151 1364 2736 1447 sollicitudinique,
2782 1372 2970 1447 atque

433 1458 611 1572 ζοξέξζ
628 1458 717 1572 ἓξ·
743 1466 883 1533 aliis
944 1466 1013 1529 id
1066 1486 1273 1549 genus
1289 1467 1319 1529 ’Β
1380 1488 1420 1530 8
1479 1468 1714 1550 quibus
1764 1468 2006 1550 pariter
2052 1473 2412 1552 torquetur,
2457 1468 2679 1531 donec
2742 1468 2972 1531 morbo

742 1576 1183 1648 evanescente,
1226 1570 1481 1633 animus
1527 1591 1801 1653 quoque,
1840 1570 2114 1654 pristina
2155 1571 2636 1654 tranquillitate
2685 1578 2970 1654 recepta,
3053 1598 3055 1661 ἰ

742 1694 877 1737 11118
906 1673 1325 1737 convalescet.

435 1796 600 1845 Morbi
622 1812 705 1845 0⁸-
844 1775 1008 1860 [14]
1063 1776 1355 1841 Tandem
1396 1795 1608 1859 aeger,
1653 1776 1752 1859 (ut
1789 1776 2215 1841 funestissimi
2252 1776 2364 1861 huj
2373 1798 2448 1840 us
2485 1776 2722 1841 morbi
2765 1784 2970 1841 catas-

435 1862 698 1927 tants-opha.
742 1880 1021 1963 trophen
1073 1880 1273 1944 semel
1330 1880 1707 1965 expediam,)
1764 1881 2110 1945 visceribus
2169 1902 2210 1945 a
2256 1881 2569 1945 materiae
2629 1882 2968 1964 peccantis

742 1984 1059 2048 incubatu
1104 1984 1567 2067 complexuque
1609 1984 1706 2048 ita
1755 1984 1941 2049 laesis
1985 1992 2060 2048 ut
2107 1983 2475 2048 secretionis
2529 2004 2798 2065 organa
2843 2004 2968 2046 non

744 2087 1017 2170 amplius
1070 2109 1188 2151 suo
1237 2109 1508 2151 munere
1556 2087 1746 2169 fungi
1797 2092 2058 2170 queant,
2102 2086 2278 2149 unde
2329 2092 2394 2148 et
2447 2084 2730 2167 sanguis
2789 2083 2968 2166 quasi

743 2189 900 2253 limo
939 2196 1006 2252 et
1034 2189 1437 2254 faeculentiis
1475 2189 1750 2253 refertus
1789 2197 2069 2272 stagnat,
2101 2196 2168 2252 et
2197 2187 2466 2252 materia
2501 2208 2796 2270 peccans
2837 2208 2970 2249 non

737 2291 896 2376 jam,
941 2296 1019 2354 ut
1076 2292 1230 2354 olim
1288 2292 1553 2371 solebat,
1600 2293 1673 2356 in
1730 2292 2008 2377 corporis
2067 2291 2506 2355 extremitates
2566 2288 2972 2371 disploditur

746 2400 940 2477 atque
975 2393 1300 2477 rejicitur3
1346 2395 1616 2458 tandem
1661 2395 1994 2478 (inquam,)
2029 2392 2064 2458 ὅ
2091 2390 2228 2479 τρὶς
2265 2390 2486 2460 ἄθλιος
2511 2390 2725 2455 vitam
2768 2389 2970 2453 afflic-

744 2495 1061 2561 tissimam
1109 2503 1176 2561 et
1213 2498 1351 2582 jam
1392 2498 1505 2562 diu
1547 2517 1685 2563 non
1723 2498 1983 2562 vitalem
2028 2519 2178 2562 cum
2220 2502 2449 2575 morte,
2490 2484 2970 2558 aerumnarum

744 2599 984 2684 requie,
1016 2601 1289 2665 feliciter
1318 2609 1696 2666 commutat.

844 2703 1012 2787 [15.]
1065 2705 1159 2768 At
1181 2723 1331 2768 vero
1366 2704 1561 2788 (quod
1583 2704 1745 2768 mihi
1775 2703 2061 2788 aliisque,
2083 2703 2234 2768 licet
2263 2710 2400 2767 tam
2429 2702 2738 2766 fortunae
2763 2723 2972 2784 quam

746 2805 995 2890 ingenii
1023 2806 1282 2871 dotibus
1304 2807 1712 2871 mediocriter
1739 2808 2092 2887 instructiS,
2113 2808 2235 2871 hoc
2255 2805 2481 2871 morbo
2499 2805 2972 2869 laborantibus

748 2909 975 2974 solatio
1014 2931 1153 2974 esse
1195 2909 1440 2993 possit,)
1488 2909 1584 2972 ita
1625 2909 1946 2989 vixerunt,
1978 2917 2171 2994 atque
2221 2909 2318 2973 ita
2357 2907 2628 2974 tandem
2673 2917 2970 2972 mortem

746 3011 1069 3092 obierunt,
1116 3012 1339 3095 magni
1400 3033 1604 3094 reges,
1667 3012 2000 3094 dynastae,
2061 3011 2461 3076 exercituum
2519 3008 2971 3091 classiumque

748 3114 960 3194 duces,
1013 3114 1392 3198 philosophi,
1446 3114 1680 3197 aliique
1739 3113 1841 3178 his
1901 3113 2138 3177 similes
2196 3111 2373 3176 haud
2427 3111 2640 3194 pauci.
2733 3110 2970 3174 Verbo

444 3246 617 3295 Plures
633 3247 709 3296 di·
748 3216 978 3294 dicam,
1016 3216 1373 3280 articularis
1411 3216 1590 3280 hicce
1631 3216 1894 3281 morbus
1935 3215 2131 3299 (quod
2167 3215 2274 3278 vix
2312 3214 2392 3278 de
2429 3213 2651 3298 quovis
2691 3213 2834 3277 alio
2875 3213 2974 3276 af-

442 3312 565 3386 Vlm
583 3319 631 3360 θ*
646 3329 721 3360 ⁸⁸·
748 3319 1141 3400 firmaveris,)
1198 3319 1425 3384 divites
1468 3321 1686 3403 plures
1733 3320 2066 3384 interemit
2112 3341 2306 3402 quam
2356 3337 2691 3401 pauperes„
2737 3317 2974 3400 pluroe

442 3384 723 3506 {imizam
750 3423 1067 3505 sapientes
1129 3443 1322 3505 quam
1378 3424 1630 3501 fatuos;
1704 3423 1964 3486 Natura
2023 3422 2208 3505 quasi
2257 3421 2463 3504 digito
2521 3425 2974 3497 monstrante,

442 3515 701 3619 ξἐᾗξξξεζζ,
751 3548 944 3610 quam
994 3547 1224 3609 parum
1278 3527 1503 3610 iniqua
1562 3527 1646 3590 sit
1697 3527 1990 3591 omnium
2047 3547 2278 3610 parens
2331 3531 2398 3588 et
2447 3522 2713 3600 arbitra,
2765 3543 2978 3605 quam

441 3637 647 3685 teremit.
748 3629 1039 3717 partibus
1088 3651 1225 3693 non
1284 3629 1561 3707 studeat,
1609 3650 1760 3692 cum
1811 3651 1920 3693 eos
1971 3629 2206 3713 quibus
2265 3627 2502 3691 alicubi
2553 3623 2792 3702 defuit,
2843 3625 2978 3689 alio

750 3732 965 3815 aliquo
993 3730 1313 3795 bonorum
1343 3752 1580 3814 genere
1619 3731 2010 3795 cumulatius
2039 3731 2246 3795 ditare
2277 3731 2498 3808 soleat,
2527 3727 2978 3811 profusiorem

749 3857 899 3900 vero
929 3855 1083 3918 erga
1119 3834 1277 3898 alios
1314 3833 1827 3898 munificentiam
1861 3855 2070 3917 aequa
2104 3834 2426 3897 malorum
2452 3837 2638 3914 parte
2668 3829 2980 3894 admixta

752 3938 959 4004 diluat
998 3945 1065 4002 et
1100 3943 1576 4020 contemperet:
1623 3937 1783 4000 adeo
1821 3942 1898 4000 ut
1931 3936 2175 4020 ubique
2215 3936 2513 4019 gentium
2549 3939 2694 3996 rata
2735 3932 2828 3996 sit
2863 3934 2982 3996 lex

752 4055 945 4131 atque
973 4043 1377 4121 inviolabilis,
1408 4042 1664 4105 nullum
1693 4041 2024 4106 hominem
2054 4042 2155 4105 vel
2185 4045 2226 4076 “
2244 4062 2321 4104 ex
2361 4039 2541 4104 omni
2577 4045 2772 4121 parte
2811 4037 2982 4102 bea-

750 4149 961 4228 tum,’'
993 4149 1255 4232 [Horat.
1287 4146 1403 4208 Od.
1434 4145 1501 4208 ii.
1531 4145 1633 4209 16.
1655 4145 1791 4228 27.]
1820 4145 1922 4208 vel
1955 4167 2068 4228 per
2097 4143 2314 4208 omnia
2342 4142 2648 4206 miserum
2683 4161 2762 4204 ac
2795 4141 2984 4205 cala-

752 4253 1080 4330 mitosum,
1124 4269 1311 4334 posse
1350 4245 1647 4326 inveniri,
1693 4246 1980 4330 singulos
2025 4253 2245 4311 autem
2287 4251 2630 4327 utramque
2679 4243 2984 4326 experiri

756 4363 1013 4420 sortem.
1076 4353 1263 4419 Quae
1290 4351 1445 4416 boni
1476 4356 1674 4435 atque
1701 4350 1858 4414 mali
1887 4346 2414 4432 contemperatiO,
2435 4343 2784 4428 fragilitati
2813 4365 2986 4410 nos·

754 4463 893 4520 trae
916 4463 983 4520 et
1010 4454 1389 4519 mortalitati
1413 4455 1507 4518 ita
1534 4453 1808 4538 propria,
1827 4453 2015 4518 nobis
2031 4451 2301 4516 fortasse
2319 4448 2604 4534 apprime
2621 4445 2982 4512 conducit.
