3138 5006
714 269 847 333 432
1352 265 1745 331 THOMAE
1795 263 2310 330 SYDENHAM

392 450 509 499 ·Dn
534 449 671 498 Pon·
712 429 972 492 Natura
1028 427 1101 492 in
1156 427 1428 492 materia
1494 426 1798 490 morbum
1861 425 2312 491 committente
2367 425 2538 490 foras
2597 421 2940 509 pellenda.

474 529 635 564 ΝΜ·
714 529 1156 595 Quamobrem
1201 551 1461 614 operam
1510 529 1681 594 ludit
1729 529 2018 613 quisquis
2060 529 2186 592 hoc
2234 528 2422 594 illove
2467 529 2596 592 sive
2640 525 2942 591 medica-

712 639 955 712 mento,
986 634 1117 698 sive
1157 633 1355 698 etiam
1382 633 1718 717 regimine,
1751 631 2026 697 subinde
2060 633 2132 695 in
2165 653 2358 696 usum
2394 638 2711 709 revocato,
2743 630 2940 694 hunc

714 735 1017 801 morbum
1064 735 1383 820 protelare
1430 736 1685 818 satagit.
1777 735 1948 799 Cum
1997 754 2148 800 vero
2193 734 2300 799 hic
2343 735 2607 799 habitus
2659 741 2812 798 tum
2855 733 2940 796 in

714 840 1151 923 digestionum
1194 840 1489 904 omnium
1516 839 2032 918 labefactatione,
2055 846 2200 903 tum
2231 845 2298 902 et
2339 839 2408 902 in
2440 837 2788 902 amissione
2819 838 2936 900 fir·

716 941 1053 1008 mitudinis
1096 941 1411 1006 naturalis
1452 941 1734 1026 partium
1775 942 2200 1024 singularum,
2231 941 2570 1025 praecipue
2605 940 2935 1004 fundetur

714 1067 791 1112 ac
820 1051 1091 1124 constet,
1115 1045 1376 1128 utrique
1404 1045 1578 1108 malo
1607 1043 2076 1109 occurrendum
2105 1051 2240 1122 est3
2287 1049 2354 1108 et
2383 1048 2521 1107 tam
2551 1043 2932 1107 coctionum

714 1148 913 1213 robur
957 1169 1153 1231 quam
1194 1147 1525 1212 firmitudo
1567 1147 1854 1230 partium
1897 1145 2300 1230 pedetentim
2343 1145 2566 1210 reduci
2606 1146 2809 1210 debet
2851 1167 2936 1210 ac

714 1249 1082 1330 restaurari,
1111 1271 1229 1333 pro
1258 1248 1522 1314 modulo
1552 1249 1794 1314 scilicet
1824 1249 2134 1333 pristinae
2165 1269 2239 1312 ac
2267 1255 2613 1312 consuetae
2642 1249 2936 1331 corporis

717 1352 1144 1418 oeconomiae.
1258 1351 1762 1418 Quantumlibet
1817 1373 1968 1417 vero
2033 1351 2210 1416 istud
2267 1352 2458 1436 plene
2514 1351 2938 1434 perfecteque

716 1456 857 1521 fieri
892 1478 1026 1521 non
1060 1477 1245 1540 posse
1274 1455 1588 1535 videatur,
1620 1477 1756 1520 non
1783 1477 1862 1522 eo
1897 1456 2106 1520 solum
2143 1455 2406 1520 nomine
2450 1454 2624 1539 quod
2659 1454 2938 1518 habitus

719 1551 1087 1644 quicunque
1134 1579 1273 1623 non
1320 1558 1447 1622 nisi
1499 1559 1854 1642 aegerrime
1903 1558 1977 1623 in
2023 1557 2146 1622 sibi
2195 1558 2548 1622 contrarios
2597 1565 2938 1622 transmu-

718 1668 965 1740 tantur,
1010 1660 1124 1725 sed
1174 1661 1371 1726 etiam
1424 1662 1597 1746 quod
1645 1665 1822 1726 aetas
1869 1661 2106 1740 senilis,
2157 1681 2322 1744 quae
2368 1660 2524 1724 huic
2570 1659 2806 1724 morbo
2857 1668 2940 1724 ut

718 1764 1071 1848 plurimum
1100 1784 1313 1828 comes
1341 1771 1438 1828 est
1476 1771 1543 1828 et
1573 1764 1764 1842 socia,
1793 1763 2209 1828 vehementer
2237 1763 2636 1845 refragatum
2679 1770 2936 1840 tamen,

720 1874 1039 1950 quantum
1065 1866 1231 1931 vires
1268 1866 1551 1949 annique
1593 1866 1831 1946 sinent,
1861 1866 2182 1932 tentanda
2209 1873 2308 1930 est
2337 1865 2605 1943 curatio,
2635 1871 2706 1929 et
2737 1875 2940 1949 prout

718 1990 911 2054 aeger
951 1970 1215 2053 propius
1260 1967 1344 2032 ad
1383 1969 1555 2032 hanc
1597 1975 1843 2033 metam
1887 1969 2168 2048 accedet,
2206 1968 2302 2034 vel
2344 1967 2604 2034 recedet
2645 1967 2938 2051 longius,

718 2072 1051 2156 Podagrae
1081 2071 1497 2157 tyrannidem
1525 2072 1735 2154 magis
1764 2072 2058 2137 minusve
2089 2071 2374 2156 effugiet.

416 2193 477 2241 In
499 2194 695 2256 digeafi-
810 2173 980 2260 [42]
1035 2173 1253 2258 Atque
1312 2195 1502 2258 porro
1548 2174 2192 2240 animadvertendum
2243 2181 2362 2254 est,
2413 2174 2588 2260 quod
2645 2173 2942 2240 remedia

412 2273 583 2306 vorum
592 2273 703 2317 ¹²⁸¹¹⁹
719 2273 1005 2340 πεπτικά
1030 2276 1132 2339 vel
1161 2276 1493 2360 digestiva,
1526 2278 1657 2342 sive
1693 2283 1944 2362 partem
1984 2279 2300 2343 medicam
2339 2299 2418 2343 ea
2449 2283 2770 2361 spectant,
2801 2277 2940 2340 sive

408 2337 667 2450 fumi?
719 2377 1142 2457 diaeteticam,
1180 2379 1251 2442 in
1286 2401 1815 2466 paroxysmorum
1844 2382 2182 2466 praecipue
2218 2381 2593 2460 intervallis,
2623 2380 2698 2446 in
2739 2401 2938 2446 usum

411 2467 694 2578 ffiggffiffi,
718 2481 1076 2547 revocanda
1114 2489 1267 2547 sunt
1288 2510 1309 2564 3
1356 2483 1551 2567 idque
1591 2506 1789 2571 quam
1827 2485 2198 2569 longissime
2226 2485 2365 2550 fieri
2393 2490 2607 2569 potest
2634 2507 2677 2548 a
2705 2506 2938 2568 parox-

410 2596 635 2697 ffiffg
716 2605 901 2673 ysmo
928 2585 1322 2652 insecuturo.
1412 2588 1650 2674 Neque
1681 2589 1855 2653 enim
1885 2589 2026 2653 sine
2055 2610 2292 2673 magna
2319 2589 2626 2672 temporis
2653 2608 2846 2653 mora
2875 2595 2942 2651 et

716 2688 1036 2772 pertinaci
1070 2690 1505 2756 remediorum
1534 2712 1679 2770 usu,
1711 2692 2201 2757 concoctionum
2247 2692 2532 2756 omnium
2559 2689 2944 2755 corrobora-

716 2792 832 2872 tio,
862 2792 1325 2859 fermentorum
1356 2795 1637 2877 corporis
1660 2795 1797 2879 jam
1827 2795 2323 2859 imminutorum
2349 2794 2755 2872 restauratio,
2787 2802 2942 2858 tan·

716 2902 913 2980 taque
954 2897 1226 2961 firmitas
1270 2903 1585 2983 quantam
1629 2904 1944 2981 expetunt
1983 2905 2128 2963 tum
2163 2897 2449 2981 sanguis,
2485 2903 2630 2963 tum
2663 2896 2949 2977 viscera,

718 3000 899 3064 senio
929 2999 1307 3065 adversante
1332 3006 1608 3084 possunt
1637 3000 1901 3085 acquiri.

816 3104 983 3188 [43.]
1040 3104 1535 3171 Quantumlibet
1562 3126 1714 3170 vero
1747 3105 2000 3189 prosint
2019 3106 2180 3170 haec
2201 3106 2452 3191 aliaque
2487 3104 2808 3189 ejusmodi
2835 3126 2946 3168 re-

718 3206 952 3286 media,
974 3214 1266 3271 attamen
1284 3207 1463 3272 hisce
1484 3208 1635 3273 solis
1663 3208 1824 3273 haec
1854 3208 2308 3273 corroborandi
2333 3208 2613 3272 intentio
2633 3207 2950 3271 satisfieri

718 3308 982 3392 nequit3
1032 3310 1145 3375 sed
1184 3315 1252 3374 et
1298 3331 1521 3375 earum
1571 3312 1767 3376 etiam
1815 3334 2029 3377 rerum
2075 3312 2374 3377 habenda
2417 3319 2515 3376 est
2553 3311 2718 3375 ratio
2761 3332 2946 3396 quae

720 3412 806 3476 ad
836 3412 1067 3475 Artem
1096 3412 1350 3497 proprie
1378 3413 1713 3479 Medicam
1756 3437 1891 3480 non
1923 3424 2254 3500 spectant:
2301 3423 2366 3479 et
2401 3414 2753 3479 certissime
2783 3422 2948 3479 voto

718 3513 1137 3578 frustrabitur
1163 3515 1219 3578 is
1241 3516 1358 3601 qui
1385 3516 1458 3580 in
1484 3516 1608 3582 hoc
1633 3518 1834 3583 aliove
1855 3518 2082 3583 morbo
2113 3518 2432 3583 Chronico
2461 3538 2717 3582 omnem
2746 3538 2944 3581 cura-

718 3616 969 3681 tionem
1006 3617 1495 3684 medicamentis
1536 3620 1688 3686 solis
1731 3621 1974 3686 absolvi
2010 3643 2196 3706 posse
2231 3628 2552 3686 autumat.
2639 3620 2942 3684 Primum

418 3740 482 3790 In
506 3740 612 3789 cibo
720 3719 943 3806 itaque
992 3741 1071 3785 ea
1118 3722 1191 3784 in
1242 3721 1386 3787 cibo
1435 3730 1725 3807 potuque
1777 3724 2180 3790 mediocritas
2237 3732 2338 3789 est
2388 3723 2807 3802 observanda,
2857 3730 2946 3787 ut

418 3813 667 3920 ¹²32qu-
721 3844 933 3907 neque
970 3825 1115 3908 plus
1160 3824 1453 3891 alimenti
1494 3826 1832 3910 ingeratur
1873 3850 2064 3912 quam
2094 3827 2491 3893 ventriculus
2531 3847 2946 3911 concoquere

416 3888 653 3986 ‘diocritu
722 3927 949 4007 valeat,
981 3948 1055 3991 ac
1082 3928 1352 4011 proinde
1382 3930 1608 3995 morbo
1636 3930 1840 3995 fomes
1868 3932 2396 3996 subministretur
2403 3957 2424 4009 3
2465 3951 2684 4016 neque
2713 3951 2750 3993 e
2779 3950 2944 3994 con-

414 4002 661 4052 manda.
722 4039 845 4111 tra,
867 4032 1071 4096 nimia
1097 4031 1493 4097 abstinentia
1519 4040 1734 4118 partes
1765 4056 1842 4099 ea
1867 4035 2284 4119 proportione
2311 4033 2781 4098 defraudentur
2811 4054 2950 4116 qua

722 4136 1075 4201 earundem
1100 4135 1299 4200 robur
1320 4143 1386 4201 et
1405 4136 1586 4220 vigor
1616 4137 1924 4203 debuerat
1948 4138 2270 4218 sustineri,
2293 4138 2469 4202 unde
2498 4137 2698 4202 etiam
2723 4138 2950 4220 magis

724 4237 1185 4304 debilitentur:
1232 4261 1507 4324 quorum
1548 4247 1901 4325 utrumque
1945 4262 2025 4305 ex
2067 4262 2274 4328 aequo
2315 4247 2528 4319 nocet,
2563 4246 2762 4324 prout
2801 4246 2952 4305 tam

722 4342 796 4405 in
822 4342 1067 4427 meipso
1099 4364 1289 4426 quam
1318 4344 1391 4407 in
1422 4344 1563 4409 aliis
1591 4344 1771 4409 haud
1801 4345 2000 4409 semel
2029 4352 2328 4429 expertus
2359 4366 2524 4409 sum.
2613 4342 2724 4407 Ad
2753 4344 2952 4425 haec,

726 4444 1011 4509 ciborum
1050 4446 1427 4531 qualitatem
1472 4448 1644 4531 quod
1683 4454 1948 4534 spectat,
1980 4448 2132 4514 licet
2169 4445 2456 4515 εὔπεπτα
2483 4469 2598 4534 per
2625 4468 2696 4512 se
2726 4450 2956 4513 consi-
