3138 5006
713 281 1204 350 SCHEDULA
1248 281 1783 350 MONITORIA
1827 284 1884 349 Ι.
2275 281 2408 348 499

198 447 460 513 dianam
506 446 911 531 aliquatenus
948 447 1277 511 imitatur:
1352 445 1469 510 ubi
1513 465 1666 512 vero
1701 443 2020 511 tertianae
2059 446 2401 530 genuinae,
2429 459 2712 510 DzNovn

196 553 299 616 vel
336 551 603 617 alternis
649 550 877 617 diebus
914 551 1297 629 invadentis,
1326 556 1523 636 typus
1566 549 1904 634 reperim,
1936 555 2155 614 cortex
2201 549 2400 613 Peru·
2430 525 2700 638 Ῑξξζζζξυ

196 656 424 722 vianus
473 654 739 738 perinde
789 654 983 719 hodie
1034 659 1229 736 atque
1280 652 1435 716 olim
1480 653 1688 736 aegris
1739 652 2114 736 opitulatur.
2204 653 2400 718 Unde
2423 661 2704 673 ——’‘

194 758 441 842 liquido
484 761 757 836 constat,
799 756 969 821 hanc
1012 755 1284 820 Febrem
1329 756 1410 821 ab
1454 756 1596 820 istis
1626 755 2128 820 constitutionis
2173 755 2404 840 prioris

195 869 339 927 toto
383 860 559 926 coelo
602 859 879 938 distare3
948 879 1099 924 cum
1140 879 1227 923 ne
1269 858 1475 922 hilum
1521 859 1780 942 quidem
1830 857 2082 924 corticis
2123 881 2250 924 usu
2291 859 2400 926 hic

195 965 623 1048 proficiamus,
654 955 931 1048 cumque
971 963 1131 1028 haec
1170 985 1211 1028 a
1240 963 1389 1028 vino
1428 970 1494 1028 et
1528 963 1833 1028 cardiacis
1873 963 2140 1048 aliisque
2177 961 2400 1028 calidis

196 1074 607 1152 exasperetur
644 1067 886 1150 magis3
962 1067 1195 1150 quibus
1242 1064 1543 1130 omnibus
1589 1087 1738 1130 cum
1783 1067 2038 1131 corticis
2075 1089 2200 1132 usu
2242 1067 2398 1134 olim

197 1169 353 1234 satis
381 1168 821 1249 conveniebat,
853 1169 1011 1253 quin
1040 1176 1106 1234 et
1134 1190 1284 1234 cum
1312 1168 1451 1253 ipsa
1478 1168 1705 1233 Febre.

296 1269 464 1357 [24]
513 1271 716 1335 Porro
742 1269 1106 1335 notandum
1140 1278 1259 1350 est,
1291 1271 1483 1354 quod,
1516 1279 1848 1354 grassante
1875 1271 2000 1338 hac
2028 1273 2253 1353 Febre,
2283 1295 2399 1358 per
2423 1288 2628 1339 Morbus

198 1380 510 1440 aestatem
544 1394 806 1438 omnem
841 1373 1143 1456 (maxime
1180 1373 1359 1437 illam
1390 1375 1547 1438 anni
1568 1375 1709 1459 jam
1738 1376 2098 1460 currentis,)
2134 1377 2398 1444 morbus
2423 1353 2712 1470 ξ’ζξῐζξιζζῧζ

195 1498 499 1565 persaepe
536 1498 673 1542 non
713 1483 855 1541 tam
889 1477 1493 1561 pathognomonicis
1536 1478 1734 1544 febris
1774 1480 1974 1564 signis
2009 1480 2241 1563 (calore
2281 1481 2396 1545 sci-
2425 1486 2682 1562 praecipue

195 1582 368 1661 licet,
390 1580 859 1665 inquietudine,
884 1587 1005 1644 etc.
1009 1581 1054 1663 ,)
1085 1601 1279 1664 quam
1299 1581 1539 1646 ventris
1566 1583 1974 1662 torminibus,
1998 1603 2176 1647 nunc
2197 1584 2399 1662 siccis,
2424 1551 2674 1666 22³3&ss

195 1706 376 1749 nunc
434 1682 919 1768 dejectionibus,
972 1703 1043 1746 se
1092 1682 1515 1749 ostendebat:
1591 1706 1744 1751 cum
1799 1686 2220 1751 nihilominus
2279 1685 2399 1752 sub
2427 1683 2524 1738 (ΗΜ

196 1789 321 1853 hac
348 1789 524 1853 larva
556 1789 697 1871 ipsa
728 1788 999 1872 hujusce
1031 1788 1435 1870 tempestatis
1464 1788 1688 1853 Febris
1725 1789 2142 1870 delitesceret,
2173 1791 2246 1854 in
2274 1813 2403 1875 qua

198 1892 636 1956 exhalationes
665 1890 999 1974 sanguinis
1027 1890 1563 1960 inflammator-iae
1593 1913 1728 1957 non
1755 1913 1874 1976 pro
1901 1913 2081 1957 more
2115 1894 2302 1958 solito
2329 1894 2403 1957 in

196 2001 538 2058 externum
590 1993 869 2077 corporis
920 1992 1218 2057 habitum
1274 1995 1840 2078 protrudebantur,
1889 1997 2000 2061 sed
2051 1999 2402 2062 introrsum

195 2120 314 2183 per
364 2097 629 2162 arterias
687 2097 1140 2162 mesentericas
1190 2097 1263 2160 in
1312 2095 1557 2163 viscera
1597 2094 1917 2164 inferioris
1960 2101 2222 2180 ventris,
2271 2100 2402 2164 sive

196 2201 528 2281 intestina,
561 2208 627 2265 et
666 2220 1139 2283 nonnunquam
1178 2201 1375 2265 etiam
1408 2222 1527 2286 per
1564 2202 1944 2266 arteriarum
1979 2203 2402 2266 coeliacarum

196 2327 410 2372 ramos
458 2306 531 2370 in
573 2303 1004 2370 ventriculum
1049 2303 1578 2388 deponebantur3
1633 2327 1796 2389 quae
1840 2306 2099 2390 quidem
2143 2305 2400 2370 exhala-
2429 2324 2544 2372 item
2567 2339 2651 2372 vo-

196 2409 409 2473 tiones
450 2409 999 2473 vomituritionem
1051 2407 1329 2472 excitare
1380 2409 1609 2484 solent,
1653 2411 1994 2494 praecipue
2045 2410 2268 2474 statim
2319 2408 2399 2474 ab
2427 2389 2660 2507 3³5⁶&

198 2512 559 2595 ingestione
616 2512 747 2577 sive
812 2518 1004 2597 potus
1073 2512 1203 2576 sive
1275 2511 1662 2576 nutrimenti
1727 2513 2008 2597 cujusvis
2066 2513 2398 2581 solidioris.

202 2616 514 2681 Quamvis
572 2622 791 2679 autem
848 2614 1007 2679 haec
1057 2613 1281 2679 Febris
1338 2614 1458 2679 sub
1519 2615 1840 2681 dictorum
1898 2624 2402 2701 symptomatum

200 2719 411 2803 specie
456 2740 530 2784 ac
571 2719 779 2783 forma
817 2718 1169 2797 delitescat,
1209 2719 1477 2782 omnino
1518 2724 1740 2783 tamen
1788 2720 2074 2801 genuina
2113 2720 2228 2784 illa
2267 2742 2402 2784 me-

197 2824 403 2888 thodo
451 2844 645 2906 quam
698 2843 892 2906 supra
935 2822 1229 2886 dedimus
1280 2821 1713 2905 expugnanda
1755 2828 1872 2899 est,
1920 2820 2186 2905 perinde
2231 2844 2305 2886 ac
2349 2823 2406 2886 si

196 2926 441 2991 usitata
496 2924 693 3010 hujus
746 2924 967 2989 Febris
1023 2924 1185 2988 facie
1236 2930 1654 3007 compareret,
1705 2922 1901 3007 idque
1957 2929 2098 2987 tam
2153 2924 2404 2989 ratione

196 3026 735 3093 venae-sectionis
794 3048 989 3111 quam
1047 3027 1360 3111 repetitae
1410 3026 1810 3092 catharseos:
1885 3028 2014 3091 nisi
2071 3029 2244 3112 quod
2299 3028 2405 3093 hic

200 3129 846 3196 animadvertendum
887 3130 990 3209 sit,
1024 3129 1215 3213 quod,
1249 3130 1497 3212 quoties
1536 3130 1762 3194 Febris
1806 3150 1882 3194 eo
1919 3152 2127 3214 usque
2166 3132 2404 3196 ventri-

198 3235 418 3299 culum
456 3234 738 3313 infestet,
777 3240 855 3297 ut
903 3253 1094 3316 aeger
1139 3232 1465 3316 potionem
1511 3232 1790 3296 retinere
1828 3238 2128 3316 nequeat,
2166 3232 2404 3316 pilulae

198 3340 457 3405 cochiae
485 3340 759 3424 majores
794 3340 982 3422 (quae
1018 3337 1101 3401 ad
1142 3337 1471 3419 scrupulos
1511 3336 1674 3400 duos
1713 3336 2034 3401 exhibitae
2063 3358 2402 3420 nunquam

196 3465 333 3507 non
362 3465 478 3527 per
497 3444 739 3507 viscera
767 3442 890 3506 sibi
920 3440 1166 3505 exitum
1196 3442 1475 3524 parant,)
1508 3440 1650 3504 loco
1678 3440 1958 3524 potionis
1986 3441 2222 3505 leniter
2247 3462 2399 3525 pur-

199 3547 413 3629 gantis
437 3545 743 3609 substitui
762 3544 1030 3629 possint.
1120 3544 1530 3608 Devorentur
1547 3564 1697 3607 vero
1725 3543 1964 3627 pilulae
1991 3544 2150 3608 hora
2172 3552 2402 3628 quarta

195 3650 541 3727 matutina,
563 3648 657 3712 ita
681 3656 759 3711 ut
782 3668 973 3730 aeger
999 3646 1490 3730 superdormiat.
1550 3646 1720 3709 'Pum
1751 3647 1946 3710 etiam
1975 3647 2400 3731 hypnoticum

200 3752 341 3816 dosi
389 3751 582 3835 paulo
622 3751 900 3834 largiore
942 3757 1043 3814 est
1082 3749 1606 3829 concedendum;
1654 3749 1834 3814 verbi
1878 3751 2102 3833 gratia,
2133 3750 2400 3814 laudani

201 3852 387 3917 solidi
416 3853 842 3919 Londinensis
878 3853 1367 3936 sesquigranum
1405 3872 1555 3917 cum
1593 3852 1787 3916 simili
1823 3854 2186 3936 quantitate
2231 3874 2398 3916 mas-

199 3958 407 4023 tiches
434 3958 506 4021 in
539 3956 697 4021 duas
726 3956 957 4041 pilulas
986 3956 1247 4019 redacta
1275 3956 1499 4020 eadem
1526 3962 1720 4020 nocte
1744 3955 2254 4039 deglutiantur-⁸3
2299 3956 2401 4019 vel

200 4062 397 4125 etiam
445 4059 711 4125 laudani
744 4057 974 4143 liquidi
1023 4065 1246 4142 guttae
1282 4058 1640 4123 octodecim
1674 4060 1775 4123 vel
1811 4060 2042 4143 viginti
2089 4060 2162 4122 in
2205 4060 2402 4124 uncia

198 4186 335 4228 una
386 4185 587 4249 aquae
645 4162 1038 4227 cinnamomi
1088 4162 1451 4241 hordeatae,
1501 4169 1616 4226 aut
1662 4162 1787 4226 alio
1838 4163 2058 4246 quovis
2105 4162 2400 4227 vehiculo

202 4269 639 4352 generosiore3
686 4288 813 4350 quo
841 4265 1237 4330 ventriculus
1265 4266 1459 4349 hujus
1488 4272 1633 4328 tum
1661 4265 1902 4329 viribus
1933 4264 2398 4346 corroboratus,

200 4379 345 4435 tum
388 4370 625 4435 minori
663 4370 1028 4454 quantitate
1066 4390 1201 4433 non
1244 4369 1554 4448 irritatus,
1589 4368 1672 4432 ad
1709 4368 2165 4433 medicamenti
2202 4371 2400 4453 rejec-

268 4505 291 4531 c
324 4501 513 4546 redacta
535 4534 547 4548 .
573 4532 585 4546 .
608 4535 620 4549 .
646 4496 991 4561 deglutiantur]
1018 4498 1099 4547 Sic
1123 4498 1255 4561 Syd„
1281 4498 1367 4546 sed
1386 4498 1580 4546 videtur
1600 4505 1762 4545 ——tum
1785 4531 1798 4544 .
1821 4532 1832 4545 .
1857 4535 1868 4547 .
1895 4506 2069 4550 -atur
2089 4498 2366 4560 legendum.
