3138 5006
897 267 1411 371 PROGESSUS
1457 269 1868 337 INTEGRI.
2346 276 2478 373 ⁴585

841 444 961 481 eum
985 429 1278 484 sufficiente
1303 433 1600 500 quantitate
1626 431 1819 503 Syrupi
1838 450 1868 486 e
1886 432 2137 503 Quinque
2160 432 2479 499 Badieibus3
2524 448 2608 497 Da
2633 450 2764 497 sup-

557 513 681 569 Fiat
725 516 1098 571 electuarium.
1158 520 1334 588 capiat
1380 520 1451 573 ad
1497 519 1927 590 magnitudinem
1976 522 2128 576 nucis
2173 521 2477 577 moschatae
2500 526 2795 625 ΡΜὲΒΒΙΟΝΒ

557 610 748 671 quarta
784 620 996 673 quaque
1029 605 1176 670 hora,
1212 606 1595 707 super-bibendo
1629 609 1899 677 sequentis
1936 608 2133 678 julapii
2180 608 2478 663 cochlearia

554 698 782 759 quatuor
802 692 888 745 vel
912 692 1180 761 quinque:
1183 722 1256 731 —

279 831 478 899 [Form.
503 836 626 887 210.
632 831 694 897 J*
734 831 797 912 R
836 836 1025 905 Aquae
1050 836 1224 890 Rutae
1249 839 1434 892 uncias
1456 848 1700 908 quatuor,

837 924 1075 993 [Aquae]
1105 924 1370 995 Bryoniae
1394 925 1731 996 Compositae
1754 928 1937 982 uncias
1962 926 2109 993 duas,

838 1011 1085 1066 Sacchari
1111 1012 1288 1065 Caudi
1313 1014 1666 1081 quantitatem
1694 1003 2071 1078 sufficientem;

557 1096 682 1151 Fiat
695 1098 979 1168 julapium.

276 1242 400 1307 Vel
439 1251 654 1309 sumat
680 1244 1146 1309 trochiscorum
1175 1244 1256 1309 de
1299 1246 1564 1329 myrrha
1598 1245 1973 1329 scrupulum
2009 1267 2217 1311 unum
2248 1254 2477 1331 quarta

277 1366 529 1430 quaque
557 1346 734 1409 hora.

366 1448 438 1511 Si
458 1454 599 1512 tota
617 1447 1090 1532 praedictorum
1111 1448 1438 1533 quantitas
1457 1455 1894 1529 consumatur,
1916 1458 1983 1535 et
2004 1450 2249 1515 Lochia
2265 1450 2475 1516 adhuc

276 1551 778 1634 supprimantur,
807 1551 1162 1615 laudanum
1195 1551 1390 1615 unica
1427 1552 1657 1615 saitem
1693 1552 1828 1616 vice
1867 1552 2338 1631 exhibendum3
2376 1557 2473 1630 ut,

274 1653 539 1717 laudam'
575 1653 803 1738 liquidi
847 1662 1072 1737 guttae
1117 1653 1603 1738 quatuordeeim
1641 1654 1714 1716 in
1755 1675 1922 1737 aqua
1959 1652 2267 1738 bryoniae
2302 1674 2473 1717 com-

275 1756 502 1839 posita,
553 1756 656 1820 vel
699 1755 967 1820 laudaui
1013 1755 1201 1820 solidi
1253 1756 1745 1839 sesquigranum
1797 1777 1947 1820 cum
2000 1776 2146 1820 asae
2197 1755 2475 1821 foetidae

276 1860 490 1941 granis
521 1859 738 1924 decem
766 1860 838 1922 in
867 1860 1098 1943 pilulas
1128 1859 1288 1923 duas
1317 1859 1671 1922 redactum.

365 1961 437 2024 Si
479 1961 638 2026 haec
681 1961 846 2025 nihil
895 1961 1250 2045 proficiant,
1299 1968 1442 2025 tum
1495 1980 1726 2025 enema
1766 1980 1846 2023 ex
1893 1960 2061 2023 lacte
2105 1957 2475 2023 saccharato

273 2062 466 2127 unica
494 2064 722 2128 saltem
749 2063 886 2128 vice
912 2064 1259 2149 injiciatur.

1081 2377 1272 2442 CAP.
1306 2375 1661 2441 XXXIII.¹

1151 2538 1250 2599 De
1277 2537 1596 2618 Hydrope.

2505 572 2770 626 Locmon.

360 2673 694 2737 Fovmnm
719 2693 758 2735 a
779 2671 1172 2754 digitorum'
1155 2673 1571 2756 impressione
1592 2673 1661 2735 in
1694 2693 1989 2736 surarum
2011 2677 2193 2755 parte
2213 2668 2473 2735 inferio-
2500 2689 2664 2738 Morbi
2683 2690 2765 2737 de-

270 2775 348 2853 ri,
373 2774 495 2839 sub
517 2780 776 2839 noctem
802 2773 1203 2858 conspicuae,
1226 2794 1419 2837 mane
1439 2781 1909 2853 evanescentes,
1935 2773 2055 2838 hoc
2084 2773 2331 2837 malum
2346 2773 2475 2857 pri-

272 2899 454 2940 mum
493 2877 806 2955 indicant,
846 2876 1126 2940 maxime
1165 2877 1222 2939 si
1260 2875 1524 2960 spiritus
1560 2875 1821 2940 interim
1864 2875 2119 2958 aegrius
2165 2875 2475 2953 ducatui-3

278 2981 478 3063 (haud
505 3001 652 3044 raro
680 2987 904 3043 tamen
931 2979 1250 3044 foeminae
1278 2985 1729 3062 praegnantes,
1760 2985 1827 3042 et
1858 2977 2091 3061 quibus
2120 2976 2480 3041 catamenia

274 3084 616 3161 sistuntur,
640 3089 719 3147 ut
741 3089 807 3147 et
829 3081 948 3146 viri
977 3082 1059 3147 ab
1090 3083 1410 3146 asthmate
1439 3081 1797 3145 inveterato
1826 3079 2172 3164 derepente
2200 3078 2473 3157 liberati,

272 3185 500 3250 eodem
529 3193 786 3250 timore
812 3192 1155 3250 tentantur
1169 3187 1215 3270 ς)
1264 3184 1535 3269 pedibus
1558 3183 1977 3268 cruribusque
2005 3182 2090 3248 ad
2117 3189 2476 3246 extremum

270 3288 570 3367 extensis,
599 3288 672 3352 in
702 3287 1023 3352 abdomen
1060 3296 1263 3352 ruunt
1293 3309 1516 3372 aquae,
1548 3293 1616 3351 et
1645 3287 1729 3351 ad
1765 3285 2068 3350 ultimum
2107 3283 2475 3369 capacitatis

271 3410 426 3454 suae
475 3390 678 3454 limen
719 3390 1034 3473 paulatim
1077 3391 1494 3469 distendunt3
1558 3390 1763 3454 donec
1812 3389 2078 3454 tandem
2121 3389 2194 3451 in
2236 3389 2478 3452 viscera

273 3493 590 3559 nobiliora
629 3494 880 3577 impetu
921 3493 1001 3558 ab
1041 3493 1120 3557 iis
1165 3494 1338 3559 facto
1385 3514 1578 3576 aeger
1622 3492 2075 3577 submergitur.
2166 3492 2295 3556 Pro
2336 3497 2480 3555 rata

271 3619 398 3682 qua
453 3603 670 3680 partes
731 3618 770 3660 a
828 3596 1055 3661 morbo
1113 3597 1408 3661 obsessae
1449 3597 1620 3660 mole
1666 3603 2005 3680 augentur,
2051 3595 2213 3658 aliae
2271 3593 2477 3676 magis

271 3700 606 3783 magisque
630 3699 1078 3782 gracileseunt,
1101 3698 1484 3783 urgentibus
1516 3699 1860 3785 dyspnoea,
1882 3698 2108 3762 urinae
2131 3695 2477 3780 paucitate,

273 3808 341 3866 et
394 3801 503 3865 siti
553 3802 828 3866 intensa.
949 3801 1140 3866 Viros
1188 3801 1674 3890 ingravescente
1726 3806 1956 3879 aetate,
2000 3797 2313 3862 foeminas
2362 3797 2480 3861 ubi

265 3905 407 3988 jam
436 3925 659 3987 parere
689 3903 1018 3983 desierint,
1049 3911 1124 3968 ut
1153 3905 1506 3988 plurimum
1537 3903 1845 3968 adoritur.

2500 2755 2711 2818 scriptio.

372 4006 544 4089 [2.]¹²
588 4005 1026 4071 Indicationes
1083 4007 1404 4072 curativae
1463 4005 1835 4090 dirigendae
1902 3987 2056 4067 sunt
2121 4001 2328 4087 primo
2396 4001 2479 4066 ad
2506 4017 2763 4064 Cusum.

277 4130 588 4192 aquarum
639 4109 1141 4186 evacuationem,
1188 4109 1422 4174 deinde
1474 4109 1555 4172 ad
1600 4106 2096 4172 instaurandum
2147 4104 2479 4187 sanguinis

274 4211 472 4275 robur
503 4233 630 4296 quo
661 4234 861 4277 novus
892 4234 1204 4297 aquarum
1234 4218 1581 4297 proventus
1609 4208 1969 4296 praecaveri
1996 4207 2215 4292 possit.

341 4388 364 4420 ¹¹
401 4390 477 4439 Cf.
503 4392 642 4440 form.
667 4395 746 4440 83.
1488 4397 1532 4426 m
1568 4393 1740 4438 Foveae
1764 4388 1869 4452 ¹5¹⁰]
1897 4389 1970 4438 Cf.
1998 4391 2107 4436 ibid.
2134 4391 2157 4449 5
2188 4390 2207 4436 l
2237 4403 2305 4449 sq.

343 4452 358 4488 ¹
394 4456 468 4504 Cf.
499 4457 652 4506 Tract.
681 4459 745 4504 ΙΙ.
1489 4463 1516 4489 ¹¹
1555 4455 1629 4503 Cf.
1656 4458 1766 4503 ibid.
1793 4458 1816 4514 ἦ
1842 4457 1885 4505 8.

1325 4543 1435 4600 4r
