3138 5006
428 441 512 488 De
533 441 686 488 Mon-

438 519 520 552 ms
547 507 674 553 Eri-

439 583 604 617 neme

415 2193 562 2239 quoa
533 2180 594 2226 ab

407 2241 472 2305 hy
475 2244 596 2291 emis
605 2245 689 2292 fri-

406 2321 520 2366 gore
536 2324 668 2370 pres-

433 2371 662 2426 ‹nii-infeo

405 2433 474 2480 ris
495 2437 676 2484 ordinis

405 2580 456 2612 se
469 2565 685 2615 efferunt.

723 252 824 322 34?
1007 255 1010 258 ’
1059 297 1068 309 ·
1245 249 1252 255 ⁹
1339 259 1727 324 THOMAE
1776 247 2077 324 SYDEN
2084 258 2291 324 HAM

726 386 1218 507 depopulantur,
1278 423 1472 487 febris
1537 429 1679 489 toto
1730 445 1903 488 anno
1954 409 2222 509 sparsim
2280 424 2588 488 oberrans
2634 407 2917 518 ejusdem

661 527 915 618 plane
943 527 1472 590 inflammationis
1502 534 1601 590 est
1630 528 1964 620 particeps,
1991 549 2155 610 quae
2184 528 2453 591 variolas
2481 528 2671 611 parit.
2726 528 2909 591 Uter-

724 649 848 713 que
887 649 1120 714 nempe
1158 629 1423 693 morbus
1453 629 1537 692 ad
1580 617 1851 693 eandem
1882 630 2016 693 fere
2045 651 2339 694 normam
2384 631 2692 708 adoritur,
2722 630 2911 694 maxi-

721 747 954 814 maque
981 729 1047 794 in
1055 739 1155 796 ter
1182 733 1461 796 maxime
1482 731 1739 815 propria
1766 732 2103 815 utriusque
2127 739 2557 817 symptomata
2576 732 2909 796 intercedit

721 835 1039 917 cognatio,
1079 835 1365 917 (excepta
1403 835 1785 898 variolamm
1831 836 2186 917 eruptione,
2220 842 2286 899 et
2328 834 2591 918 reliquis
2636 856 2799 918 quae
2836 834 2905 898 ab

719 938 833 1000 illa
859 937 1190 1020 pendent,)
1227 944 1304 1000 ut
1349 959 1427 1000 ex
1473 936 1728 1020 ingenti
1758 938 1869 1000 illa
1911 945 2055 1000 tum
2102 938 2185 1001 ad
2228 944 2615 1020 spontaneos
2658 937 2907 1001 sudores

717 1047 863 1101 tum
917 1039 1000 1102 ad
1051 1039 1312 1102 salivam
1361 1040 1830 1103 excernendam
1880 1040 2323 1123 propensione,
2364 1039 2437 1103 in
2489 1061 2616 1122 qua
2661 1027 2918 1122 utrique*

718 1141 1036 1220 convenit,
1087 1141 1344 1204 abunde
1395 1148 1667 1205 constat.
1760 1143 2030 1220 Pariter,
2084 1163 2232 1206 cum
2282 1142 2687 1227 dysenteriae
2746 1141 2908 1205 dicto

715 1251 1005 1327 tempore
1034 1244 1372 1328 praecipue
1401 1243 1645 1308 fuerint
1686 1252 2029 1328 grassatae,
2060 1246 2257 1309 febris
2303 1267 2466 1329 quae
2496 1265 2571 1309 eo
2618 1267 2792 1309 anno
2818 1245 2909 1308 in-

715 1348 928 1424 festat,
976 1346 1327 1410 earundem
1369 1347 1655 1410 indolem
1698 1369 1831 1411 non
1868 1347 2095 1411 leviter
2134 1348 2515 1426 aemulatur,
2553 1347 2702 1429 (nisi
2746 1347 2911 1430 quod

715 1448 863 1512 illae
907 1469 1166 1512 causam
1208 1449 1607 1513 morbificam
1651 1471 1765 1532 per
1810 1450 1991 1520 sedes
2028 1451 2385 1528 eliminent,
2430 1456 2497 1514 et
2536 1471 2746 1534 pauca
2796 1450 2912 1512 alia

717 1551 948 1616 exinde
991 1557 1342 1615 nascantur
1379 1556 1856 1637 symptomata,)
1909 1554 2080 1637 quod
2122 1561 2268 1617 tum
2314 1576 2353 1617 a
2395 1554 2715 1617 consimili
2757 1553 2911 1616 utri·

715 1675 919 1737 usque
956 1654 1164 1718 morbi
1201 1655 1468 1732 insultu,
1499 1661 1643 1718 tum
1684 1655 1881 1719 etiam
1913 1655 2085 1739 quod
2112 1663 2388 1739 utroque
2430 1656 2602 1719 malo
2642 1655 2911 1739 correpti

717 1756 973 1840 aphthis
1019 1756 1460 1841 similibusque
1501 1757 1778 1821 invicem
1823 1757 2359 1842 symptomatibus
2391 1757 2741 1822 admodum
2786 1757 2911 1821 sint

716 1859 994 1938 obnoxii,
1033 1859 1188 1922 satis
1225 1858 1556 1923 evincitur.
1648 1861 1735 1924 Et
1780 1881 1934 1924 sane
1980 1860 2347 1944 dysenteria
2386 1860 2466 1924 de
2506 1881 2635 1943 qua
2678 1861 2909 1942 agitur,

713 1962 1032 2045 ipsissima
1059 1962 1171 2026 illa
1209 1963 1404 2026 febris
1433 1969 1569 2041 est,
1615 1962 1738 2026 hoc
1780 1969 2042 2026 tantum
2088 1963 2475 2042 discrimine,
2507 1962 2681 2046 quod
2710 1964 2913 2026 intro-

713 2071 1020 2143 vertatur,
1061 2071 1128 2128 et
1169 2065 1242 2128 in
1280 2065 1594 2129 intestina
1632 2087 1699 2129 se
1744 2086 2098 2129 exonerans
2141 2085 2257 2147 per
2300 2064 2524 2128 eadem
2569 2065 2743 2128 viam
2794 2063 2912 2128 sibi

713 2166 925 2230 faciat.
1035 2167 1200 2251 [17.]
1275 2168 1661 2232 Notandum
1714 2175 1933 2232 autem
1988 2175 2090 2231 est
2149 2167 2671 2251 Epidemicorum
2730 2169 2913 2231 illum

711 2269 1085 2354 principem,
1119 2269 1228 2353 qui
1264 2270 1384 2334 sub
1429 2269 1834 2353 aequinoctio
1874 2269 2253 2348 autumnali,
2286 2291 2405 2333 ceu
2444 2277 2637 2353 rupto
2682 2291 2911 2353 aggere

663 2388 982 2460 ·torrens,
1006 2381 1226 2445 omnia
1254 2388 1582 2460 straverat,
1607 2382 1953 2465 ingruente
1980 2381 2232 2465 hyemis
2250 2382 2486 2464 frigore
2514 2382 2693 2445 intra
2722 2403 2912 2446 suum

409 2499 687 2562 Epidemici
713 2479 781 2548 se
841 2483 1091 2548 alveum
1149 2484 1464 2564 condere,
1451 2510 1464 2525 ·
1511 2487 1671 2549 cum'
1722 2503 1800 2548 ex
1860 2483 2121 2549 adverso
2173 2482 2529 2568 Epidemici
2586 2484 2909 2549 inferioris

711 2586 973 2665 ordiniS,
1013 2584 1121 2669 qui
1167 2585 1287 2649 sub
1332 2608 1409 2650 eo
1453 2592 1801 2664 merentur,
1848 2592 2010 2650 tunc
2052 2586 2358 2669 temporis
2401 2587 2781 2670 praesertim
2816 2588 2913 2650 in

711 2710 864 2771 grav
867 2694 1086 2751 escant
1139 2694 1203 2751 et
1245 2709 1463 2751 rerum
1508 2690 1861 2772 potiantur,
1904 2689 2109 2752 donec
2149 2688 2359 2752 dictus
2414 2689 2570 2752 anni
2616 2690 2915 2773 princeps

711 2812 935 2855 eorum
963 2790 1126 2854 vires
1157 2790 1370 2854 denuo
1401 2790 1659 2872 frangat
1690 2796 1755 2853 et
1788 2790 1997 2854 deleat
2027 2811 2286 2854 nomen.

823 2894 989 2978 [18.]
1075 2895 1410 2958 Postremo
1484 2894 1957 2957 observandum
2032 2900 2130 2957 est
2204 2892 2453 2977 quoties
2528 2892 2915 2958 constitutio

709 2998 923 3081 aliqua
945 2996 1145 3060 varias
1169 2995 1689 3079 Epidemicorum
1719 2996 1957 3080 species
1988 2996 2175 3080 parit,
2200 2996 2486 3079 singulas
2515 2996 2633 3059 has
2664 2996 2913 3081 species

712 3122 950 3183 genere
980 3098 1060 3163 ab
1104 3099 1231 3163 illis
1268 3100 1561 3177 differre3
1610 3120 1773 3183 quae
1816 3120 1966 3162 cum
2004 3098 2177 3163 idem
2223 3099 2412 3182 plane
2441 3121 2683 3163 nomen
2722 3098 2923 3164 sorti·'

711 3209 926 3279 antur,
978 3200 1100 3264 alia
1137 3208 1380 3264 tamen
1431 3202 1894 3265 constitutione
1953 3208 2363 3285 generentur.
2472 3202 2917 3285 Quotcunque

711 3305 844 3367 sint
887 3309 1107 3367 autem
1158 3303 1396 3386 species
1446 3303 1595 3368 illae
1645 3303 1996 3386 peculiares
2042 3325 2205 3391 quae
2264 3304 2335 3367 in
2374 3324 2512 3367 una
2556 3304 2917 3387 eademque

710 3404 1171 3469 constitutione
1199 3405 1534 3485 invadunt,
1564 3406 1636 3468 in
1664 3406 1993 3469 communi
2022 3428 2153 3469 una
2182 3412 2376 3489 atque
2406 3406 2690 3488 generali
2717 3426 2917 3469 causa

708 3506 1110 3589 singularum
1149 3507 1552 3591 productrice
1605 3529 1827 3571 omnes
1875 3509 2287 3586 conveniunt,
2333 3507 2455 3571 hac
2506 3507 2751 3571 scilicet
2798 3514 2917 3571 aut

707 3608 835 3673 alia
863 3610 1030 3673 aeris
1060 3609 1333 3674 diathesi
1363 3610 1705 3694 peculiari3
1738 3617 1804 3674 et
1834 3632 1914 3674 ex
1942 3611 2380 3695 consequenti,
2406 3616 2916 3694 quantocunque

707 3711 788 3774 ab
833 3709 1125 3791 invicem,
1177 3713 1388 3795 quoad
1434 3720 1664 3797 typum
1708 3720 1775 3776 et
1831 3714 2105 3777 formam
2150 3713 2527 3797 specificam,
2570 3712 2918 3777 intervallo

709 3812 973 3894 distent,
1041 3815 1417 3879 constitutio
1475 3823 1699 3879 tamen
1768 3815 2067 3879 omnibus
2128 3816 2488 3879 communis
2548 3815 2915 3899 subjectam

707 3915 1107 3997 singularum
1137 3918 1474 3981 materiam
1503 3918 1590 3981 ad
1618 3917 1933 4001 ejusmodi
1972 3917 2407 3982 conditionem
2436 3923 2631 4000 atque
2660 3924 2919 3981 statum

707 4018 957 4101 effingit
985 4018 1365 4102 formatque,
1397 4026 1475 4083 ut
1513 4020 1855 4104 praecipua
1896 4026 2347 4103 symptomata,
2381 4040 2543 4103 quae
2586 4020 2671 4083 ad
2708 4021 2917 4103 parti·

705 4121 990 4185 cularem
1027 4122 1458 4185 evacuationis
1501 4122 1767 4186 modum
1806 4122 1969 4186 nihil
2016 4123 2299 4187 attinent
2310 4120 2359 4201 ²¹,
2392 4121 2692 4185 omnibus
2728 4124 2920 4206 paria

708 4223 876 4303 sint3
923 4222 1193 4307 singulis
1235 4222 1430 4288 etiam
1458 4223 1528 4289 in
1557 4225 1682 4288 hoc
1727 4225 2264 4309 conspirantibuS,
2296 4233 2372 4289 ut
2400 4224 2626 4289 eodem
2664 4213 2923 4307 pariter

707 4346 933 4392 omnes
961 4332 1251 4411 tempore
1281 4332 1348 4389 et
1377 4326 1724 4391 intendant
1749 4328 2076 4392 saevitiam
2102 4334 2167 4391 et
2198 4328 2554 4392 remittant.
2648 4328 2917 4391 Notan-

1033 4450 1057 4483 ὅ
1091 4452 1314 4517 attinent]
1341 4454 1409 4502 sic
1435 4456 1508 4503 ed.
1537 4455 1633 4514 ⁹76,
1652 4462 1794 4504 -net
1817 4456 1889 4517 ed²
1916 4458 2013 4515 ⁹85,
2038 4470 2193 4504 errore
2216 4454 2323 4505 fort.
2348 4462 2535 4520 typogr.
