3138 5006
453 300 570 357 632

1357 294 1613 351 INDEX
1655 292 1965 351 RERUM.

452 449 560 507 bus,
579 448 646 497 ad
671 448 804 497 himo
837 451 1063 498 morbum
1093 461 1192 497 non
1225 454 1460 511 spectant,
1483 449 1579 500 457
1600 468 1614 505 ,
1658 464 1664 492 ι
1702 448 1840 506 ratio,
1862 447 1975 506 477,
1992 446 2117 503 478,
2140 446 2228 495 illa
2242 454 2479 509 estquam
2498 454 2667 511 postea
2682 446 2919 495 Auctor

453 512 666 576 hydrops
687 514 772 561 ubi
793 514 944 571 adest,
967 530 1054 577 pro
1087 520 1194 563 rata
1224 529 1322 576 qua
1345 522 1506 576 partes
1529 514 1615 561 ob-

453 593 614 625 sessae
647 584 856 636 tument,
884 579 1098 641 reliquae
1129 578 1466 642 gracilescunt,
1491 580 1618 634 456,

453 649 598 690 necat
619 643 704 690 ubi
723 642 904 691 nobilia
929 644 1116 692 viscera
1147 650 1196 693 et
1226 643 1429 691 vitalem
1454 657 1617 690 arcem

455 722 611 769 aquae
643 707 894 765 invadunt,
929 710 1053 765 456,
1099 722 1184 772 pro
1217 722 1365 755 causa
1395 707 1619 769 proxima

455 770 602 819 habet
630 786 782 834 aquas
803 772 1116 829 abundantes,
1141 772 1265 827 470,
1301 771 1619 819 indicationes

457 836 716 894 curativae,
760 837 873 893 457,
919 840 1014 885 585
1035 856 1048 892 ,
1106 835 1370 884 cathartica
1421 836 1620 883 fortiora

455 914 646 962 semper
683 900 976 963 usurpanda,
1015 900 1124 957 457,
1159 903 1272 955 458,
1307 898 1430 955 587,
1489 900 1620 962 quod

455 965 860 1027 perseverandum
909 966 961 1012 in
1009 965 1294 1027 praebendis
1342 965 1617 1013 catharticis

451 1028 608 1076 donec
631 1027 784 1076 moles
807 1030 1077 1077 abdominis
1099 1028 1364 1087 evanuerit,
1387 1032 1500 1086 458,
1524 1031 1615 1085 59,

457 1107 666 1155 syrupus
708 1093 766 1141 de
808 1094 947 1157 spina
991 1108 1116 1141 cerv·
1159 1094 1339 1155 quibus
1377 1095 1617 1151 convenit,

458 1158 580 1212 459,
616 1157 896 1220 exemplum
921 1159 1027 1220 ejus
1055 1158 1383 1215 memorabile,
1402 1160 1497 1206 459
1511 1174 1615 1221 sq.3

455 1220 541 1271 infi
556 1221 682 1269 croci
697 1221 878 1269 metall.
892 1223 1080 1285 quoties
1097 1222 1354 1285 repetenda
1370 1222 1431 1269 ad
1445 1238 1620 1271 curan·

458 1286 577 1333 dnm
611 1286 895 1349 hydropem,
919 1286 1041 1341 467,
1093 1287 1144 1334 in
1184 1287 1334 1335 ascite
1363 1286 1619 1348 grandiore

455 1355 650 1399 tantum
672 1351 910 1408 convenit,
928 1352 1052 1407 468,
1087 1358 1248 1399 cortex
1269 1350 1470 1399 interior
1489 1366 1617 1399 aam-

455 1413 588 1472 buci,
629 1415 755 1470 469,
810 1430 1048 1477 quaenam
1087 1416 1496 1463 contra-indicant
1535 1430 1616 1463 cap

457 1478 659 1537 tharsin,
681 1480 794 1535 468,
813 1480 939 1536 469,
972 1479 1056 1528 ubi
1087 1479 1320 1527 catharsis
1353 1480 1622 1527 contra-in-

457 1542 660 1600 dicatur,
692 1559 928 1606 quaenam
965 1544 1282 1591 confortativa
1315 1544 1618 1601 conveniant,

457 1608 584 1663 469,
621 1608 866 1655 diureticis
891 1609 1075 1671 agenda
1100 1608 1244 1655 estin
1267 1608 1508 1657 debilibus
1529 1624 1617 1657 na-

457 1671 584 1719 turis
605 1678 654 1719 et
672 1671 896 1719 foeminis
915 1672 1054 1721 valde
1073 1671 1346 1734 hystoricis,
1361 1674 1474 1730 469,
1492 1674 1618 1728 470,

457 1735 579 1784 salia
598 1735 832 1785 lixivialia
865 1736 918 1785 in
941 1737 1055 1785 vino
1079 1736 1334 1795 Rhenano‚
1353 1736 1450 1786 470
1470 1757 1482 1792 ,
1515 1752 1619 1785 cor-

457 1799 732 1848 roborantia
763 1801 932 1849 eadem
952 1801 1006 1848 in
1027 1801 1253 1864 hydrope,
1277 1816 1402 1863 quae
1425 1802 1474 1849 in
1497 1803 1617 1864 pod-

459 1878 590 1927 agra,
612 1866 946 1927 praebeantur,
969 1866 1066 1913 nisi
1087 1866 1218 1927 quod
1239 1866 1407 1913 vinum
1439 1866 1618 1929 hydro-

457 1928 582 1991 picis
612 1929 920 1991 permittatur
949 1946 1037 1993 pro
1071 1936 1190 1993 potu
1223 1930 1476 1988 ordinario,
1505 1931 1621 1988 470,

459 1993 585 2047 587,
621 1993 836 2055 chalybis
859 2008 980 2042 usus
1012 1994 1064 2041 iu
1094 1994 1312 2057 hydrope
1339 1994 1621 2057 incipiente,

459 2057 556 2107 472
576 2076 588 2112 ,
611 2056 716 2105 allii
736 2057 959 2106 similiter
979 2074 1117 2115 usus,
1138 2058 1266 2114 472,
1290 2059 1451 2121 topica
1472 2074 1623 2121 quare

457 2120 803 2183 improbantur,
825 2122 920 2173 473
940 2141 951 2178 ,
977 2122 1266 2184 rejiciuntur
1280 2123 1619 2185 paracentesis,

457 2193 508 2233 et
539 2194 912 2249 acu-punctura,
935 2188 1058 2242 474,
1109 2187 1357 2235 evacuatio
1381 2188 1622 2250 quomodo

458 2250 760 2311 persolvatur
797 2258 846 2299 et
887 2250 1178 2314 quibusnam
1221 2251 1413 2309 mediis,
1457 2254 1623 2303 457-

458 2314 589 2369 470,
644 2314 904 2377 purgantis
946 2330 1085 2377 quae,
1127 2322 1176 2363 et
1213 2316 1420 2379 quando,
1455 2332 1512 2363 eo
1543 2316 1620 2364 in-

459 2378 731 2436 servientia,
757 2380 1032 2437 458-461,
1057 2380 1168 2437 586,
1194 2379 1288 2431 587
1309 2399 1320 2435 3
1356 2395 1444 2442 per
1463 2382 1621 2429 vomi-

459 2448 567 2489 tum
605 2450 654 2490 et
689 2443 740 2490 in
783 2458 1028 2491 secessum
1075 2444 1220 2492 simul
1265 2444 1474 2508 agentia,
1508 2447 1621 2503 461,

461 2508 571 2562 462,
595 2508 707 2564 469,
732 2510 825 2556 586
849 2529 861 2564 ,
911 2509 1267 2558 corroborantia
1301 2511 1406 2558 loco
1445 2525 1621 2558 evacu-

455 2571 664 2629 antium,
699 2573 906 2635 quando,
930 2574 1027 2621 469
1051 2591 1062 2628 ,
1100 2574 1336 2622 diuretica
1367 2574 1472 2622 loeo
1505 2591 1622 2638 pur-

458 2635 680 2696 gantium
719 2643 769 2683 et
806 2637 1136 2692 emeticorum.
1169 2654 1294 2700 quae
1331 2646 1378 2686 et
1411 2640 1623 2701 quando,

457 2699 570 2758 469,
585 2699 699 2758 470,
716 2701 807 2752 587
825 2720 838 2756 ,
867 2703 1066 2750 morbus
1083 2703 1346 2764 aliquando
1362 2703 1480 2752 artis
1502 2705 1619 2752 sub·

459 2763 584 2812 sidia
605 2765 799 2828 spernit,
821 2765 948 2823 473,
985 2767 1235 2829 sanguinis
1257 2768 1492 2817 roboratio
1509 2784 1618 2831 per·

458 2829 688 2877 solvenda
729 2830 790 2877 ad
833 2845 1017 2878 novum
1055 2846 1291 2894 aquarum
1333 2840 1621 2894 proventum

457 2895 858 2955 praecavendum,
892 2895 1017 2950 470,
1057 2896 1276 2957 juniores
1311 2895 1404 2944 hoc
1436 2897 1621 2945 auxilio

459 2972 600 3020 saepe
617 2973 712 3006 non
729 2959 966 3021 indigent,
985 2959 1100 3015 470,
1120 2959 1230 3018 587,
1250 2963 1374 3016 588,
1408 2959 1621 3024 hydrops

459 3023 806 3070 evacuantibus
840 3023 1130 3086 quibusnam
1173 3025 1222 3072 in
1263 3025 1454 3072 casibus
1487 3025 1624 3088 pejor

459 3085 530 3143 fit,
555 3094 603 3134 et
624 3087 971 3146 roborantibus,
996 3089 1121 3136 aeris
1150 3088 1432 3146 mutatione,
1455 3096 1504 3136 et
1533 3105 1618 3137 ex-

459 3151 642 3206 ercitio,
676 3153 970 3208 tractandus,
999 3154 1122 3208 469,
1157 3153 1474 3216 purgantibus
1507 3153 1623 3202 solis

459 3216 722 3274 curandus,
754 3216 840 3264 ubi
879 3216 1100 3265 collectio
1134 3233 1371 3278 aquarum
1411 3232 1506 3266 non
1541 3219 1618 3266 in-

459 3293 596 3340 gens,
621 3281 744 3336 468,
779 3281 865 3329 ubi
887 3281 965 3328 vel
987 3282 1132 3344 pedes
1152 3289 1360 3338 tantum,
1378 3281 1456 3329 vel
1475 3283 1620 3330 etiam

458 3352 693 3400 ventrem,
717 3345 803 3391 sed
835 3345 1042 3403 modice,
1061 3345 1265 3402 inflavit,
1299 3345 1621 3394 calefacienti-

459 3407 552 3454 bus
569 3415 618 3454 et
639 3408 970 3456 roborantibus
987 3411 1244 3467 curandus,
1263 3410 1384 3466 472,
1409 3409 1623 3472 liquores

459 3477 630 3518 tenues
657 3479 704 3519 et
736 3472 1074 3533 refrigerantes
1103 3489 1191 3521 cur
1209 3489 1310 3522 non
1332 3474 1469 3531 ferat,
1493 3475 1586 3526 471
1608 3493 1621 3530 ,

459 3549 546 3597 pro
583 3543 704 3597 potu
739 3535 912 3584 vinum
953 3551 1050 3584 non
1093 3538 1440 3586 assumendum
1485 3547 1621 3586 ante-

460 3614 607 3661 quam
631 3606 820 3648 meatus
841 3615 1013 3662 parum
1034 3601 1223 3659 reclusi,
1242 3605 1333 3653 471
1354 3622 1366 3658 ,
1394 3605 1625 3652 cerevisia

457 3664 736 3726 generosior
767 3662 875 3712 loco
908 3664 1028 3724 vini,
1053 3667 1142 3717 471
1163 3686 1174 3722 3
1211 3673 1462 3730 unguenta
1487 3683 1512 3715 e
1539 3683 1621 3716 ca-

457 3729 680 3777 tharticis
713 3735 763 3776 et
793 3729 1081 3778 vesicatoria
1111 3731 1398 3794 praeprimis
1431 3740 1623 3790 nocent,

459 3793 572 3850 473,
598 3792 715 3850 474,
761 3797 842 3842 uba·
874 3797 1042 3844 desiuit
1073 3798 1324 3853 acerbatur,
1358 3799 1428 3844 iba·
1459 3800 1626 3858 incipit

455 3861 674 3921 hydrops,
695 3859 941 3922 quomodo
961 3859 1350 3922 intelligendum,
1371 3861 1498 3916 260,
1534 3861 1624 3924 hy·

455 3922 622 3985 dropis
658 3922 874 3971 febribus
910 3924 1160 3973 inter-mitt.
1196 3931 1415 3972 autumn.
1451 3940 1621 3974 succe·

457 3987 620 4035 deritis
651 4003 800 4036 causa
837 3995 886 4036 et
911 3989 1112 4046 curatio,
1145 3991 1225 4046 88,
1249 3990 1376 4044 550,
1407 3988 1624 4053 hydrops

460 4052 743 4100 scorbutum
773 4068 870 4115 quo
893 4069 1040 4101 sensu
1062 4053 1320 4115 aliquando
1341 4055 1624 4113 mentiatur,

461 4116 586 4171 260,
623 4131 685 4164 ex
713 4119 1106 4167 vetrae-sectione
1128 4119 1180 4165 in
1201 4119 1416 4180 podagra
1444 4133 1561 4166 mox
1594 4135 1625 4166 a

460 4195 768 4242 paroxysmo,
787 4183 913 4236 419,
950 4197 1011 4229 ex
1033 4182 1194 4230 subita
1209 4181 1408 4246 spiritus
1425 4183 1526 4230 vini
1547 4184 1619 4231 in-

461 4245 761 4302 terdictione,
794 4246 846 4293 in
883 4247 1103 4304 assuetis,
1139 4247 1252 4295 oriri
1285 4254 1456 4310 potest,
1491 4251 1620 4305 255,

460 4307 674 4372 hydrops
697 4309 894 4357 testium
927 4311 975 4358 in
1011 4311 1235 4358 foeminis
1268 4311 1401 4373 quid,
1427 4319 1476 4359 et
1497 4327 1619 4374 quo-

461 4373 608 4421 modo
631 4373 890 4432 oboriatur,
915 4375 1026 4432 377,
1052 4377 1162 4432 378,
1187 4377 1302 4433 456,
1323 4375 1434 4426 457.

529 4437 786 4486 ΗΥΕΜΑιι
815 4439 948 4501 (De)
976 4439 1174 4498 Fenus,
1197 4439 1472 4491 476—478.

529 4501 786 4563 Hyemalis
803 4503 949 4551 febris
964 4504 1239 4568 descriptio,
1255 4505 1368 4563 476,
1385 4505 1477 4557 477
1495 4525 1507 4561 3
1533 4521 1622 4554 cu-

1702 512 1846 561 titulo
1868 514 2027 561 Novas
2048 514 2215 561 Febris
2228 512 2497 571 insignivit,
2518 511 2673 559 simul
2694 526 2911 574 agnon-

1702 592 1817 625 cens
1838 591 2048 625 errorem
2070 592 2233 633 auum,
2258 576 2371 633 487,
2395 579 2509 625 488.

1770 640 1961 703 Hyems
1980 640 2279 703 rigidissima
2299 640 2417 687 anni
2434 642 2531 697 ⁹83,
2546 642 2675 695 486,
2698 640 2907 702 hyems

1702 705 2017 768 dysentericis
2038 706 2293 763 contraria,
2314 707 2423 760 162,
2446 706 2553 761 163,
2576 707 2699 759 188,
2744 719 2901 753 mor-

1700 769 1790 817 bos
1824 769 2077 819 chronicos
2113 770 2276 833 potius
2310 770 2472 832 gignit
2504 784 2651 831 quam
2690 780 2899 825 aestas,

1770 898 2187 961 Hypercatharses
2220 914 2363 961 saepe
2393 906 2535 947 natae
2555 914 2586 945 a
2614 896 2891 960 purgatio-

1701 961 1845 1010 nibus
1867 963 2015 1011 efiam
2037 962 2267 1020 lenitivis,
2284 966 2380 1010 458
2400 982 2413 1017 3
2449 964 2668 1011 &aenum
2690 961 2887 1009 certis-

1702 1027 1885 1075 simum
1914 1034 1987 1075 est
2014 1027 2297 1085 lauda-num,
2320 1030 2449 1083 458,
2488 1025 2783 1075 insanabilis
2818 1041 2888 1073 ex

1700 1092 1967 1205 {pguentis
1991 1092 2313 1155 purgantibus
2342 1091 2587 1139 abdomini
2618 1090 2882 1147 adhibitis,

1770 1220 2276 1269 Hrrocnounaraca
2318 1220 2452 1281 (Da)
2500 1220 2879 1275 Arses-troica,

1702 1287 1976 1333 540—545.
2002 1283 2075 1346 [v.
2100 1286 2353 1347 Hysterica
2372 1282 2613 1346 Affectio]

1768 1349 2207 1412 Hypochondriacs
2236 1348 2425 1397 affectio
2450 1348 2501 1397 in
2530 1347 2761 1397 foeminis
2780 1351 2873 1409 hy-

1700 1418 1871 1463 ster-ica
1904 1422 2119 1471 vocatur,
2156 1415 2267 1469 368,
2302 1414 2413 1471 371,
2440 1416 2569 1468 540,
2600 1411 2789 1475 splenis
2824 1418 2877 1459 et

1701 1478 1947 1525 viscerum
1984 1478 2299 1527 obstructioni
2328 1478 2579 1540 imputata,
2600 1478 2725 1531 364,
2760 1476 2871 1523 ani-

1703 1542 1773 1589 mi
1798 1544 2079 1605 pathemata
2108 1542 2413 1590 atrocissima
2444 1542 2587 1597 fovet,
2612 1543 2737 1594 369,
2774 1540 2871 1601 hy-

1704 1606 2045 1669 pochondriaci
2075 1606 2318 1668 quomodo
2350 1607 2447 1653 sint
2486 1606 2651 1654 animo
2678 1602 2869 1653 coin-d-

1703 1672 1815 1727 tuti,
1836 1674 1949 1729 369,
1974 1671 2083 1723 370.

1772 1734 2079 1798 Hypotheses
2108 1740 2350 1799 quatenus
2380 1735 2545 1783 valent
2566 1734 2767 1783 Medico
2788 1733 2867 1781 in·

1704 1800 1947 1859 struendo,
1968 1801 2063 1847 466
2087 1819 2099 1855 3
2132 1799 2417 1862 hypothesis
2436 1800 2651 1861 quaevis.
2668 1799 2723 1845 in
2744 1798 2865 1845 scri·

1703 1864 1861 1913 benda
1880 1866 2159 1913 morborum
2181 1864 2397 1921 historia,
2418 1865 2709 1926 seponenda,
2740 1863 2814 1909 11.

1771 1928 2086 1977 Hire-remea
2124 1928 2259 1990 (Du)
2299 1929 2664 1987 Astaca-rous,
2702 1928 2869 1975 364-

1704 1995 1819 2048 404,
1846 1996 2116 2041 540-545.

1772 2056 2061 2119 Hystericae
2116 2058 2270 2107 affect-
2326 2062 2443 2105 sunt
2502 2055 2705 2105 dimidia
2758 2070 2870 2117 pars

1704 2122 1984 2170 morborum
2018 2122 2201 2180 chron„
2226 2123 2350 2177 364,
2386 2128 2497 2184 post
2528 2121 2697 2177 febres,
2732 2134 2865 2167 mor-

1706 2185 1877 2233 borum
1919 2186 2358 2249 frequentissimus,
2392 2187 2485 2233 331
2505 2204 2517 2241 3
2576 2185 2705 2232 ide-m
2752 2192 2869 2231 sunt

1704 2249 1756 2297 in
1806 2250 2045 2307 foeminis,
2098 2266 2157 2298 ac
2208 2249 2398 2299 affectio
2440 2250 2773 2312 hypocbondr.
2812 2249 2865 2296 in

1704 2314 1937 2371 maribus,
1970 2317 2083 2371 364,
2119 2316 2231 2371 368,
2265 2316 2378 2373 371,
2414 2316 2537 2369 540,
2572 2321 2740 2361 uterus
2770 2314 2863 2361 im-

1704 2380 1879 2427 merito
1900 2380 2195 2442 inculpatur,
2214 2381 2337 2435 364,
2372 2380 2552 2442 hyster.
2572 2378 2759 2425 affectio
2774 2378 2866 2425 sub

1740 2458 1855 2520 uam
1875 2444 2022 2491 variis
2016 2444 2391 2557 ufffmptossnpffl
2412 2458 2464 2490 se
2486 2442 2709 2499 ostendit,
2732 2442 2829 2489 365
2848 2461 2866 2497 3

1726 2523 1941 2557 oermnas
1964 2525 2013 2557 m
2092 2525 2121 2558 ο
2154 2525 2233 2557 cre
2266 2525 2367 2556 rius
2432 2523 2547 2556 uam
2568 2523 2727 2556 mares
2758 2523 2865 2555 cor-

1704 2572 1834 2636 ripit,
1861 2575 1980 2628 365,
2019 2575 2142 2622 ratio
2169 2574 2321 2635 hujus
2348 2525 2504 2630 ds‘iur,
2536 2571 2658 2626 371,
2692 2571 2865 2622 foemi-

1704 2637 1781 2684 nis
1796 2637 2120 2700 paucissimis,
2136 2638 2232 2686 nisi
2250 2638 2493 2686 laboribus
2514 2636 2737 2690 mustis,
2756 2651 2868 2697 par-

1706 2701 1787 2758 cit,
1811 2704 1939 2757 364,
1988 2703 2117 2750 viros
2151 2717 2343 2765 quoque
2372 2701 2666 2750 sedentarios
2698 2707 2867 2757 tentat.

1709 2766 1829 2821 364,
1866 2768 2125 2829 cujusnam
2154 2766 2403 2829 temperiei
2426 2765 2650 2814 foeminis
2672 2764 2869 2826 singula

1704 2831 2007 2894 contingunt,
2050 2833 2177 2887 365,
2236 2831 2478 2894 quomodo
2520 2843 2695 2891 corpus
2738 2829 2869 2877 male

1706 2894 1887 2943 afliciat
1906 2903 1954 2943 et
1977 2903 2281 2959 conquasset,
2312 2896 2602 2948 sss—3693
2644 2893 2871 2942 animum

1706 2957 1867 3006 adhuc
1894 2960 2055 3022 magis
2089 2967 2335 3022 aegrotare
2354 2959 2473 3008 facit
2495 2973 2645 3021 quam
2672 2973 2867 3021 corpus,

1706 3023 1828 3078 369,
1866 3024 2247 3100 desperationem
2268 3025 2329 3072 de
2350 3025 2555 3072 sanitate
2574 3038 2867 3084 recuperan-

1707 3087 1769 3134 da
1794 3089 1917 3136 solet
1944 3105 1997 3136 m
2030 3089 2249 3137 animum
2271 3089 2464 3146 inferre,
2487 3089 2600 3143 366,
2624 3089 2747 3142 369,
2782 3087 2867 3134 fri-

1706 3167 1801 3213 gus
1858 3153 2204 3201 cadaverosum
2261 3153 2475 3216 partium
2540 3159 2865 3208 externarum,

1706 3225 2035 3280 symptomata
2064 3218 2374 3292 praecedens,
2394 3231 2537 3278 saepe
2568 3216 2732 3271 habet,
2754 3217 2865 3274 368,

1709 3280 1823 3338 372,
1857 3283 1979 3336 375,
2038 3281 2291 3344 diagnosin
2326 3280 2577 3330 difficilem
2609 3295 2725 3342 prae
2754 3295 2861 3328 cae·

1707 3346 1821 3392 teris
1840 3346 2137 3408 quibuslibet
2152 3346 2335 3394 morbis
2351 3346 2513 3402 habet,
2533 3346 2655 3398 364,
2684 3345 2865 3406 hyster.

1706 3409 1859 3456 simul
1900 3425 1959 3458 ac
1999 3411 2328 3473 hypochondr.
2366 3411 2629 3458 affectuum
2668 3409 2863 3471 signum

1709 3474 1921 3522 maxime
1942 3475 2435 3538 pathognomonicum
2468 3482 2545 3522 est
2576 3474 2719 3520 urina
2750 3472 2861 3520 lim-

1708 3537 1824 3600 pida
1866 3540 2071 3602 copiosa,
2112 3541 2224 3596 368,
2264 3541 2377 3596 370,
2414 3541 2541 3592 540,
2597 3537 2865 3600 hyster-icae

1707 3602 1947 3651 foeminae
1966 3603 2349 3666 interrogandae,
2372 3619 2437 3650 an
2458 3603 2644 3650 malum
2676 3602 2740 3650 de
2768 3617 2865 3664 quo

1710 3677 1977 3729 queruntur
1996 3668 2231 3730 inceperit
2250 3682 2367 3716 curn
2396 3667 2609 3724 tristitia,
2634 3675 2783 3729 atque
2802 3682 2865 3714 an

1708 3732 1901 3780 urinam
1919 3732 2175 3794 limpidam
2198 3732 2515 3788 excreverint,
2538 3732 2661 3786 370,
2686 3731 2869 3792 hyster.

1708 3795 1896 3844 affectio
1932 3797 2241 3860 apoplexiam
2278 3797 2437 3853 refert,
2460 3797 2583 3852 365,
2620 3795 2869 3843 calculum

1708 3874 1883 3909 renum
1916 3869 1965 3909 et
1996 3861 2198 3918 vesicae,
2228 3863 2350 3918 201,
2407 3861 2553 3909 flatus
2594 3859 2775 3908 excitat
2816 3860 2868 3908 in

1709 3925 1982 3983 abdomine,
2009 3927 2132 3982 468,
2167 3926 2411 3988 lacrymas
2450 3940 2599 3982 nunc,
2632 3939 2767 3972 nunc
2796 3925 2866 3974 ri·

1711 4004 1837 4047 sum,
1862 3990 1967 4038 sine
1986 3990 2093 4039 ulla
2112 4006 2263 4039 causa
2283 3990 2479 4048 excitat,
2496 3991 2609 4046 368,
2634 3990 2757 4045 375,
2792 3987 2864 4036 lo·

1709 4053 1931 4102 chiorum
1954 4056 2343 4118 suppressionem
2366 4069 2481 4102 cum
2504 4054 2623 4102 diris
2640 4061 2689 4100 et
2710 4053 2865 4102 letha·

1709 4118 1842 4168 libus
1886 4120 2295 4182 symptomatibus
2336 4119 2540 4176 inducit,
2584 4119 2696 4176 396,
2738 4118 2865 4174 397,

1710 4184 1951 4244 quomodo
1994 4185 2366 4241 occurrendum,
2404 4185 2689 4238 397-399,
2840 4210 2863 4220 -

1710 4263 1879 4311 egram
1914 4248 2175 4311 aliquando
2212 4249 2463 4304 mentitur,
2488 4247 2581 4297 417
2599 4267 2611 4300 ,
2668 4261 2731 4294 su
2762 4261 2868 4294 ores

1710 4321 1973 4362 nocturnos
2006 4313 2250 4376 quomodo
2284 4314 2477 4368 excitet,
2505 4311 2616 4369 374,
2652 4313 2777 4366 375,
2820 4319 2867 4360 et

1710 4377 2045 4425 saliVationem
2071 4378 2345 4426 mercuriali
2368 4377 2597 4434 similem,
2618 4377 2747 4430 374,
2780 4391 2863 4423 va-

1710 4443 1879 4490 rietate
1896 4442 2187 4490 multiformi
2206 4459 2256 4490 se
2272 4443 2498 4500 ostendit,
2510 4444 2619 4498 365,
2640 4443 2758 4496 370,
2780 4455 2867 4502 pro

1660 4552 1670 4571 ,
1708 4516 1845 4569 parte
1874 4507 2085 4570 corporis
2119 4523 2267 4570 quam
2299 4514 2521 4570 occupat,
2542 4513 2869 4569 symptomata
