3138 5006
718 276 1158 342 EPISTOLA
1202 278 1258 340 Ι.
1309 277 1964 344 RESPONSORIA.
2303 283 2429 346 295

267 459 276 482 -·
327 437 496 525 [48]
550 439 801 503 Verum
843 440 913 502 in
953 438 1192 503 morbis
1229 439 1641 523 Epidemicis,
1686 442 2127 524 cujuscunque
2172 441 2433 505 demum
2464 457 2547 506 Da
2563 457 2742 507 Mona.

238 543 493 626 generis
543 542 692 621 sint,
745 542 823 625 (si
871 541 1063 605 modo
1105 561 1332 606 recens
1379 541 1593 606 adhuc
1643 563 1909 624 aegrum
1960 542 2430 627 corripuerint,)
2484 522 2718 635 ¹35¹?ss&

239 667 644 730 summopere
688 646 1042 710 cavendum
1083 666 1168 708 ne
1208 645 1386 708 alvus
1430 645 1493 708 ei
1537 644 1813 708 ducatur
1858 643 1985 707 nisi
2019 644 2213 708 misso
2256 645 2435 729 prius
2462 666 2611 716 Ratio
2634 670 2743 716 red-

240 758 590 842 sanguine:
652 759 764 840 qui
803 757 984 821 enim-
1012 756 1222 821 morbi
1263 777 1302 820 a
1339 754 1804 820 constitutione
1850 754 2019 820 aeris
2062 755 2437 838 Epidemica
2460 732 2746 845 {fflfffiffi}

239 861 547 945 pendent,
579 867 694 923 aut
714 859 852 942 jam
880 858 1092 923 febres
1121 864 1296 936 sunt,
1329 861 1442 920 aut
1470 856 1542 919 in
1573 877 1797 920 earum
1826 856 2095 920 classem
2123 854 2439 920 levissima
2461 861 2739 936 1130&in-

241 965 322 1028 de
351 983 544 1027 causa
569 968 955 1040 transeunt3
1001 981 1148 1024 cum
1179 981 1257 1024 ex
1286 959 1579 1024 tumultu
1610 959 1681 1022 in
1713 959 2027 1042 sanguine
2057 965 2125 1023 et
2151 959 2437 1024 humori·
2461 925 2715 1051 ffissffifgi

239 1065 363 1128 bus
407 1086 446 1128 a
488 1063 767 1128 catharsi
798 1063 902 1127 vel
935 1062 1264 1126 lenissima
1297 1063 1593 1140 excitato,
1626 1069 1693 1126 et
1732 1063 2165 1147 subsequente
2208 1065 2435 1143 calore,
2460 1069 2663 1165 ξέῑζῃῗδ·

239 1167 424 1230 facile
455 1165 844 1230 accendatur
880 1164 1097 1243 febris,
1132 1185 1326 1247 quam
1355 1165 1512 1228 alias
1538 1165 1801 1229 Natura
1828 1165 2258 1249 propulsasset
2286 1187 2437 1230 con-
2462 1134 2693 1245 przemit-

241 1269 440 1333 suetis
468 1269 777 1333 materiae
804 1268 1170 1333 morbificae
1210 1268 1751 1348 evacuationibus,
1786 1270 2127 1352 gravedine
2167 1271 2441 1354 exempli
2466 1247 2607 1295 ἰωὰ
2632 1254 2729 1302 ⁶⁸t³

243 1371 470 1454 gratia,
504 1377 617 1434 aut
655 1370 821 1434 tussi
861 1369 933 1433 in
971 1370 1094 1434 hoc
1133 1370 1214 1434 de
1255 1391 1381 1453 quo
1417 1371 1556 1454 jam
1602 1371 1852 1453 agimus
1887 1373 2279 1455 Epidemico,
2328 1380 2442 1438 aut

244 1472 580 1536 diarrhoea
609 1472 860 1554 quoties
887 1471 1083 1535 febris
1113 1492 1264 1535 cum
1291 1471 1404 1535 illa
1430 1471 1673 1535 faciens
1702 1472 2055 1555 epidemice
2094 1480 2441 1556 grassatur.

244 1576 432 1640 Idem
471 1581 684 1659 potest
727 1574 852 1638 dici
892 1574 972 1638 de
1010 1595 1394 1657 quacunque
1433 1573 1558 1637 alia
1598 1574 1761 1638 aeris
1806 1576 2286 1655 constitutione,
2318 1597 2446 1659 qua

243 1699 474 1761 corpus
519 1677 602 1740 ad
646 1683 896 1740 certum
941 1676 1202 1759 aliquod
1243 1674 1440 1738 febris
1486 1695 1693 1757 genus
1747 1675 2233 1753 determinatur,
2281 1697 2445 1759 quae
2495 1727 2505 1736 .

245 1779 506 1861 quidem
555 1800 692 1842 non
737 1783 989 1862 semper
1040 1785 1190 1842 actu
1231 1775 1497 1855 invadit,
1545 1777 1659 1840 sed
1715 1775 2109 1860 benignioris
2151 1777 2447 1841 Naturae

245 1883 448 1946 ductu
480 1881 690 1945 morbi
721 1881 924 1946 fomes
955 1902 991 1946 e
1032 1881 1369 1963 sanguine,
1398 1879 1729 1944 mediante
1772 1879 2211 1944 evacuatione·
2232 1880 2447 1962 aliqua

245 1985 384 2069 ejus
414 1984 605 2067 genio
645 1984 1073 2061 accommoda,
1115 1983 1515 2047 exturbatur.
1609 1984 1755 2047 Hoc
1796 1989 2167 2047 constanter
2211 2003 2444 2061 assero,

249 2085 726 2171 quantumlibet
781 2107 922 2150 mos
967 2086 1104 2170 jam
1155 2085 1448 2150 obtineat
1493 2085 1839 2150 exhibendi
1886 2085 2237 2150 cathartica
2294 2092 2447 2151 ante

247 2187 632 2252 celebratam
653 2187 1254 2266 venae-sectionem,
1277 2187 1380 2251 vel
1407 2188 1603 2271 (quod
1631 2187 1843 2252 adhuc
1865 2195 1963 2252 est
1980 2187 2441 2272 perimflosius‚)

249 2309 327 2354 ea
373 2289 633 2372 penitus
680 2289 948 2353 omissa:
999 2289 1162 2373 [49.]
1217 2289 1370 2353 licet
1419 2291 1597 2354 enim
1640 2290 1981 2375 objiciatur
2028 2289 2449 2356 faeculentias

249 2392 321 2454 in
377 2392 600 2475 primis
655 2391 772 2454 viis
831 2390 1230 2455 stabulantes
1286 2390 1480 2456 toties
1530 2391 1602 2455 in
1650 2413 1883 2456 vacuas
1924 2413 2118 2456 venas
2154 2393 2445 2475 propelli,

251 2495 501 2579 quoties
533 2494 896 2560 detrahitur
923 2495 1203 2579 sanguis,
1235 2496 1374 2560 alvo
1401 2518 1536 2561 non
1563 2496 1742 2581 prius
1772 2496 2126 2575 subducta;
2172 2497 2449 2562 certissi-

251 2618 434 2661 mum
477 2606 700 2662 tamen
743 2604 862 2676 est,
906 2598 1406 2677 evacuationem,
1439 2620 1635 2682 quam
1676 2598 1787 2663 isti
1828 2600 2156 2682 praemitti
2198 2600 2447 2677 volunt,

250 2701 432 2765 nullo
460 2701 653 2765 modo
671 2700 978 2763 resarcire
1005 2721 1190 2783 posse
1209 2700 1515 2785 injuriam
1537 2701 1840 2785 sanguini
1860 2702 2108 2767 illatam
2139 2724 2179 2766 a
2202 2702 2447 2766 tumul·-

251 2809 484 2867 tuante
543 2802 894 2867 cathartico
951 2802 1422 2884 phlebotomiae
1479 2803 1850 2885 praemisso.
1948 2806 2167 2888 Atque
2224 2803 2451 2886 negari

252 2926 389 2970 non
415 2910 647 2988 potest,
679 2903 1106 2967 catharticum
1141 2926 1290 2968 mox
1319 2926 1358 2967 a
1398 2905 1661 2988 dempto
1690 2905 2005 2987 sanguine
2048 2911 2451 2987 assumptum

252 3006 447 3088 longe
475 3006 698 3069 mitius
724 3005 856 3069 vim
886 3026 1070 3068 suam
1098 3026 1375 3085 exerere,
1405 3028 1618 3089 neque
1644 3006 1911 3089 perinde
1940 3006 2324 3089 sanguinem
2351 3006 2453 3069 vel

255 3109 621 3186 calefacere,
657 3107 758 3172 vel
802 3108 1145 3191 exagitare,
1190 3114 1386 3191 atque
1427 3108 1603 3173 idem
1646 3109 1810 3173 solet
1852 3109 1907 3172 si
1947 3107 2453 3192 phlebotomiam

255 3211 634 3297 praecedat:
679 3232 892 3294 neque
929 3232 1186 3294 paucos,
1235 3232 1311 3276 ex
1353 3212 1715 3275 infantibus
1757 3212 2056 3290 maxime,
2086 3211 2189 3275 vel
2229 3211 2314 3275 ob
2356 3211 2452 3293 ig-

257 3322 554 3381 noratam
585 3314 752 3378 hanc
779 3335 938 3392 rem,
969 3315 1070 3378 vel
1097 3315 1478 3397 neglectam,
1507 3315 1769 3398 periisse
1798 3315 2113 3378 existimo.

359 3417 524 3502 [50]
578 3417 798 3501 Atque
841 3418 964 3483 hoc
1020 3417 1181 3480 mihi
1225 3419 1621 3501 suffragante
1664 3417 2059 3502 experientia
2114 3416 2455 3500 multiplici
2480 3432 2561 3481 eui
2582 3431 2713 3479 mul-

259 3519 842 3604 compertissimum
884 3526 1021 3597 est3
1067 3521 1464 3601 experientia,
1513 3520 1804 3603 inquam,
1865 3520 2111 3602 optima
2167 3518 2329 3582 duce
2386 3523 2455 3581 et
2479 3497 2741 3625 {ffsssslgf

260 3624 587 3707 magistra,
607 3622 689 3687 ad
718 3622 902 3707 cujus
929 3622 1104 3705 leges
1134 3627 1200 3685 et
1228 3642 1524 3686 normam
1551 3621 1680 3684 nisi
1710 3628 2082 3685 exerceatur
2103 3618 2452 3697 Medicina,
2481 3626 2583 3703 :1311
2595 3594 2760 3673 etmi-

263 3747 408 3791 eam
436 3748 696 3809 prorsus
736 3725 994 3789 exulare
1023 3723 1220 3788 satius
1251 3729 1453 3787 esset:
1517 3723 1755 3785 luditur
1784 3720 1959 3785 enim
1993 3720 2191 3804 (quod
2220 3720 2450 3801 aiunt,)
2480 3698 2681 3819 ξὲζξζζα,

265 3832 342 3894 de
370 3831 538 3894 corio
567 3831 872 3892 humanos
899 3827 1044 3911 plus
1073 3826 1250 3904 satis,
1274 3845 1424 3889 cum
1443 3825 1599 3889 hinc
1630 3824 1933 3908 empirici,
1964 3844 2175 3907 neque
2202 3822 2454 3887 morbo·
2481 3819 2714 3932 ἓιῑιῦῑεν

262 3956 412 3999 rum
439 3934 774 3999 historiam
817 3952 938 3995 nec
966 3931 1344 3995 methodum
1381 3928 1684 3993 medendi
1720 3927 2043 4005 callentes,
2076 3930 2143 3990 et
2184 3924 2457 4008 receptis
2486 3918 2729 4028 Enlpirici

263 4045 526 4103 tantum
569 4037 739 4116 freti,
780 4034 1018 4100 isthinc
1061 4033 1402 4098 sciolorum
1443 4030 1790 4110 vanissimi,
1851 4051 2029 4114 spem
2072 4049 2333 4094 omnem
2389 4027 2461 4091 in
2486 4036 2535 4078 et
2555 4028 2692 4105 sciqli

266 4144 567 4208 affectato
595 4140 778 4204 Auis
823 4138 1074 4203 ambitu
1117 4143 1184 4201 et
1227 4134 1771 4220 speculationibus
1812 4132 2119 4215 utrinque
2158 4130 2303 4214 pari
2327 4130 2462 4194 fere
2486 4102 2717 4223 ξῗὲᾟξ·

267 4248 600 4308 momento
657 4239 1023 4323 disceptatis
1079 4245 1412 4323 ponentes,
1459 4238 1642 4322 quasi
1677 4236 1923 4321 junctis
1963 4233 2207 4299 viribus
2261 4233 2462 4317 majo-

267 4368 408 4410 rem
437 4344 642 4408 edunt
671 4350 953 4425 stragem
989 4362 1183 4425 quam
1213 4340 1478 4405 ederent
1508 4337 1719 4403 morbi
1758 4358 1980 4400 eorum
2020 4333 2317 4399 destituti
2350 4355 2463 4397 au-

336 4479 360 4502 ⁸¹
393 4475 449 4521 de
469 4474 618 4520 alieno
639 4475 758 4519 corio
781 4474 950 4527 ludere,
974 4470 1007 4517 i.
1030 4486 1071 4517 e.
1095 4473 1244 4519 alieno
1265 4484 1404 4531 agere
1421 4469 1641 4529 periculo.
1700 4465 1774 4514 Cf.
1802 4464 1999 4511 Erasmi
2021 4464 2174 4527 Δάας.
2197 4463 2249 4511 ii.
2275 4465 2317 4511 2.
2344 4464 2421 4511 88.
