3138 5006
560 269 1354 340 OBSERVATIONUM
1399 269 1970 337 MEDICARUM
2019 269 2114 321 IV.
2151 271 2200 320 ⁶·
2371 272 2492 335 191

272 451 769 515 nonnunquam
818 430 987 495 viam
1038 431 1161 496 sibi
1208 433 1531 510 facerent,
1595 431 1769 515 quod
1817 453 1904 496 ne
1955 432 2153 497 semel
2196 431 2494 496 accidisse
2521 449 2801 497 vnuomn

274 533 611 600 hactenus
640 535 901 618 quidem
930 535 1525 600 animadverteram.
2523 514 2803 626 ffl'gffiftssgl

384 636 505 720 [8.]
553 637 908 702 Observare
936 644 1155 702 autem
1189 639 1485 702 convenit
1512 637 1806 702 Variolas
1833 639 2024 702 hasce
2051 659 2189 702 non
2224 638 2318 702 ita
2345 637 2497 701 diris
2563 642 2770 692 '70-'72-

292 739 743 823 symptomatis
794 760 908 822 per
959 739 1175 804 omnia
1218 761 1335 803 sua,
1382 746 1676 824 tempora
1723 739 1919 804 fuisse
1964 740 2265 823 stipatas3
2324 747 2497 823 post-

287 864 491 927 quam
548 843 725 908 enim
782 843 969 908 binos
1026 850 1370 926 exegerant
1428 863 1652 920 annos,
1703 843 1898 907 tertio
1962 843 2224 926 (scilicet
2281 844 2494 924 1672,)

282 947 629 1010 ‚mitescere
672 951 1040 1029 coeperunt,
1072 951 1157 1023 et,
1190 953 1383 1009 exuto
1426 945 1616 1029 nigro
1661 945 1889 1023 colore,
1921 935 2232 1029 paulatim
2277 945 2360 1009 ad
2388 945 2498 1009 fla-

292 1070 449 1111 vum
492 1049 695 1128 illum,
728 1055 795 1114 et
822 1048 1113 1112 favorum
1141 1046 1435 1125 similem,
1469 1047 1880 1126 accedebant,
1914 1048 2022 1132 qui
2065 1049 2316 1113 variolis
2344 1048 2498 1132 legi-

291 1150 471 1214 timis
520 1150 1100 1215 maturescentibus
1152 1156 1251 1214 est
1296 1150 1590 1234 propius3
1659 1151 1753 1214 ita
1801 1158 1898 1229 ut,
1939 1157 2262 1235 postremo
2305 1152 2500 1235 hujus

294 1253 793 1318 constitutionis
840 1274 1031 1332 ann0,
1084 1251 1407 1335 benignae
1451 1253 1642 1336 plane
1693 1260 1908 1317 essent
1955 1261 2022 1317 et
2077 1253 2234 1318 boni
2279 1255 2496 1332 moris,

290 1355 519 1420 habita
563 1356 814 1439 generis
873 1356 1139 1420 ratione.
1242 1354 1392 1420 Quo
1446 1376 1584 1418 non
1635 1355 1953 1434 obstante,
2007 1357 2162 1420 satis
2213 1356 2498 1440 liquebat

290 1459 435 1522 illas
480 1459 563 1523 ad
606 1459 797 1524 aliam
846 1479 1107 1542 prorsus
1156 1457 1423 1522 classem
1467 1458 1846 1540 relegandas
1889 1480 2046 1537 esse,
2093 1481 2172 1523 ex
2208 1461 2498 1542 pustula-

290 1583 441 1624 rum
487 1561 797 1625 nimirum
834 1560 1183 1645 exiguitate
1219 1567 1354 1624 tam
1398 1559 1647 1639 eximia,
1681 1560 1762 1624 ad
1801 1561 2240 1626 salivationem
2292 1561 2500 1645 dispo-

294 1664 549 1743 sitione,
582 1671 775 1748 atque
806 1665 963 1728 aliis.
2663 1695 2670 1702 ·

385 1764 513 1853 [9.]
564 1766 938 1832 Quamlibet
976 1765 1058 1830 ob
1100 1785 1433 1830 causarum
1474 1763 1870 1829 differentiae
1911 1765 2252 1850 cujuslibet
2297 1767 2494 1851 speci·
2525 1789 2791 1840 emmo.

290 1871 470 1948 ficae,
502 1891 631 1953 qua
666 1869 1127 1952 immergimur,
1158 1867 1610 1951 ignorantiam,
1641 1867 2028 1951 impossibile
2067 1869 2260 1933 fuerit
2301 1871 2493 1936 ratio·
2523 1880 2816 1928 CuratioVa-

291 1994 447 2036 nem
488 1972 721 2036 harum
756 1972 1161 2036 Variolarum
1203 1970 1537 2034 formalem
1582 1970 2138 2054 comprehendere,
2179 1979 2494 2056 quatenus
2518 1944 2791 2056 Ἆῗζὲῗᾙα,

290 2074 375 2138 ab
432 2075 579 2153 illis,
624 2097 781 2158 quas
838 2074 963 2138 alia
1019 2073 1255 2158 promit
1305 2072 1698 2152 constitutiO,
1745 2074 2494 2158 contradistinguuntur3
2521 2089 2630 2120 rum
2650 2075 2771 2122 utri-

292 2175 453 2239 mihi
494 2183 718 2241 tamen
766 2175 1009 2260 liquido
1051 2175 1387 2240 constabat
1430 2196 1509 2239 ex
1560 2173 1829 2258 singulis
1873 2177 2350 2260 phaenomenis,
2395 2179 2494 2243 in-
2519 2153 2676 2250 ἓξὲξ
2697 2154 2783 2200 μ’

290 2280 797 2344 flammationem
824 2280 895 2342 in
922 2278 1042 2358 his,
1074 2299 1265 2362 quam
1292 2276 1363 2340 in
1391 2277 1537 2357 illis,
1568 2278 1761 2361 longe
1799 2279 2248 2345 immaniorem
2277 2282 2493 2361 fuisse,

290 2404 367 2446 ac
395 2382 664 2466 proinde
692 2403 955 2447 omnem
982 2381 1285 2446 medendi
1324 2381 1641 2445 rationem
1671 2382 1742 2444 in
1771 2403 1848 2445 eo
1877 2391 2067 2462 stare,
2097 2391 2174 2448 ut
2204 2385 2493 2469 pluribus
2523 2396 2808 2448 Infimma-

290 2487 505 2552 adhuc
530 2487 852 2571 repagulis
892 2485 1223 2551 sisteretur
1260 2485 1614 2551 effraenata
1641 2487 1972 2571 sanguinis
2013 2489 2322 2555 ebullitio.
2411 2490 2494 2555 Id
2519 2464 2668 2591 ἓξὲξ
2689 2464 2770 2577 ᾖξ’

290 2598 511 2655 autem
542 2591 817 2655 maxime
846 2586 1239 2655 efficiebatur
1271 2589 1440 2673 (post
1470 2589 1820 2673 hypnotica
1847 2590 2019 2655 dicto
2047 2592 2240 2656 modo
2281 2594 2404 2676 [iii.
2429 2597 2492 2659 2.
2519 2594 2754 2669 reguJari-

290 2697 377 2758 52
388 2694 514 2778 sq.]
544 2692 869 2777 exhibita,)
895 2691 1209 2776 regimine
1224 2698 1602 2776 temperat0,
1621 2693 2018 2776 indulgendo
2041 2696 2280 2759 scilicet
2303 2717 2496 2779 aegro
2519 2658 2792 2785 ἓξὲᾞὲἓ]

288 2820 481 2861 usum
510 2796 934 2861 liberaliorem
954 2794 1215 2879 liquoris
1238 2794 1526 2878 alicujus,
1552 2795 1662 2879 qui
1690 2817 1824 2859 non
1848 2817 1998 2860 eum
2022 2797 2492 2876 excalefaceret,
2519 2794 2782 2897 menttem-

290 2901 403 2964 sed
433 2900 645 2983 potius
672 2898 1165 2963 fervidissimum
1199 2898 1383 2961 illum
1416 2905 1686 2976 aestum,
1719 2919 1847 2981 quo
1890 2898 1994 2961 hic
2024 2900 2287 2963 morbus
2323 2902 2493 2983 (pus-
2519 2866 2690 2976 {²152}ss
2691 2866 2812 2973 121»

288 3003 445 3067 tulis
488 3003 765 3066 maxime
812 3001 895 3065 ad
936 3001 1377 3065 maturitatem
1414 3000 1551 3083 jam
1595 3000 2158 3085 pervenientibus)
2209 3002 2494 3081 miseros,
2519 2978 2772 3105 ἓξὲξ-ὣ

289 3127 445 3190 prae
488 3105 755 3171 caeteris
806 3105 1164 3188 quibusque
1214 3104 1472 3183 morbis,
1528 3103 1760 3187 fatigat
1807 3110 1998 3187 atque
2051 3105 2278 3184 exurit,
2329 3105 2501 3171 illico

289 3209 789 3293 commitigareh
866 3209 1207 3271 Decoctum
1232 3207 1504 3271 Album&
1547 3205 1794 3271 dictum
1829 3207 1931 3291 (ex
1958 3228 2125 3291 pane
2155 3208 2392 3272 scilicet
2437 3216 2502 3273 et

290 3333 495 3377 cornu
515 3312 681 3375 cervi
710 3310 1007 3375 calcinati
1034 3310 1265 3393 exigua
1304 3310 1666 3393 quantitate
1694 3310 1765 3373 in
1794 3310 2004 3373 multa
2041 3332 2208 3394 aqua
2233 3310 2500 3391 factum,

290 3424 358 3479 et
403 3415 703 3479 saccharo
746 3413 1194 3496 dulcoratum‚)
1249 3412 1355 3477 hic
1399 3414 1704 3496 juvabat3
1773 3419 1840 3477 at
1883 3412 2254 3497 hydrogala,
2307 3436 2346 3479 e
2386 3415 2501 3479 tri-

286 3518 415 3581 bus
452 3538 655 3601 aquae
684 3515 973 3601 partibus
1004 3524 1071 3580 et
1110 3516 1293 3580 lactis
1332 3537 1467 3579 una
1506 3516 1700 3578 simul
1727 3515 1942 3595 coctis,
1973 3524 2040 3580 et
2085 3517 2261 3600 aegri
2288 3518 2503 3600 palato

288 3627 356 3684 et
400 3620 563 3683 votis
606 3620 812 3702 magis
854 3628 930 3683 ut
969 3618 1319 3702 plurimum
1359 3617 1796 3701 refrigerando
1838 3618 2167 3702 respondit
2179 3646 2204 3699 3
2260 3641 2382 3684 nec
2426 3641 2504 3685 eo
2569 3666 2582 3673 --

287 3730 549 3787 tantum
585 3722 853 3807 profecit
891 3720 1132 3804 ingesti
1167 3721 1431 3804 liquoris
1468 3721 1670 3804 copia,
1701 3740 1828 3805 quo
1866 3720 2188 3804 insignem
2226 3724 2502 3787 calorem

288 3848 440 3891 cum
470 3825 923 3889 maturationis
964 3824 1142 3888 febre
1172 3824 1510 3908 praecipue
1538 3824 1864 3907 vigentem
1904 3826 2358 3908 restingueret,
2391 3826 2503 3890 sed

288 3934 612 4012 quatenus
652 3927 1069 4011 ptyalismum
1114 3927 1310 3991 etiam
1351 3934 1774 4009 promoveret,
1806 3934 2000 4011 atque
2044 3928 2323 3991 eundem
2356 3928 2500 3991 diu-

288 4031 421 4095 tius
457 4030 857 4114 protraheret
899 4051 1097 4113 quam
1140 4035 1393 4112 poterat
1436 4029 1578 4093 fieri
1619 4030 1674 4091 si
1719 4050 1907 4112 aeger
1936 4030 2138 4094 nimio
2178 4036 2502 4095 aestuaret

290 4134 519 4197 calore.
611 4133 877 4197 Praeter
917 4132 1077 4196 haec
1120 4132 1357 4211 omnia,
1390 4152 1849 4216 saepenumero
1891 4133 1986 4195 ita
2027 4132 2194 4196 bene
2238 4132 2501 4197 cessisse

288 4237 573 4319 liquores
600 4236 793 4300 hosce
824 4235 1071 4299 affatim
1098 4235 1365 4299 haustos
1404 4235 1750 4313 observavi,
1780 4242 1858 4299 ut
1897 4256 2119 4299 eorum
2160 4256 2287 4298 usu
2314 4236 2501 4299 Vari-

291 4338 450 4417 olae,
482 4360 647 4421 quae
692 4360 841 4402 cum
880 4338 1176 4421 pessimis
1213 4338 1658 4403 Confluentiae
1689 4337 1886 4422 signis
1931 4338 2210 4418 exibant,
2242 4360 2502 4423 progre-

818 4474 844 4507 κ
880 4468 955 4517 cf.
981 4484 1089 4533 sup.
1116 4484 1155 4518 e.
1182 4472 1228 4518 ³.
1253 4472 1277 4530 ς
1306 4470 1381 4527 10,
1406 4472 1565 4517 Setaea.
1593 4468 1761 4517 Μωιίε.
1787 4470 1827 4517 1.
1852 4470 1876 4528 ς
1907 4470 1979 4517 13.
