3138 5006
906 297 919 309 “
1036 293 1568 360 TRACTATUS
1619 293 1681 358 1.
1837 291 1846 296 ’
2333 295 2464 358 443

245 475 611 539 pugnamus
654 455 783 520 nisi
820 457 1007 522 aestu
1044 456 1223 540 prius
1266 455 1640 541 consopito:
1685 475 1808 520 nec
1847 453 2188 520 absurdius
2219 454 2362 538 quis
2389 454 2463 518 in
2504 474 2590 524 Dr:
2611 471 2758 523 Pon-

248 559 705 641 extinguendis
755 558 991 624 harum
1040 559 1323 624 febrium
1382 561 1596 625 calore
1653 558 1916 637 scilicet,
1967 558 2095 636 siti,
2135 557 2466 640 inquietu-
2555 553 2715 587 ΨΜ·

250 661 422 740 dine,
454 662 722 744 aliisque
752 663 1222 746 symptomatis,
1256 663 1445 726 anxie
1485 683 1746 746 operam
1774 661 2097 738 locaverit,
2131 681 2325 742 quam
2356 681 2462 723 ex·
2491 673 2592 723 Qui
2615 689 2752 736 sym-

246 764 627 828 istimaverit
656 764 819 828 alius
856 785 929 828 se
958 763 1324 848 Podagram
1364 785 1611 842 sanare,
1646 785 1796 827 cum
1823 763 1896 826 in
1926 762 2262 845 Podagrae
2291 785 2464 847 sym·
2489 739 2769 850 ξζὲῗζζξὲἰ,

246 868 555 951 ptomatis
586 873 845 931 tantum
878 868 1250 932 coercendis
1285 868 1535 932 laboret
1546 893 1565 944 ;
1617 887 1815 950 quum
1849 872 2111 930 tantum
2140 866 2264 928 hoc
2297 872 2465 928 tem·
2487 866 2744 926 incumbit,

247 990 403 1053 pore
432 990 471 1032 a
500 969 831 1033 curatione
868 970 1079 1034 morbi
1117 969 1440 1048 abscedat,
1471 978 1549 1034 ut
1589 967 1864 1032 eandem
1905 967 2312 1050 aliquatenus
2340 966 2467 1029 im·-
2487 931 2750 1043 ffi‘t’issieffl‘

248 1070 465 1154 pediat
496 1092 569 1134 ae
597 1077 997 1136 remoretur:
1044 1077 1289 1154 quanto
1329 1071 1503 1134 enim
1541 1071 1748 1154 magis
1787 1070 1965 1153 aegri
2000 1070 2248 1134 dolores
2276 1065 2464 1148 lenit,
2487 1067 2769 1152 remoratur.

246 1181 435 1240 tanto
452 1175 657 1256 magis
678 1174 1027 1237 humorum
1045 1174 1443 1238 concoctioni
1462 1170 1862 1251 adversatur,
1895 1180 2266 1258 quantoque
2289 1173 2462 1236 clau-

251 1277 640 1342 dicationem
670 1283 865 1355 arcet,
894 1284 1083 1341 tanto
1111 1276 1421 1340 materiae
1458 1275 1830 1339 morbificae
1857 1273 2216 1357 expulsioni
2244 1269 2462 1338 officit.

248 1377 439 1444 Adde
485 1377 656 1460 quod
700 1385 945 1460 quanto
987 1376 1354 1462 paroxysmi
1394 1379 1578 1441 furor
1606 1398 1680 1441 ac
1711 1377 1878 1440 acies
1905 1375 2297 1454 retunditur,
2328 1395 2464 1440 non

250 1480 457 1544 solum
486 1485 673 1543 tanto
703 1480 945 1543 diutius
982 1481 1239 1563 affliget,
1272 1480 1385 1544 sed
1420 1488 1487 1544 et
1516 1479 1771 1543 brevius
1800 1479 1926 1542 erit
1953 1479 2235 1562 spatium
2263 1477 2466 1541 inter-

241 1583 485 1666 jacens,
518 1590 584 1646 et
611 1583 829 1646 minus
867 1582 1064 1647 etiam
1092 1583 1369 1646 liberum
1398 1582 1479 1646 ab
1510 1582 1690 1646 omni
1721 1581 1928 1664 gradu
1957 1586 2465 1665 symptomatum

250 1686 483 1769 quibus
527 1685 633 1750 hic
674 1686 939 1750 morbus
984 1686 1387 1750 funestatur:
1453 1685 1627 1768 quod
1670 1705 1864 1748 nemo
1916 1683 2312 1747 inficiabitur
2355 1683 2468 1766 qui

250 1788 594 1871 diligenter
634 1788 1047 1853 trutinaverit
1092 1810 1255 1872 quae
1300 1809 1493 1872 supra
1545 1787 1614 1873 [ξ
1659 1786 1794 1870 11.]
1843 1786 1915 1850 in
1957 1786 2228 1870 hujusce
2255 1784 2484 1848 morbi'

248 1890 518 1955 historia
546 1890 873 1956 edisserui.

342 1992 509 2078 [60.]
566 1995 1023 2072 Quamobrem,
1061 1994 1214 2058 licet
1242 1994 1409 2057 nihil
1436 1993 1664 2076 magni
1691 1992 1762 2056 in
1790 2014 2172 2078 paroxysmo
2202 1998 2464 2057 tentan-
2490 2012 2568 2088 pe
2590 2026 2751 2088 prrore

251 2097 409 2160 dum
452 2097 556 2174 sit,
587 2097 714 2160 nisi
758 2097 931 2179 quod
971 2097 1114 2160 istis
1158 2097 1608 2180 symptomatis
1653 2097 2118 2160 occurrendum
2159 2101 2258 2158 est
2299 2115 2464 2177 quae
2488 2077 2774 2190 ffivssgffl

249 2201 413 2265 falsa
456 2198 758 2263 medendi
808 2199 1155 2263 methodus
1207 2199 1594 2282 quandoque
1643 2198 1924 2281 parturit
1946 2224 1967 2276 3
2025 2207 2266 2276 tamen,
2313 2219 2463 2260 cum
2488 2157 2682 2269 mgpere
2692 2220 2774 2252 ea-

250 2324 473 2366 omnes
503 2322 635 2365 uno
665 2323 773 2365 ore
802 2301 1131 2365 fateantur
1166 2302 1467 2365 morbum
1492 2302 1747 2365 huncce
1785 2300 1866 2364 ab
1896 2300 2248 2363 humorum
2281 2300 2465 2382 copia
2487 2271 2720 2320 vendam.

252 2413 318 2468 et
363 2404 741 2468 exuberanti
782 2404 1186 2487 plenitudine
1236 2405 1434 2483 nasci,
1489 2425 1682 2487 aegro
1733 2404 2004 2468 fortasse
2055 2402 2374 2466 conducet
2425 2424 2467 2466 a

252 2506 553 2571 carnibus
580 2527 695 2590 per
724 2507 968 2589 aliquot
998 2506 1155 2585 dies,
1184 2506 1299 2569 ubi
1328 2507 1611 2589 primum
1645 2528 1686 2569 a
1711 2505 1938 2569 morbo
1967 2506 2327 2588 corripitur,
2351 2505 2466 2568 ab-

253 2608 513 2686 stinere,
544 2614 611 2673 et
637 2607 870 2671 harum
906 2607 1049 2671 loco
1088 2607 1362 2691 simplici
1392 2609 1650 2693 jusculo
1690 2628 2006 2671 avenaceo
2043 2607 2163 2685 uti,
2196 2615 2309 2670 aut
2340 2607 2464 2670 alio

251 2710 393 2794 pari
437 2710 781 2773 alimento:
828 2709 1189 2793 cujusmodi
1236 2709 1453 2773 diaeta
1490 2709 1708 2773 tenuis
1748 2709 2054 2773 materiae
2094 2709 2464 2773 morbificae

250 2811 735 2877 imminuendae
776 2812 1060 2875 multum
1102 2810 1407 2889 conferet,
1455 2818 1522 2874 et
1571 2812 1870 2874 Naturae
1911 2798 2462 2893 opportunitatem

254 2914 769 2980 subministrabit
814 2935 943 2997 qua
984 2912 1261 2977 eandem
1319 2934 1515 2996 ocyus
1560 2913 1834 2995 digerat.
1952 2912 2122 2975 Cum
2167 2932 2317 2974 vero
2361 2912 2464 2974 in-

254 3041 412 3102 gens
442 3020 526 3083 sit
556 3038 893 3102 corporum
936 3017 1207 3080 aliorum
1249 3016 1329 3080 ab
1368 3016 1507 3079 aliis
1540 3015 1904 3093 discrimen,
1937 3014 2320 3097 quibusdam
2351 3014 2466 3079 ab·

254 3122 631 3187 stinentiam
666 3144 705 3185 a
744 3141 935 3185 carne
974 3142 1109 3183 non
1148 3119 1525 3197 ferentibus,
1578 3120 1799 3181 statim
1839 3138 1988 3181 vero
2035 3117 2114 3181 ab
2158 3138 2234 3181 ea
2277 3117 2460 3201 spiri-

251 3237 443 3292 tuum
473 3227 845 3291 animalium
877 3222 1127 3311 ἀταξίᾳ,
1152 3225 1354 3288 animi
1384 3223 1666 3307 deliquio
1669 3270 1690 3301 ,
1719 3223 1985 3305 aliisque
2015 3224 2460 3305 symptomatis

256 3330 469 3413 qualia
496 3328 789 3393 foeminis
827 3327 1149 3411 hysterica
1185 3326 1524 3389 affectione
1560 3323 2006 3388 laborantibus
2045 3323 2330 3387 accidere
2361 3344 2462 3386 so-

252 3433 411 3509 lent,
443 3430 747 3513 correptis
769 3455 790 3508 3
834 3430 993 3492 istos
1024 3450 1159 3492 non
1195 3435 1457 3491 tantum
1495 3448 1632 3490 non
1665 3425 1938 3510 juvabit,
1971 3424 2084 3488 sed
2123 3432 2190 3489 et
2225 3425 2460 3503 laedet,

256 3533 313 3596 si
359 3533 605 3596 diutius
654 3553 693 3595 a
743 3530 1041 3594 carnibus
1102 3530 1472 3594 abstineant
1530 3549 1725 3611 quam
1783 3527 2178 3591 ventriculus
2237 3549 2462 3591 earum

253 3657 446 3699 usum
477 3626 845 3698 aversetur?
890 3633 1065 3715 quod
1099 3639 1177 3696 ut
1200 3632 1555 3716 plurimum
1585 3652 1720 3694 non
1749 3629 1999 3693 excedit
2027 3629 2310 3712 primum
2347 3638 2462 3694 aut

255 3737 611 3803 secundum
642 3737 811 3799 diem
842 3757 1067 3799 eorum
1101 3730 1628 3819 paroxysmorur'n
1668 3731 2154 3816 particularium
2184 3732 2294 3815 qui
2324 3754 2462 3796 om-

254 3862 371 3905 nes
394 3839 587 3902 simul
609 3838 819 3921 juncti
839 3838 1169 3919 integrum
1190 3856 1646 3921 paroxysmum
1675 3836 1772 3915 (ut
1795 3855 1989 3917 supra
2013 3833 2078 3919 [ᾧ
2101 3834 2192 3917 5.]
2223 3835 2456 3917 innui,)

257 3942 685 4007 constituunt.
729 3942 823 4003 At
844 3960 1011 4018 vero,
1036 3939 1167 4003 sive
1194 3939 1441 4003 tardius
1472 3938 1606 4002 sive
1634 3958 1830 4021 ocyus
1863 3936 2004 4019 quis
2034 3956 2226 3999 carne
2248 3956 2460 3999 vesca-

254 4054 385 4125 tur,
408 4044 573 4108 serio
601 4043 959 4107 cavendum
981 4048 1080 4106 est
1110 4060 1193 4105 ne
1220 4048 1498 4125 urgente
1521 4040 1748 4104 morbo
1769 4040 2012 4123 majore
2035 4038 2218 4121 copia
2237 4045 2462 4102 utatur

255 4172 455 4237 quam
484 4168 651 4234 quae
674 4146 757 4211 ad
801 4146 1127 4209 Naturam
1158 4145 1650 4209 sustentandam
1679 4142 2041 4207 necessaria
2069 4142 2173 4220 sit,
2199 4162 2318 4205 nec
2340 4142 2462 4204 mi-

254 4274 413 4317 nore
444 4272 599 4316 cura
620 4270 777 4333 opus
800 4255 898 4311 est
926 4248 998 4311 in
1028 4246 1416 4342 assignanda
1437 4246 1646 4309 victus
1679 4244 2030 4330 qualitate:
2074 4265 2355 4326 namque
2383 4253 2461 4309 ut

258 4374 509 4437 semper
534 4353 606 4416 in
633 4372 1161 4436 paroxysmorum
1188 4349 1565 4427 intervallis,
1593 4349 1688 4411 ita
1715 4346 2054 4431 praecipue
2081 4366 2462 4430 paroxysmo

249 4456 389 4540 jam
414 4461 771 4539 praesente,
802 4472 995 4535 aeger
1027 4472 1429 4536 summopere
1464 4470 1689 4515 curare
1709 4526 1712 4531 ¹
1729 4447 1920 4513 debet
1956 4470 2042 4513 ne
2071 4446 2234 4532 quid
2261 4450 2361 4513 vel
2389 4449 2466 4519 in
