3138 5006
514 299 1309 366 OBSERVATIONUM
1353 297 1926 364 MEDICARUM
1965 305 2060 359 IV.
2099 308 2149 355 3.
2303 297 2429 361 169

224 461 519 528 inferiori
593 460 899 527 intestino
963 463 1155 545 (recto
1226 462 1505 545 nempe,)
1588 457 1916 525 molestias
1992 455 2232 536 creent,
2303 479 2430 541 quo
2473 469 2713 528 Duum-2

225 564 503 631 materia
552 563 623 628 in
675 585 751 628 eo
797 565 931 629 solo
982 562 1321 629 conficitur
1372 570 1567 648 atque
1618 562 1770 628 inde
1821 563 2216 652 excernitur..
2299 558 2428 625 Hic
2455 544 2735 659 *ἷὲζβξῗ

226 674 455 732 autem
492 666 757 731 morbus
800 667 957 731 licet
997 666 1257 744 adultis,
1296 666 1576 732 maxime
1629 665 2024 749 grandaevis,
2065 665 2241 729 haud
2283 685 2428 728 raro
2456 707 2554 754 Hic
2577 643 2706 752 mor·-

228 769 527 848 exitialis,
572 768 933 833 infantibus
982 767 1404 832 nihilominus
1453 768 1889 852 perbenignus
1938 767 2274 851 reperitur,
2321 765 2684 850 quibuslicet

229 873 317 936 ad
355 894 609 937 menses
638 871 883 956 aliquot
922 871 1003 936 ab
1034 871 1259 936 eodem
1292 872 1674 956 quandoque
1705 871 2072 935 afficiuntur
2107 870 2246 934 sine
2277 891 2430 953 quo·
2455 835 2670 946 ssndffissss’e

228 974 330 1038 vis
357 975 786 1054 incommode,
818 974 1011 1038 modo
1038 995 1143 1038 res
1170 975 1463 1038 Naturae
1491 973 1922 1057 permittatur.
2457 964 2692 1072 grandae-

334 1077 459 1162 [5.]
514 1077 845 1144 Quantam
896 1099 1045 1141 cum
1102 1076 1244 1156 hac,
1291 1099 1488 1160 quam
1538 1076 2006 1160 descripsimus,
2053 1075 2434 1140 affinitatem
2461 1043 2714 1169 picsi’tffiige

230 1181 475 1245 habeat
513 1180 812 1244 endemia
846 1179 971 1244 ista
1002 1177 1444 1244 Hibernorum
1472 1179 1879 1263 Dysenteria,
1912 1201 2048 1244 non
2088 1179 2244 1244 satis
2283 1178 2433 1257 sci0,
2459 1156 2730 1284 ffiffig}

231 1305 389 1348 cum
424 1283 719 1347 nondum
756 1304 835 1346 ea
874 1281 1037 1346 mihi
1074 1281 1465 1346 innotuerit:
1513 1281 1671 1366 quin
1709 1287 1776 1345 et
1815 1281 1886 1345 in
1923 1281 2026 1344 his
2066 1303 2224 1365 quas
2261 1281 2436 1344 inco·
2462 1301 2556 1334 nus
2577 1295 2666 1332 est.

232 1385 431 1450 limus
474 1385 845 1470 regionibus
885 1384 1204 1469 quomodo
1244 1405 1313 1448 se
1354 1383 1592 1449 habeat
1623 1383 2030 1467 Dysenteria,
2063 1405 2257 1467 quam
2299 1383 2437 1467 jam

236 1487 667 1572 depinximus,
700 1487 754 1551 si
798 1487 881 1551 ad
909 1488 1051 1552 illas
1079 1487 1397 1551 referatur
1433 1489 1597 1571 quae
1627 1487 1769 1550 aliis
1804 1486 1991 1550 annis
2021 1484 2440 1563 infestabant,
2495 1473 2504 1482 ⁸

238 1591 400 1655 mihi
444 1590 687 1674 pariter
728 1590 1201 1674 incompertum
1242 1597 1379 1669 est;
1442 1610 1592 1653 cum
1634 1589 1774 1654 fieri
1819 1589 2078 1673 quidem
2120 1587 2321 1673 possit
2365 1597 2440 1652 ut

238 1693 454 1758 variae
493 1701 881 1758 enascantur
908 1692 1442 1776 Dysenteriarum
1479 1691 1743 1776 species,
1772 1698 1847 1755 ut
1877 1699 2030 1755 sunt
2057 1691 2441 1756 'variolarum

240 1802 311 1860 et
356 1794 853 1880 epidemicorum
894 1795 1183 1873 aliorum,
1216 1793 1479 1858 diversis
1518 1793 2088 1858 constitutionibus
2131 1794 2442 1878 propriae,

244 1907 315 1964 et
358 1919 520 1981 quae
562 1897 832 1982 proinde
882 1897 1184 1961 medendi
1228 1896 1608 1960 methodum
1651 1894 1722 1960 in
1766 1896 2083 1979 aliquibus
2130 1896 2444 1960 diversam

242 2003 369 2067 sibi
410 2023 525 2066 suo
566 2002 713 2086 jure
752 1999 1115 2065 vendicent.
1202 2001 1437 2085 Neque
1481 2008 1580 2065 est
1621 2022 1735 2065 eur
1774 2002 1892 2066 hos
1931 2001 2226 2064 Naturae
2266 2001 2446 2063 lusus

240 2105 367 2170 hac
393 2104 466 2169 in
494 2125 565 2168 re
593 2111 930 2188 tantopere
954 2102 1379 2182 demiremur3
1423 2124 1573 2167 cum
1603 2100 1674 2167 in
1703 2104 1992 2167 confesso
2021 2103 2192 2187 apud
2223 2125 2446 2167 omnes

244 2207 351 2286 sit,
384 2205 573 2290 quod,
596 2228 721 2291 quo
748 2206 1129 2290 profundius
1160 2206 1229 2269 in
1260 2225 1679 2290 quaecunque
1708 2207 2002 2270 Naturae
2032 2227 2226 2288 opera
2251 2226 2445 2288 pene-

241 2319 513 2388 tremus,
540 2319 631 2374 'eo
680 2309 1069 2374 luculentius
1114 2308 1301 2373 nobis
1353 2309 1700 2392 affulgeat⁸
1741 2308 1972 2392 ingens
2023 2308 2134 2372 illa
2174 2308 2447 2372 varietas

244 2423 313 2481 et
358 2415 646 2479 divinum
688 2435 853 2498 pene
899 2412 1241 2477 artificium
1292 2413 1736 2496 operationum
1783 2415 1940 2498 ejus,
1982 2435 2144 2498 quae
2187 2420 2448 2498 captum

244 2526 543 2586 nostrum
584 2517 955 2602 longissime
1014 2525 1355 2601 superant:
1420 2518 1580 2582 adeo
1623 2525 1702 2582 ut
1757 2518 2040 2601 quisquis
2095 2518 2204 2581 ille
2253 2516 2450 2581 fuerit

246 2624 359 2707 qui
393 2622 466 2687 in
502 2644 568 2686 se
608 2621 919 2706 receperit
953 2621 1115 2686 haec
1144 2621 1363 2686 omnia
1396 2630 1616 2686 mente
1660 2622 1931 2705 assequi,
1963 2628 2030 2686 et
2069 2620 2450 2684 multifarias

244 2728 542 2803 Naturae
571 2724 971 2809 operationes
999 2722 1167 2789 κατὰ
1199 2722 1400 2793 πόδας
1427 2724 1755 2807 indagare,
1785 2724 2022 2809 partim
2052 2723 2305 2807 magnis
2335 2745 2447 2786 au-

248 2831 337 2895 sis
368 2827 674 2908 excideth‚
703 2849 915 2913 neque
944 2828 1074 2893 voti
1102 2850 1220 2911 per
1249 2827 1467 2892 omnia
1495 2850 1754 2912 compos
1781 2828 2126 2906 reddetur,
2173 2824 2452 2890 convitia

247 2932 533 3012 interim,
571 2932 647 3015 (si
693 2931 847 3016 quid
886 2930 1235 3015 judicando
1264 2931 1478 3013 valet)
1513 2952 1630 3014 pro
1669 2937 2070 3015 repertorum
2099 2930 2200 2993 vel
2243 2928 2448 2992 utilis·
2477 2942 2737 3022 Ιξρίᾱςπιὶς

244 3035 561 3101 simorum
597 3056 791 3119 quam
818 3034 971 3099 fecit
1002 3041 1308 3112 semente,
1341 3040 1516 3098 certo
1554 3032 1792 3098 certius
1824 3032 1945 3097 sibi
1975 3030 2278 3096 metenda
2303 3053 2448 3116 pro·
2477 3024 2537 3065 ω’
2558 3011 2640 3057 '²¹⁰¹
2657 3025 2756 3083 ΡΨ·

2473 3088 2614 3121 mum
2637 3088 2733 3120 on-

248 3146 469 3223 ponet,
500 3138 693 3221 idque
722 3158 865 3201 eam
893 3144 1153 3200 tantum
1182 3137 1264 3201 ob
1297 3158 1576 3216 causam,
1610 3137 1785 3223 quod
1813 3136 2056 3220 primus
2086 3135 2353 3199 invenit.
2471 3137 2772 3215 uptunprin-

350 3242 474 3326 [6.]
528 3242 728 3305 Porro
779 3238 1248 3304 observandum
1294 3246 1392 3304 est
1444 3238 1618 3324 quod
1661 3239 1997 3323 epidemici
2047 3260 2291 3316 omnes,
2337 3237 2452 3301 ubi
2475 3217 2730 3329 23:293]

250 3344 535 3429 primum
572 3364 607 3407 e
648 3342 945 3407 Naturae
984 3342 1137 3406 sinu
1163 3349 1505 3425 emergunt
1533 3342 1954 3444 exiliuntque,
1992 3342 2334 3424 (quantum
2372 3362 2451 3405 ex
2476 3339 2746 3443 3ξὲζέξῆ-

252 3468 479 3511 eorum
506 3444 966 3530 Phaenomenis
988 3444 1141 3508 licet
1161 3444 1520 3527 conjicere,)
1548 3444 1861 3528 principio
1881 3444 2087 3526 magis
2109 3442 2452 3527 spirituoso
2471 3464 2765 3515 haerescere,

249 3572 329 3615 ae
365 3548 589 3613 subtili
616 3548 919 3612 videntur
950 3546 1410 3626 inhaerescere,
1442 3569 1638 3631 quam
1670 3546 1786 3610 ubi
1818 3548 1956 3630 jam
1989 3547 2195 3629 magis
2240 3546 2452 3609 adole-
2475 3524 2760 3636 ξξιξῃᾱξζξὼ

251 3652 485 3729 verint,
531 3672 785 3735 quoque
829 3649 1035 3733 magis
1080 3649 1163 3713 ad
1200 3670 1499 3713 occasum
1537 3653 1835 3731 vergunt,
1877 3670 1954 3712 eo
1996 3648 2204 3731 magis
2245 3647 2453 3710 indies
2479 3659 2648 3714 gentes
2663 3666 2762 3725 ¹1¹3·-

250 3752 455 3819 crassi
498 3760 693 3837 atque
729 3751 1097 3816 humorales
1136 3752 1343 3829 fiunt3
1390 3750 1634 3815 etenim
1679 3750 1898 3834 quales
1929 3750 2147 3834 quales
2191 3718 2730 3827 (1811111ωῇἱῆῑῖῗῖῗῖ

246 3856 499 3922 fuerint
526 3854 825 3919 inimicae
863 3854 1025 3919 istae
1063 3853 1435 3937 particulae,
1468 3875 1628 3936 quas
1669 3854 1804 3916 aeri
1845 3852 2075 3916 intime
2109 3852 2457 3936 permixtas
2482 3844 2764 3956 3333?-

253 3956 792 4023 constitutionem
820 3956 1239 4040 epidemicam
1273 3956 1551 4020 formare
1581 3954 2007 4038 opinabimur,
2040 3956 2305 4019 omnino
2342 3976 2460 4037 par
2483 3972 2677 4020 duntur.

252 4066 357 4125 est
383 4066 465 4123 ut
505 4058 763 4123 easdem
792 4060 1021 4143 majori
1051 4056 1287 4140 agendi
1321 4058 1615 4140 potentia
1647 4078 1763 4140 per
1792 4078 1868 4120 ea
1896 4065 2187 4139 tempora
2220 4055 2458 4140 pollere
2487 4053 2545 4128 15¹
2570 4068 2712 4162 epu-b

252 4162 697 4227 existimemus
721 4159 954 4244 quibus
978 4160 1260 4245 primum
1283 4161 1634 4242 eruperint,
1659 4181 1854 4242 quam
1876 4166 2216 4243 postquam
2239 4178 2462 4221 earum
2483 4122 2714 4228 igiffitzs

250 4266 419 4329 vires
450 4263 698 4327 fuerint
736 4263 1067 4328 refractae.
1160 4263 1269 4326 Ita
1295 4262 1520 4346 primis
1565 4262 1898 4326 mensibus
1944 4261 2178 4344 quibus
2216 4281 2460 4343 grassa·
2486 4244 2748 4307 P⁸ffi⁰u¹⁸·

518 4416 547 4510 :
575 4414 825 4492 affidgeaf]
851 4417 1105 4480 affulgeant
1128 4415 1200 4463 ed.
1224 4416 1337 4492 ’763
1857 4480 1887 4491 ..

578 4484 609 4507 ‘⁸
626 4481 824 4543 Magnis
846 4489 1009 4529 tamen
1031 4482 1215 4529 excidit
1232 4484 1412 4530 ausis.”
1449 4480 1616 4542 (ovid.
1641 4481 1831 4529 Metam.
1853 4496 1902 4528 n.
1928 4476 2066 4539 ³28.)

1395 4580 1427 4623 Z
