3138 5006
725 286 877 350 DIS
886 285 1325 349 SERTATIO
1370 286 1986 351 EPISTOLARIS.
2326 288 2454 350 37⁷

252 442 352 507 vel
408 444 718 509 catharsis
776 445 1147 511 amoliretur
1202 447 1407 529 magis
1467 468 1661 529 quam
1735 445 2056 524 invitaret,
2117 446 2172 509 si
2245 443 2454 509 morbi
2513 464 2596 513 nn
2623 466 2724 513 Ar-

252 547 503 612 minera
542 548 615 613 in
664 548 935 613 humore
978 549 1437 613 contineretur.
1529 550 1716 615 Idem
1767 550 1894 613 dici
1934 557 2149 634 potest
2193 549 2274 613 de
2330 550 2451 613 im·
2480 530 2756 641 ’ξξζΒέΓ

253 650 507 714 modico
536 650 865 734 sanguinis
894 650 1248 735 dispendio,
1280 652 1412 717 sive
1439 651 1878 735 phlebotomia
1897 652 1952 715 is
1980 652 2177 717 fuerit
2207 657 2450 715 extrac-
2729 631 2740 642 ⁰

254 759 382 831 tus,
428 753 559 817 sive
595 753 668 819 in
708 752 1045 839 puerperio
1090 753 1309 818 debito
1353 754 1668 838 copiosius
1712 754 2086 833 manaverit,
2123 754 2224 817 uti
2263 760 2329 817 et
2373 753 2454 818 de

254 858 691 924 exinanitione
735 866 801 923 et
838 860 1017 942 justo
1058 860 1351 943 longiore
1390 882 1431 923 a
1473 859 1774 923 carnibus
1815 858 2245 937 abstinentia3
2290 880 2456 941 quae

255 963 477 1027 omnia
519 962 601 1026 ad
638 962 929 1029 Affectus
976 962 1350 1047 Hystericos
1384 962 1850 1045 praecavendos
1889 962 2104 1046 potius
2147 962 2454 1040 facerent,

257 1088 451 1150 quam
494 1066 581 1129 ad
624 1066 881 1132 eosdem
924 1066 1359 1145 accersendos,
1406 1066 1459 1129 si
1508 1067 1770 1130 illorum
1819 1065 2023 1129 fomes
2065 1064 2138 1128 in
2185 1064 2458 1129 materia

256 1170 470 1252 aliqua
510 1169 970 1235 involveretur:
1018 1190 1169 1234 cum
1213 1191 1250 1233 e
1294 1169 1560 1247 diverso,
1591 1190 1728 1235 non
1767 1170 1892 1234 alia
1935 1190 2128 1233 causa
2169 1169 2262 1233 ita
2304 1189 2456 1232 con-

258 1279 505 1337 stanter
546 1273 756 1357 pariat
798 1273 1168 1358 hujusmodi
1218 1274 1505 1354 affectus,
1552 1295 1627 1339 ac
1680 1274 1888 1339 solent
1933 1274 2141 1337 dictae
2193 1294 2456 1338 evacua-

258 1376 487 1441 tiones.

355 1478 521 1563 [92.]
565 1478 872 1545 Quamvis
903 1485 1122 1545 autem
1152 1480 1307 1543 satis
1327 1486 1549 1564 pateat
1579 1478 2000 1562 originarium
2027 1476 2218 1560 hujus
2249 1476 2457 1540 morbi
2485 1491 2764 1554 Spirituum

258 1584 549 1649 fomitem
600 1584 671 1649 in
728 1583 1107 1648 humoribus
1157 1584 1529 1649 nullatenus
1589 1580 1915 1660 stabulari,
1963 1578 2298 1644 fatendum
2357 1585 2457 1643 est
2481 1555 2762 1682 3:¹35&-

256 1691 479 1750 tamen
529 1686 727 1769 (quod
766 1706 869 1751 res
914 1687 1055 1769 est,)
1098 1686 1442 1769 spirituum
1488 1681 1760 1765 ἀταξίαν
1800 1682 1998 1761 illam,
2045 1683 2152 1745 cui
2193 1681 2456 1745 morbus
2481 1686 2630 1733 tridos
2653 1686 2742 1732 ali-

261 1787 551 1867 debetur,
582 1789 885 1853 humores
924 1788 1216 1871 putridos
1244 1788 1317 1850 in
1354 1807 1620 1870 corpore
1659 1786 2122 1851 coacervandos
2170 1787 2454 1869 gignere,
2483 1752 2677 1879 (ἕέῑῗο

259 1910 411 1953 cum
438 1896 575 1954 tam
603 1890 857 1955 illarum
874 1890 1157 1974 partium
1174 1891 1427 1954 functio
1450 1910 1618 1974 quae
1629 1888 2094 1955 vehementiori
2115 1888 2458 1972 spirituum

259 1992 537 2075 impulsu
614 1993 1095 2072 distenduntur,
1156 2014 1350 2076 quam
1408 2014 1624 2057 earum
1683 2013 1848 2075 quae
1917 1992 2045 2056 illis
2107 1993 2456 2075 privantur,

259 2096 523 2159 omnino
558 2104 977 2180 pervertatur.
1068 2096 1364 2179 Cumque
1397 2095 1632 2161 harum
1670 2086 2008 2178 pleraeque
2049 2114 2291 2178 organa
2327 2095 2460 2159 sint

262 2196 443 2281 quasi
486 2198 893 2281 separatoria,
932 2197 1321 2281 excipiendis
1360 2198 1606 2263 cruoris
1651 2198 2068 2261 recrementis
2103 2197 2457 2281 designata,

262 2300 316 2363 si
359 2322 578 2365 earum
604 2301 972 2365 functiones
1008 2300 1229 2384 quovis
1272 2297 1463 2363 modo
1505 2298 1865 2378 laedantur,
1897 2299 2034 2363 fieri
2077 2320 2212 2363 non
2247 2307 2461 2382 potest

264 2404 420 2487 quin
446 2404 679 2486 ingens
706 2403 1125 2469 faeculentiae
1154 2402 1456 2467 colluvies
1486 2402 1966 2481 accumuletur3
2007 2424 2172 2487 quae
2201 2402 2460 2486 quidem

262 2508 594 2573 eliminata
620 2507 863 2586 fuisset,
895 2514 1161 2592 totaque
1190 2506 1459 2590 proinde
1494 2506 1826 2590 sanguinis
1854 2527 2066 2572 massa
2095 2506 2464 2590 depuratior

261 2606 491 2688 factah,
522 2608 715 2674 modo
757 2608 1011 2692 singula
1052 2629 1296 2692 organa
1336 2629 1574 2672 munus
1619 2631 1810 2672 suum
1854 2610 2310 2692 explevissent3
2363 2610 2464 2674 cui

264 2713 445 2776 nullo
474 2711 667 2775 modo
698 2711 1070 2790 defuissent,
1100 2712 1154 2775 si
1184 2711 1400 2776 debita
1438 2711 1782 2794 spirituum
1811 2713 2184 2776 oeconomia
2211 2715 2464 2777 univer-

266 2837 366 2882 sas
396 2815 833 2898 invigorasset.
927 2814 1100 2878 Huic
1141 2835 1264 2897 ego
1303 2835 1533 2878 causae
1575 2814 1867 2898 adjudico
1908 2815 2236 2880 cachexias
2267 2816 2464 2898 insig-
2491 2824 2606 2872 hine
2625 2825 2772 2871 etiam

265 2918 494 2997 niores,
526 2914 873 3004 ἀνορεξίαν,
907 2918 1035 2981 sive
1077 2917 1397 3001 appetitus
1436 2917 1951 3000 prostrationem,
1981 2917 2074 2981 in¹
2108 2919 2468 3002 juvenculis
2492 2887 2718 2951 ‘²⁹⁰⁹‘5‘ffi

267 3021 605 3100 chlorosin‚
660 3021 789 3086 sive
837 3020 1069 3084 febrim
1120 3020 1353 3099 albam,
1405 3022 1624 3103 (quam
1677 3019 1937 3104 quidem
1995 3021 2272 3104 speciem
2332 3042 2468 3085 esse
2493 3029 2740 3088 chlorosis,

266 3123 645 3190 Affectionis
692 3123 1073 3207 Hystericae
1108 3123 1327 3186 nullus
1373 3122 1645 3204 dubito,)
1681 3121 2000 3206 aliamque
2039 3142 2299 3189 omnem
2335 3145 2468 3187 ma-

268 3227 477 3291 lornm
524 3227 803 3292 Lernam
812 3224 861 3305 ¹¹,
894 3226 965 3290 in
996 3246 1123 3308 qua
1164 3225 1646 3308 immerguntur
1678 3223 1964 3288 misellae
1994 3231 2306 3309 quotquot
2349 3227 2471 3291 hoc

266 3330 491 3395 morbo
521 3329 635 3394 diu
668 3329 1129 3412 elanguerunt:
1178 3350 1342 3412 quae
1378 3328 1599 3394 omnia
1627 3349 1668 3391 a
1707 3328 1910 3392 succis
1955 3331 2470 3412 putrescentibus

267 3433 337 3497 in
368 3433 681 3517 sanguine
718 3432 1058 3516 congestis,
1090 3440 1285 3516 atque
1314 3431 1547 3496 exinde
1584 3431 1655 3494 in
1693 3451 1936 3515 organa
1961 3431 2136 3496 varia
2164 3432 2470 3516 depluen-

268 3536 462 3616 tibus‚
494 3543 921 3603 succrescunt.
1016 3535 1231 3620 Hujus
1281 3534 1527 3602 farinae
1575 3541 1674 3599 est
1725 3535 2008 3620 hydrops
2059 3535 2349 3600 testium¹
2399 3537 2469 3601 in
2496 3555 2542 3598 et
2562 3549 2776 3626 hydrops

268 3640 565 3705 foeminis
618 3661 781 3723 quae
824 3641 965 3723 jam
1018 3639 1257 3704 diutius
1304 3639 1569 3704 Affectu
1617 3638 1962 3725 Hysterico
2019 3638 2468 3719 laboraverint,
2491 3623 2708 3663 testium.

268 3746 463 3804 natus
515 3762 555 3804 a
596 3740 801 3806 succis
846 3738 1203 3822 depravatis
1246 3761 1283 3802 e
1330 3739 1664 3822 sanguinis
1705 3761 1918 3804 massa
1965 3741 2036 3804 in
2081 3763 2324 3824 organa
2371 3764 2470 3807 re-

264 3845 491 3929 jectis3
534 3843 731 3921 unde,
759 3843 1069 3927 perversis
1104 3842 1455 3908 eorundem
1498 3842 1934 3923 facultatibus,
1973 3846 2180 3930 primo
2225 3847 2472 3912 steriles

270 3950 439 4012 fiunt
476 3946 797 4024 mulieres,
828 3952 895 4009 et
930 3945 1285 4011 destruitur
1327 3967 1590 4030 prorsus
1629 3949 1999 4012 oeconomia
2041 3950 2343 4032 partium,
2373 3951 2471 4014 in-

272 4050 479 4134 deque
520 4069 735 4114 serum
766 4056 831 4113 et
867 4048 1077 4112 sanies
1112 4047 1492 4131 gignuntur,
1524 4070 1688 4133 quae
1725 4071 1862 4114 non
1904 4057 2166 4116 tantum
2200 4052 2474 4116 nodulos

272 4175 515 4238 ovaque
567 4153 831 4218 testium
890 4151 1257 4231 inferciunt,
1302 4151 1415 4216 sed
1474 4152 1672 4216 etiam
1729 4154 1800 4218 in
1855 4155 2224 4220 tunicarum
2275 4156 2474 4220 inter·

340 4355 363 4386 ²·
388 4358 542 4421 facta,
560 4357 713 4420 modo]
736 4362 779 4406 si
801 4358 878 4406 ed.
902 4359 999 4406 ⁹82.
1067 4325 1075 4330 -
1415 4357 1643 4421 plurimis
1659 4357 1712 4404 in
1730 4372 1886 4404 unum
1907 4359 2161 4420 congestis.
2183 4359 2260 4408 cf.
2281 4360 2474 4408 Erasmi

341 4421 351 4452 ¹
386 4422 683 4486 ivn—dubito]
710 4438 803 4470 om.
828 4423 900 4470 ed.
928 4424 1027 4470 ⁹82.
1418 4423 1572 4484 Λείας.
1591 4421 1624 4468 ἱ.
1639 4423 1684 4468 3.
1702 4421 1788 4477 27;
1820 4421 2066 4486 Gaisford,
2084 4425 2288 4473 Paroem.
2310 4427 2470 4475 Graec.

342 4485 364 4518 Β
395 4485 547 4550 Λέρνῃ
586 4489 755 4544 κακῶν,
793 4487 1044 4536 dicebatur
1088 4488 1146 4535 de
1190 4485 1333 4534 malis
1488 4484 1500 4513 ¹
1538 4486 1612 4532 Cf.
1645 4487 1795 4535 Tract.
1825 4487 1891 4534 11.
1915 4489 1938 4547 5
1965 4489 2009 4534 6.

1321 4569 1431 4629 30
