3138 5006
722 292 1325 360 mssER'rA‘no
1365 296 1989 363 EPISTOLARIS.
2197 270 2200 275 ’
2321 298 2457 362 389

255 453 357 517 vel
386 453 675 519 dolemus
705 476 779 519 ac
806 455 1143 538 ringimur,
1174 457 1422 541 quoties
1464 458 1742 542 publica
1762 478 1866 523 res
1908 458 2245 523 hominum
2279 478 2452 523 eom-
2514 472 2600 521 Ds
2623 473 2727 521 Ar-

255 556 439 619 muni
468 557 679 641 aliquo
697 557 1037 638 beneficio,
1070 580 1147 623 ac
1174 560 1499 624 Nummus
1524 560 1760 640 favore,
1790 566 2083 643 augetur.
2482 537 2761 651 ’ξξζὲξὲζζ

352 656 565 741 [115.]
622 659 695 723 Si
740 681 903 743 quae
944 682 1097 727 vero
1148 682 1247 727 ex·
1276 662 1574 727 remediis
1625 684 1818 747 supra
1863 662 2194 727 mcensitis
2237 661 2453 726 minus
2481 690 2659 738 Diaeta

256 759 660 840 conveniant,
710 763 907 846 (quod
955 771 1469 849 temperamento
1518 765 1743 830 bilioso
1795 786 1870 829 ac
1924 764 2110 828 tenui
2151 764 2455 847 praeditis
2479 754 2723 881 {2223-

254 881 445 944 saepe
491 862 765 946 accidit,)
814 870 975 930 tunc
1026 866 1239 930 diaeta
1285 868 1493 931 lactea
1538 867 1740 951 possit
1787 867 2102 951 usurpari.
2193 865 2456 930 Etenim
2480 889 2647 930 mento
2669 883 2742 930 bi-

256 964 557 1028 mulieres
592 966 833 1049 aliquot
879 968 1075 1051 (quod
1110 969 1319 1053 prima
1362 970 1584 1035 statim
1625 970 1840 1035 fronte
1881 968 2224 1033 mirabitur
2267 968 2450 1052 quis,)
2481 946 2604 995 ΠΜ
2613 947 2762 1003 ‘⁶³³³’

256 1086 407 1129 cum
432 1066 793 1133 Affectibus
826 1068 1181 1155 Hystericis
1212 1070 1323 1135 diu
1342 1072 1766 1150 conflictatae,
1785 1070 1980 1135 etiam
2003 1070 2080 1133 iis
2101 1069 2213 1153 qui
2231 1090 2458 1134 omnes

230 1169 665 1234 -Medicorum
710 1181 979 1238 conatus
1025 1181 1398 1257 spreverant
1448 1170 1918 1257 eluserantque,
1965 1172 2234 1237 tandem
2289 1172 2456 1236 lacte

256 1270 391 1335 solo
442 1271 815 1356 aliquandiu
860 1281 1191 1340 vescentes
1248 1277 1646 1341 convaluere.
1736 1277 1956 1359 Atque
2003 1274 2152 1338 illae
2197 1272 2457 1357 quidem
2483 1288 2532 1332 et
2554 1284 2722 1360 ennea

256 1372 553 1453 maxime,
598 1396 763 1459 quae
806 1397 885 1441 ea
926 1375 1136 1460 specie
1176 1376 1559 1442 laborabant
1602 1398 1796 1460 quam
1839 1397 1962 1459 ego
2012 1376 2284 1440 colicam
2319 1376 2456 1457 Hy·
2484 1350 2746 1462 {ist-{ffissoe

255 1477 549 1540 etericam
587 1478 857 1561 appello,
900 1500 1064 1563 quae
1100 1500 1237 1543 non
1278 1480 1405 1543 nisi
1450 1501 1491 1543 a
1530 1478 1872 1544 narcoticis
1912 1479 2125 1562 potuit
2167 1477 2456 1556 deliniri3

258 1579 489 1662 quibus
532 1580 751 1663 itaque
788 1602 906 1665 per
946 1582 1284 1647 intervalla
1324 1582 1692 1666 repetendis
1733 1581 2014 1645 multum
2037 1587 2459 1645 assueverant

256 1681 379 1745 hae
426 1682 769 1762 foeminae,
818 1684 1037 1749 dolore
1080 1684 1572 1751 recrudescente
1621 1691 1696 1748 ut
1745 1684 2027 1767 primum
2077 1682 2461 1747 emarcuerit

260 1783 541 1867 anodyni
570 1784 789 1848 virtus.
881 1785 964 1848 Id
994 1806 1145 1851 vero
1186 1786 1257 1849 in
1300 1786 1423 1851 hac
1464 1786 1732 1850 curandi
1774 1785 2080 1850 methodo
2121 1784 2460 1868 praecipue

258 1886 645 1966 mirandum,
664 1888 853 1971 quod,
878 1908 1027 1953 cum
1046 1890 1146 1953 lac
1164 1890 1472 1973 frigidum
1493 1896 1752 1955 tantum
1774 1888 2170 1971 crudumque
2193 1874 2455 1952 alimen-

258 1995 401 2051 tum
444 1990 770 2072 praebeat,
824 1992 1085 2075 spiritus
1135 1992 1553 2058 nihilominus
1601 1992 1740 2078 ejus
1799 2014 1919 2057 usu
1966 1991 2459 2057 corroborentur

257 2092 847 2177 invigorenturque.
937 2096 1082 2159 Nec
1127 2101 1349 2160 tamen
1400 2096 1522 2160 hoc
1571 2118 1610 2159 a
1652 2096 1905 2164 ratione
1955 2094 2300 2159 abhorrere
2333 2095 2459 2159 illis

257 2194 595 2274 videbitur,
641 2196 751 2279 qui
794 2217 1013 2261 secum
1050 2198 1507 2281 reputaverint,
1538 2199 1658 2277 lac,
1689 2218 1840 2261 eum
1883 2196 2149 2281 simplex
2193 2197 2459 2261 omnino

258 2298 733 2362 nutrimentum
776 2299 1160 2383 suppeditet,
1191 2300 1485 2364 Naturae
1526 2301 1742 2363 minus
1783 2300 1855 2363 in
1899 2298 2232 2383 coquendo
2259 2320 2456 2383 nego-

258 2400 425 2463 tium
452 2400 783 2480 facessere,
816 2422 997 2467 secus
1028 2424 1103 2467 ac
1131 2402 1341 2467 solent
1378 2401 1504 2467 cibi
1548 2422 1622 2466 ac
1664 2402 1940 2485 liquores
1969 2400 2174 2483 magis
2203 2420 2458 2484 compo-

260 2502 405 2582 siti3
468 2502 765 2586 quodque
827 2503 1353 2587 perfectissimam
1404 2505 1582 2569 illam
1639 2502 2122 2568 concoctionem
2179 2502 2458 2586 aequalis

262 2606 592 2689 sanguinis
650 2606 1117 2692 spirituumque
1190 2606 1383 2672 erasis
1438 2609 1798 2673 necessario
1855 2613 2176 2691 sequatur.
2284 2605 2462 2670 Illud

264 2711 459 2774 etiam
488 2717 586 2774 est
615 2710 1273 2789 animadvertendum,
1304 2711 1477 2796 quod
1518 2733 1656 2776 non
1697 2710 1876 2774 nuda
1909 2709 2254 2794 spirituum
2281 2709 2458 2774 debi-

218 2864 230 2874 .
263 2814 409 2878 litas
438 2835 555 2898 per
584 2835 651 2879 se
681 2814 1098 2894 considerata,
1130 2814 1245 2878 sed
1288 2814 1640 2878 eorundem
1685 2813 1980 2878 debilitas
2009 2811 2092 2876 ad
2127 2810 2460 2894 sanguinis

264 2923 501 2981 statum
555 2925 1087 3001 comparatorum,
1140 2915 1403 2998 ἀταξίας
1460 2938 1656 3001 quam
1700 2916 2038 3000 patiuntur
2093 2935 2286 2978 causa
2351 2914 2458 2977 sit.

264 3021 435 3084 Fieri
484 3021 659 3084 enim
696 3028 929 3104 potest,
974 3028 1047 3085 ut
1096 3021 1331 3084 infanti
1371 3020 1632 3103 spiritus
1675 3019 1828 3084 satis
1870 3019 2042 3082 firmi
2085 3016 2460 3099 robustique

262 3123 393 3186 sint
434 3145 551 3206 pro
594 3124 924 3206 sanguinis
952 3123 1223 3202 ratione,
1254 3123 1364 3207 qui
1400 3130 1624 3187 tamen
1655 3121 1938 3186 debitam
1966 3120 2048 3185 ad
2079 3119 2462 3202 sanguinem

264 3225 467 3290 adulti
494 3226 771 3290 hominis
798 3226 1278 3310 proportionem
1306 3247 1442 3290 non
1472 3232 1760 3290 teneant.
1844 3225 1886 3288 J
1889 3245 1994 3287 am
2023 3243 2174 3286 vero
2201 3243 2352 3286 cum
2381 3243 2460 3285 ex

257 3328 400 3412 jugi
440 3328 623 3392 lactis
668 3349 789 3392 usu
828 3335 895 3393 et
938 3327 1169 3406 diaeta,
1200 3327 1608 3410 quantumvis
1635 3328 1744 3392 illa
1785 3328 1870 3390 sit
1913 3325 2114 3390 cruda
2140 3332 2334 3409 atque
2361 3325 2460 3387 in·

264 3431 486 3509 valida,
536 3431 794 3514 sanguis
845 3431 1096 3495 mollior
1130 3437 1197 3494 et
1238 3431 1522 3495 tenerior
1564 3431 1809 3510 evadat,
1857 3429 1910 3493 si
1955 3429 2212 3513 spiritus
2257 3428 2337 3492 ab
2383 3449 2460 3491 eo

266 3535 404 3598 nati
446 3535 747 3617 sanguini
794 3555 979 3617 pares
1036 3539 1295 3598 tantum
1354 3534 1502 3612 sint,
1562 3534 1716 3598 satis
1761 3534 1929 3598 bene
1977 3553 2044 3596 se
2093 3553 2196 3596 res
2240 3531 2459 3596 habet.

266 3638 423 3702 Non
480 3638 777 3703 omnibus
833 3646 1056 3702 tamen
1112 3637 1450 3720 contingit,
1500 3636 1975 3720 quantumlibet
2017 3657 2058 3698 a
2097 3635 2264 3699 lacte
2308 3634 2466 3698 alias
2485 3646 2570 3693 sed
2591 3662 2691 3694 non

260 3741 471 3825 juvari
504 3741 852 3824 potuerint,
898 3761 977 3804 ea
1011 3739 1419 3804 incommoda
1460 3759 1758 3822 superare
1801 3758 2003 3821 posse,
2037 3757 2200 3819 quae
2242 3734 2462 3820 primis
2485 3711 2721 3836 ζξξζξζζ

268 3843 402 3907 fere
449 3842 675 3906 diebus
720 3849 1033 3926 apportat,
1074 3841 1242 3924 quod
1286 3862 1519 3925 nempe
1558 3851 1699 3904 tum
1737 3842 1809 3904 in
1837 3840 2193 3904 ventriculo
2230 3860 2459 3921 eoagu-
2485 3837 2724 3886 convenit.

268 3948 457 4025 letur,
502 3953 645 4010 tum
684 3945 880 4009 etiam
922 3944 1161 4008 viribus
1204 3945 1483 4028 eorporis
1520 3945 1592 4008 in
1637 3951 1810 4008 statu
1845 3942 2296 4008 conservandis
2326 3963 2460 4005 sus-

268 4047 723 4132 tentandisque
752 4047 965 4110 minus
994 4045 1283 4111 sufficiat.

366 4152 575 4236 [116.]
629 4153 723 4216 At
752 4171 901 4215 vero
931 4149 1091 4214 nihil
1120 4170 1199 4212 ex
1228 4149 1527 4214 omnibus
1558 4169 1722 4232 quae
1751 4147 1910 4211 mihi
1936 4147 2250 4211 hactenus
2277 4145 2461 4208 inno-
2491 4151 2630 4200 Nihil
2654 4159 2727 4200 ta-

268 4265 471 4333 tuere,
501 4254 662 4318 adeo
704 4254 991 4336 impense
1032 4253 1413 4334 sanguinem
1458 4251 1842 4334 spiritusque
1885 4250 2056 4314 fovet
2101 4250 2461 4332 firmatque,
2487 4218 2742 4343 {¹³¹1}ssoe

272 4380 344 4421 ac
368 4359 477 4420 diu
508 4358 911 4440 multumque
942 4355 1205 4438 singulis
1228 4355 1361 4418 fere
1386 4355 1611 4418 diebus
1635 4376 1798 4436 equo
1820 4353 2034 4417 vehim.
2098 4353 2264 4416 Cum
2288 4353 2463 4416 enim
2489 4359 2775 4407 sangumem

656 4493 689 4515 ¹³
726 4485 798 4534 Cf.
830 4487 1013 4532 observ·
1039 4485 1160 4533 Med.
1187 4484 1249 4531 iv.
1277 4483 1319 4534 7.
1351 4485 1409 4530 10
1432 4499 1527 4545 sq.;
1574 4484 1724 4531 Trart.
1753 4485 1788 4530 1.
1817 4485 1868 4543 ᾗς
1895 4485 1971 4538 38,
1998 4484 2072 4530 56.
