3138 5006
1051 271 1582 338 TRACTATUS
1629 274 1685 337 Ι.
2243 264 2265 309 9
2339 278 2464 339 411

264 439 463 516 atque
498 432 726 503 horror
763 432 1121 516 recedunt,)
1166 432 1361 516 idque
1402 432 1475 503 in
1513 432 1802 515 singulas
1839 433 2050 512 horas,
2081 433 2286 499 donec
2322 442 2468 499 tan-
2512 455 2596 505 Da
2621 456 2759 507 Pon-

264 528 415 599 dem
464 535 587 599 sub
645 541 904 605 noctem
954 534 1037 599 ad
1096 536 1341 619 apicem
1390 534 1774 619 pervenerit,
1829 556 1897 617 se
1955 534 2038 599 ad
2088 536 2466 605 varietatem

263 638 686 704 ossiculorum
734 639 895 706 tarsi
943 642 1010 702 et
1058 637 1411 716 metatarsi,
1466 658 1743 721 quorum
1791 637 2146 720 ligamenta
2195 638 2465 719 obsidet,

260 741 543 825 perbelle
587 740 1111 819 accommodans,
1155 761 1333 807 nunc
1370 740 1732 809 tensionem
1774 740 2124 805 violentam
2159 740 2263 805 vel
2303 741 2464 825 liga-

262 851 633 911 mentorum
675 843 948 915 istorum,
992 843 1533 922 dilacerationem,
1579 862 1757 907 nunc
1807 864 2096 915 morsum
2141 843 2318 910 canis
2360 865 2464 908 ro-

262 948 501 1027 dentis,
550 946 933 1029 quandoque
982 967 1348 1030 pressuram
1379 953 1445 1013 et
1476 945 2000 1027 coarctationem,
2054 948 2460 1031 exprimens:

262 1050 349 1121 ad
376 1050 554 1127 haec,
584 1048 680 1113 ita
707 1048 923 1113 vivum
952 1048 1471 1133 exquisitumque
1503 1047 1704 1116 habet
1743 1070 2006 1115 sensum
2035 1070 2183 1133 pars
2214 1049 2464 1129 affecta,

260 1157 339 1215 ut
368 1172 490 1218 nec
518 1150 867 1218 linteorum
889 1151 1632 1236 super-incumbentium
1661 1151 1933 1235 pondus,
1964 1172 2087 1218 nec
2125 1151 2408 1217 cubiculi
2429 1174 2469 1217 a

262 1254 511 1322 fortiori
550 1253 989 1325 ambulatione
1018 1254 1525 1333 concussionem,
1556 1253 1722 1321 ferre
1747 1254 1978 1321 valeat.
2065 1254 2286 1338 Atque
2313 1254 2468 1321 hinc

261 1358 359 1436 fit,
403 1363 480 1421 ut
526 1379 658 1424 nox
701 1378 837 1422 non
878 1364 1143 1423 tantum
1187 1357 1260 1420 in
1310 1356 1602 1422 cruciatu
1646 1357 2062 1439 transigatur,
2109 1358 2224 1421 sed
2269 1357 2467 1424 etiam

260 1480 417 1527 cum
456 1459 805 1543 irrequieta
845 1460 1048 1543 partis
1092 1459 1361 1523 affectae
1402 1459 1525 1526 hac
1566 1458 1716 1525 illac
1757 1459 2098 1539 rotatione,
2145 1466 2212 1525 et
2255 1466 2466 1527 muta-

258 1562 441 1631 tione
482 1562 645 1631 situs
675 1562 857 1645 quasi
884 1568 1213 1646 perpetua.
1303 1562 1537 1646 Neque
1575 1562 1788 1627 minor
1817 1568 1916 1627 est
1945 1562 2148 1637 totius
2188 1564 2467 1647 corporis

254 1664 528 1749 jactatio
576 1665 924 1743 incessam,
969 1684 1134 1748 quse
1184 1685 1436 1747 semper
1478 1685 1952 1748 paroxysmum,
1999 1664 2276 1732 maxime
2318 1686 2468 1739 vero

266 1767 700 1847 accedentem,
731 1767 1095 1847 comitatur,
1127 1788 1323 1851 quam
1350 1767 1511 1835 torti
1549 1766 1826 1837 membri
1866 1766 2134 1851 agitatio
2169 1775 2236 1834 et
2265 1768 2464 1841 dolor.

268 1870 449 1937 Hinc
492 1869 691 1935 etiam
732 1870 909 1938 mille
952 1869 1313 1949 conamina,
1355 1869 1519 1936 situs
1563 1877 1708 1939 tum
1751 1869 1954 1954 ipsius
1998 1869 2278 1953 corporis
2322 1877 2468 1935 tum

262 1972 540 2041 membri
577 1972 792 2039 affecti
828 1974 1191 2039 mutatione
1236 1972 1511 2051 assidua,
1542 1972 1778 2040 doloris
1821 1972 2222 2039 sedationem
2257 1972 2468 2041 incas-

262 2097 410 2141 sum
448 2076 863 2143 exambiunt:
910 2096 1075 2159 quae
1104 2080 1328 2141 tamen
1368 2096 1505 2143 non
1547 2075 1871 2158 contingit
1909 2080 2064 2139 ante
2101 2076 2329 2143 horam
2372 2096 2468 2145 se-

262 2178 547 2247 cundam
596 2178 935 2244 tertiamve
978 2177 1391 2257 matutinam,
1446 2178 1740 2262 (decurso
1780 2178 2021 2243 scilicet
2062 2177 2470 2263 nycthemeri

260 2282 470 2363 spatio
509 2302 549 2345 a
589 2280 799 2379 primo
842 2280 1117 2365 appulsu
1159 2280 1567 2364 paroxysmi)
1606 2300 1733 2364 quo
1761 2286 2050 2363 tempore
2093 2300 2286 2365 aeger
2321 2286 2468 2362 post

261 2383 571 2451 materiae
612 2383 937 2467 peccantis
978 2382 1299 2449 modicam
1329 2382 1758 2465 digestionem
1797 2388 1864 2450 et
1905 2382 2325 2447 difflationem
2353 2382 2468 2449 ali-

264 2486 522 2570 qualem
552 2486 766 2554 subito
796 2509 837 2554 a
864 2485 1082 2555 dolore
1119 2486 1430 2570 respirat,
1472 2486 1626 2553 licet
1663 2486 1834 2558 hanc
1872 2485 1981 2554 ille
2019 2484 2469 2553 liberationem

262 2589 377 2654 isti
424 2588 703 2657 membri
753 2589 968 2658 affecti
1016 2589 1343 2675 positurae
1387 2611 1516 2672 qua
1564 2595 1889 2674 postremo
1933 2610 2092 2654 usus
2141 2595 2300 2668 erat,
2345 2590 2467 2654 im-

263 2691 498 2757 merito
532 2698 861 2776 acceptam
896 2693 1152 2759 referat.
1246 2692 1288 2754 J
1290 2713 1397 2760 am
1435 2692 1569 2756 leni
1607 2693 1871 2760 madore
1904 2693 2200 2775 perfusus
2240 2691 2466 2758 somno

265 2793 583 2874 concedit,
614 2817 655 2860 a
682 2815 810 2878 quo
852 2793 1181 2878 evigilans,
1224 2795 1443 2862 dolore
1483 2795 1770 2861 multum
1811 2794 2179 2874 imminuto,
2213 2800 2466 2878 partem

264 2897 565 2964 affectam
622 2904 877 2963 tumore
934 2902 1227 2962 recenter
1284 2903 1665 2980 occupatam
1721 2897 1971 2971 cernit;
2046 2917 2197 2960 cum
2256 2897 2465 2961 solum

264 2999 539 3066 antehac
573 2999 771 3084 (quod
798 3000 870 3064 in
898 2999 1199 3066 omnibus
1228 2999 1730 3083 Podagricorum
1769 2997 2164 3082 paroxysmis
2200 2998 2466 3063 solonne

264 3104 407 3185 est‚)
442 3101 758 3184 insignior
794 3101 1296 3170 intumescentia
1322 3122 1634 3172 venarum
1673 3100 1965 3168 membro
1993 3106 2222 3168 vexato
2263 3100 2463 3166 inter-

262 3211 589 3271 textarum
640 3225 709 3270 se
756 3204 829 3268 in
880 3210 1296 3287 conspectum
1346 3203 1633 3274 dederat.
1743 3203 2068 3287 Sequente
2120 3202 2245 3281 die,
2296 3202 2464 3267 forte

262 3307 459 3376 etiam
490 3307 571 3373 ad
600 3307 875 3373 biduum
902 3307 1291 3385 triduumve,
1316 3307 1371 3373 si
1398 3307 1671 3376 materia
1699 3307 2030 3388 Podagrae
2059 3305 2464 3388 generandae

264 3416 417 3494 apta
442 3409 639 3478 fuerit
666 3409 1000 3492 copiosior,
1032 3409 1207 3477 dolet
1241 3409 1543 3476 nonnihil
1579 3430 1726 3493 pars
1767 3408 2016 3488 affecta,
2045 3408 2240 3492 idque
2275 3407 2462 3478 vehe-

262 3513 547 3590 mentius
598 3511 703 3579 die
743 3513 885 3596 jam
934 3511 1517 3594 advesperascente,
1564 3511 1814 3576 levatur
1864 3519 2085 3580 autem
2135 3509 2256 3574 sub
2309 3509 2464 3594 galli

2561 535 2720 570 AGRA.

260 3621 480 3680 cantu.
572 3614 763 3683 Intra
798 3635 1036 3698 paucos
1072 3614 1227 3694 dies,
1262 3613 1425 3680 alter
1457 3634 1572 3730 pes
1607 3613 1835 3678 eodem
1869 3613 2087 3680 dolore
2125 3618 2464 3696 torquetur
2489 3631 2638 3680 Nune
2651 3630 2748 3688 hie,

264 3739 393 3800 quo
422 3718 479 3780 is
509 3717 621 3800 qui
646 3715 823 3800 prior
852 3716 1097 3794 doluit3
1141 3717 1261 3794 vel,
1294 3716 1350 3780 si
1391 3716 1565 3800 prior
1593 3715 1718 3782 iste
1752 3716 1892 3800 jam
1921 3715 2136 3780 dolere
2181 3714 2460 3792 desierit,

2485 3711 2618 3746 nune
2639 3695 2713 3742 illi
2695 3665 2748 3744 ic

2439 3759 2754 3824 ’tragoedias

264 3819 564 3890 debilitas
609 3839 775 3902 quae
818 3839 967 3882 eum
1010 3818 1466 3897 infirmaverat,
1494 3839 1648 3884 mox
1687 3818 2028 3896 evanescit,
2055 3823 2194 3880 tam
2220 3815 2462 3882 viribus
2486 3827 2678 3875 excitat.

266 3942 461 4004 quam
488 3921 746 4003 integra
783 3920 1061 3984 sanitate
1102 3921 1213 3984 isti
1254 3921 1405 4004 pedi
1449 3922 1670 3985 statim
1711 3920 2050 3998 restitutiS,
2078 3917 2345 4002 perinde
2389 3939 2464 3982 ac

262 4043 603 4106 nunquam
645 4021 1063 4100 laboraverat,
1096 4022 1150 4086 si
1186 4021 1379 4088 modo
1419 4021 1600 4087 dolor
1635 4021 1866 4106 pedem
1899 4040 2108 4104 nuper
2135 4025 2464 4084 tentatum

262 4125 536 4190 ferocius
582 4124 889 4191 lancinet.
980 4123 1423 4190 Nihilominus
1470 4124 1728 4189 easdem
1773 4123 1881 4186 hic
1927 4120 2164 4186 excitat
2210 4125 2464 4202 tragoe-

264 4228 403 4300 dias
442 4250 601 4312 quas
636 4228 816 4312 prius
854 4226 925 4290 in
965 4227 1167 4294 altero
1204 4227 1387 4312 pede,
1420 4235 1559 4292 tam
1599 4226 1811 4310 quoad
1847 4223 2082 4292 doloris
2124 4221 2464 4286 vehemen-

264 4332 443 4412 tiam,
498 4353 693 4417 quam
744 4331 1171 4398 durationem.
1281 4330 1688 4414 Quandoque
1740 4327 1936 4392 etiam
1985 4324 2206 4409 primis
2255 4323 2468 4388 morbi

269 4433 517 4514 diebus,
547 4455 697 4503 cum
726 4435 999 4502 materia
1039 4453 1313 4520 peccans
1358 4433 1518 4500 adeo
1557 4430 1868 4498 exuberat
1906 4435 1983 4496 ut
2022 4428 2082 4493 ei
2119 4426 2465 4514 capiendae
