3138 5006
663 317 794 383 592
1273 315 1665 381 ΤΗΟΜΑΕ
1713 314 2233 381 SYDENHAM

389 494 472 543 Dz
497 494 614 544 Lus
658 482 798 545 lum
823 478 1268 565 reprimendus
1297 486 1397 543 est
1423 476 1911 543 medicamentis
1939 475 2305 543 catharticis
2334 476 2541 541 donec
2568 477 2887 542 debitum

353 559 639 607 v⁸⁸⁸²⁸⁸⁰
660 584 936 669 gradum
965 583 1266 664 attingat.

587 688 590 693 ’
753 687 877 771 [5.]
935 684 1433 768 Quamprimum
1471 686 1905 767 symptomata
1938 681 2344 760 cessaverint,
2376 682 2595 745 statim
2624 682 2881 746 immu-

652 794 878 854 tentur
919 774 1253 851 indusium
1297 791 1363 850 et
1405 785 1535 850 tori
1576 784 1817 863 lintea,
1862 790 1933 848 at
1974 784 2107 849 sint
2150 804 2229 848 ea
2257 805 2422 867 quae
2462 785 2641 868 prius
2668 806 2875 849 usur-

653 897 809 975 pata
835 890 1098 954 fuerint.

754 980 876 1076 [6.]
935 991 1009 1055 Si
1059 990 1394 1055 diarrhoea
1439 988 1898 1072 supervenerit,
1952 988 2147 1073 (quod
2196 989 2575 1071 plerumque
2624 988 2875 1052 accidit

657 1101 1006 1179 antequam
1035 1094 1324 1157 salivatio
1349 1092 1519 1157 bene
1559 1092 1897 1175 assurgat,)
1932 1098 2092 1155 tunc
2122 1090 2406 1155 sistenda
2440 1086 2539 1154 est
2566 1112 2690 1153 usu
2714 1092 2871 1155 lau-

658 1196 813 1261 dani
846 1195 1094 1281 liquidi,
1124 1196 1220 1261 ita
1257 1195 1448 1259 dosin
1487 1193 1788 1277 augendo
1826 1198 2022 1278 atque
2060 1192 2410 1278 repetendo
2446 1199 2526 1257 ut
2562 1192 2867 1257 debitum

655 1320 818 1383 opus
845 1298 1152 1363 absolvat.

753 1400 880 1489 [⁷.]
893 1400 922 1441 ¹¹
971 1402 1042 1464 Si
1069 1422 1141 1466 os
1181 1400 1604 1480 exulceretur,
1634 1422 1803 1484 aqua
1838 1421 2130 1464 rosarum
2160 1399 2729 1478 Damascenarum,
2760 1398 2865 1461 vel

654 1504 836 1569 lacte
851 1525 1056 1589 aquae
1081 1504 1408 1587 permisto,
1438 1503 1540 1567 vel
1567 1503 1865 1587 sequenti
1894 1502 2177 1581 decocto,
2204 1502 2381 1565 idem
2414 1501 2733 1567 colluatur
2752 1526 2864 1563 :—

657 1638 861 1701 [Form.
889 1638 1040 1702 228]
1113 1636 1178 1707 R
1217 1638 1436 1693 Radicis
1459 1638 1739 1703 Althaeae,

1223 1724 1432 1779 Hordei
1451 1723 1719 1789 mundati,
1740 1737 1845 1777 ana
1866 1728 2085 1781 unciam
2107 1742 2291 1791 unam,

1103 1878 1110 1885 ·
1219 1809 1500 1865 Seminum
1525 1812 1885 1883 Cydoniorum
1908 1814 2287 1875 semiunciam

938 1896 1120 1966 Coque
1155 1895 1450 1951 sufficiente
1485 1899 1783 1967 quantitate
1817 1915 1987 1968 aquae
2017 1898 2085 1953 ad
2120 1899 2283 1952 libras
2317 1900 2475 1953 duas:
2524 1902 2719 1961 misce3
2766 1900 2861 1953 fiat

938 1984 1284 2053 gargan-ism,
1310 2000 1414 2053 quo
1437 1983 1649 2053 saepius
1672 1991 1869 2037 utatur.

350 2124 526 2201 Diaeta
546 2130 596 2173 et
755 2102 880 2191 [8.]
927 2104 1162 2168 Diaeta
1204 2110 1272 2168 et
1320 2104 1643 2189 reliquum
1688 2104 1867 2187 aegri
1906 2105 2199 2189 regimen
2252 2104 2479 2169 eadem
2520 2126 2597 2170 ac
2638 2106 2711 2169 in
2754 2128 2855 2171 ca-

350 2190 606 2266 ‘⁶¹¹‘1.¹²¹²¹¹¹.
656 2207 860 2271 tharsi
889 2206 1282 2293 imperanda,
1305 2206 1434 2270 nisi
1463 2208 1637 2292 quod
1662 2207 1887 2291 primis
1916 2207 2160 2289 aliquot
2182 2205 2409 2271 diebus
2438 2206 2685 2291 liquore
2711 2228 2855 2289 pos-

351 2269 484 2366 ῗιιθξὲ
505 2268 632 2316 regn-
658 2310 874 2389 setico,
899 2310 1169 2393 jusculis
1208 2310 1556 2389 avenaceis,
1586 2308 1974 2387 hordeaceis,
2004 2330 2079 2373 ac
2119 2309 2421 2374 cerevisia
2456 2309 2645 2374 tenui
2678 2316 2857 2393 tepe-

657 2412 846 2491 facta,
877 2412 1226 2477 nutriatur.

745 2513 873 2602 [9.]
925 2515 1048 2580 His
1079 2515 1379 2579 omnibus
1400 2516 1524 2580 rite
1551 2517 1847 2600 peractis,
1876 2516 2151 2600 (etiamsi
2180 2523 2615 2601 symptomata
2640 2517 2859 2580 omnia

651 2617 1046 2698 evanuerint,
1089 2619 1162 2682 ac
1209 2617 1484 2682 subinde
1530 2617 1795 2682 morbus
1840 2618 2099 2702 penitus
2144 2617 2469 2702 profligari
2515 2615 2853 2698 videatur,)

653 2742 780 2804 quo
831 2723 1046 2785 minus
1092 2721 1435 2786 recidivam
1493 2721 1890 2804 postliminio
1940 2721 2247 2804 patiatur,
2296 2742 2489 2804 aegro
2538 2720 2736 2784 semel
2788 2721 2859 2783 in

655 2824 1013 2905 septimana
1039 2845 1154 2908 per
1183 2831 1458 2909 quatuor
1485 2825 1587 2889 vel
1618 2845 1729 2889 sex
1756 2825 1923 2888 vices
1961 2824 2263 2888 mercurii
2292 2822 2497 2887 dulcis
2520 2822 2857 2904 scrupulus

651 2947 823 2992 unus
875 2926 1293 3007 exhibendus,
1329 2935 1661 3012 utcunque
1708 2926 1875 2992 bene
1922 2948 1991 2991 se
2036 2927 2292 3005 habeat,
2328 2933 2395 2990 et
2434 2925 2688 2990 etiamsi
2718 2926 2859 3008 jam

653 3027 846 3094 domo
875 3028 1260 3112 egrediatur.

1461 3217 1655 3282 CAP.
1702 3216 2046 3282 XXXVI}

1475 3379 1575 3443 De
1602 3381 1827 3444 fluore
1854 3379 2036 3444 Albo.

353 3517 514 3594 Mqrb}
536 3517 618 3565 de·
747 3511 948 3577 QUOD
993 3515 1215 3594 effluit,
1245 3516 1437 3580 modo
1481 3516 1723 3596 album,
1754 3516 1945 3581 modo
1986 3515 2319 3600 pallidum,
2350 3517 2605 3596 flavum,
2636 3517 2861 3596 viride,

348 3588 560 3646 scnptm.
659 3620 773 3680 aut
803 3614 1223 3700 subnigram,
1269 3618 1462 3683 modo
1492 3640 1636 3684 acre
1666 3627 1733 3683 et
1761 3617 2067 3698 erodens3
2110 3626 2354 3683 tetrum
2377 3617 2763 3702 quandoque
2791 3629 2865 3684 et

659 3717 1050 3801 graveolens.
1115 3720 1538 3785 Decoloratur
1565 3721 1799 3802 facies3
1836 3720 2009 3787 dolet
2039 3722 2226 3805 spina
2253 3721 2461 3800 dorsi3
2506 3721 2863 3805 prosterni-

657 3825 768 3883 tur
797 3821 1202 3904 appetentia3
1233 3823 1402 3886 oculi
1428 3823 1751 3906 pedesque
1783 3823 2227 3888 intumescunt
2236 3821 2286 3887 ⁸.

352 3943 612 3992 Cum-rio.
755 3925 876 4010 [2.]
933 3925 1246 3990 Mittatur
1275 3927 1535 4011 sanguis
1565 3949 1603 3992 e
1628 3927 1895 3993 brachio
1925 3927 2007 3992 ad
2036 3928 2260 3992 uncias
2290 3933 2456 3992 octo.

661 4060 866 4125 [For-m.
893 4061 1068 4125 229.]ι
1111 4059 1174 4128 R
1215 4061 1515 4116 Pilularum
1539 4063 1859 4118 Cochiarum
1884 4062 2157 4133 Majorum
2183 4063 2453 4134 scrupulos
2478 4063 2631 4126 duos,

1218 4149 1456 4205 Castorei
1480 4168 1649 4221 grana
1670 4150 1795 4217 duo,

1226 4237 1463 4291 Balsami
1489 4238 1777 4292 Peruviani
1800 4249 1983 4310 guttas
2006 4248 2108 4294 tres
2129 4261 2142 4302 ;

721 4366 751 4404 ¹¹
787 4369 863 4416 Cf.
887 4372 997 4416 ibid.
1023 4372 1048 4431 ς
1074 4370 1136 4418 36
1161 4385 1231 4431 sq.
1800 4373 1983 4419 linteolo
2002 4379 2217 4432 exceptae
2238 4379 2285 4418 et
2306 4386 2487 4418 mann
2508 4373 2749 4418 edu-atae
2770 4373 2865 4418 ltn-

721 4429 736 4467 1
773 4433 848 4482 Cf.
874 4435 1024 4493 Epist.
1049 4435 1265 4494 Remoru-
1291 4435 1331 4483 1.
1357 4437 1381 4492 ς
1406 4437 1467 4482 35
1494 4449 1563 4497 sq.
1800 4452 1965 4483 morem
1988 4439 2198 4484 ostendit.

719 4495 742 4526 ¹¹
777 4497 965 4558 intuma]
993 4497 1118 4545 Add-
1135 4499 1208 4546 ed.
1229 4501 1324 4556 ’93,
1351 4499 1484 4546 G'olor
1505 4501 1714 4548 colluviei
1866 4495 1879 4532 ¹
1916 4500 1997 4546 Cf.
2022 4500 2213 4548 formm.
2238 4499 2317 4556 74,
2346 4499 2453 4547 132.
