3138 5006
574 227 1366 294 OBSERVATIONUM
1410 229 1984 294 MEDICARUM
2031 232 2128 295 IV.
2166 245 2216 292 3.
2369 234 2496 299 1⁷3

285 393 531 467 coctae,
564 410 685 473 pro
722 395 883 473 potu
926 390 1247 454 ordinario
1284 389 1517 474 frigide
1560 390 2073 456 assumebantur,
2163 393 2499 458 Panatella
2545 409 2786 461 Duum-2

283 492 451 556 item
470 513 943 576 nonnunquam
962 493 1357 572 vescebatur,
1373 515 1842 577 nonnunquam
1865 495 2117 577 jusculo
2139 516 2176 558 e
2197 495 2496 562 carnibus
2523 474 2802 592 Αἶξζῇξέω

284 594 499 658 ovinis
534 595 1102 660 macilentioribus.
1196 594 1701 660 Grandaeviores
1729 596 1966 660 lectulo
1999 598 2207 680 magis
2243 597 2494 677 addim
2525 628 2594 676 m
2617 577 2771 679 ὡ

288 721 529 782 aquam
546 701 709 763 -item
740 700 1094 764 cardiacam
1122 701 1250 764 illis
1276 700 1659 765 familiarem
1687 701 2013 766 liberalius
2041 703 2282 767 indulsi
2306 725 2497 787 quam
2521 692 2702 770 lectulo

286 801 651 865 infantibus
690 809 803 865 aut
840 802 1205 885 junioribus
1246 823 1365 886 par
1402 809 1559 866 erat.
1647 803 1947 867 Laudata
1979 804 2324 868 methodus
2361 827 2496 869 om·
2521 761 2788 872 ἓξὲξ-

287 904 505 984 nibus,
538 926 703 988 quae
727 904 894 968 mihi
919 905 1234 970 hactenus
1268 907 1630 985 innotuere,
1659 906 1730 970 in
1765 906 1889 971 hoc
1925 907 2152 971 morbo
2181 908 2498 972 vincendo

286 1005 479 1070 facile
506 1007 791 1091 palmam
827 1008 1201 1091 praeripuit,
1234 1008 1345 1092 qui
1380 1029 1642 1092 perraro
1671 1009 1843 1073 ultra
1869 1009 2131 1074 tertiam
2169 1012 2496 1094 purgatio-

286 1131 447 1174 nem
474 1111 747 1176 duravit.
1366 1114 1371 1122 '
2495 1169 2500 1174 .

389 1213 455 1297 [1
468 1214 557 1298 1.]
615 1215 809 1281 Quod
838 1215 893 1278 si
920 1215 1184 1280 morbus
1212 1216 1626 1313 praess'ractior
1653 1216 1756 1280 his
1785 1237 1918 1280 non
1947 1216 2222 1296 cederet,
2249 1217 2495 1282 dictum
2523 1237 2585 1286 In
2605 1241 2777 1290 morbo

286 1317 738 1400 paregoricum
794 1337 989 1401 aegro
1046 1317 1309 1381 exhibui
1368 1319 1638 1402 singulis
1687 1317 1933 1397 diebus,
1983 1339 2174 1382 mane
2225 1327 2291 1382 et
2334 1319 2497 1383 hora
2518 1311 2770 1381 cpnquma-

292 1417 525 1496 somni,
553 1417 761 1482 donec
798 1421 1064 1484 omnino
1098 1419 1601 1498 convalesceret3
1643 1421 1814 1485 imo,-
1843 1442 1970 1504 quo
2009 1421 2245 1485 certius
2285 1421 2496 1486 adhuc
2519 1384 2797 1494 ἓξὲοιξέθ-

288 1520 399 1584 hic
442 1521 712 1585 affectus
755 1521 1061 1586 debellari
1097 1529 1415 1606 potuerat,
1445 1521 1800 1587 laudanum
1837 1523 2238 1606 praedictum
2273 1530 2496 1588 octava
2518 1498 2728 1610 ffissffissm

293 1645 548 1707 quaque
580 1623 741 1688 hora
776 1622 866 1708 (id
896 1631 1013 1704 est,
1043 1631 1146 1688 ter
1185 1625 1391 1707 spatio
1430 1624 1559 1689 diei
1589 1626 1944 1709 naturalis,)
1978 1626 2318 1709 propinare
2360 1647 2496 1690 non
2521 1640 2665 1674 mane
2685 1597 2735 1675 ἑὲ

292 1726 625 1806 dubitavi3
669 1725 863 1810 idque
901 1727 974 1789 in
1006 1727 1248 1810 majore
1278 1725 1417 1790 dosi
1454 1749 1650 1810 quam
1690 1749 1882 1810 supra
1923 1728 2234 1806 recensui,
2264 1748 2496 1811 nempe
2521 1692 2751 1816 :{{ffl.

292 1829 377 1892 ad
408 1835 629 1912 guttas
675 1829 957 1913 quinque
997 1836 1063 1894 et
1092 1829 1344 1912 viginti,
1384 1828 1440 1891 si
1477 1829 1652 1913 prior
1689 1829 1859 1894 dosis
1897 1829 2100 1892 fluxui
2139 1829 2496 1895 cohibendo
2519 1834 2607 1866 ¹¹⁸⁸
2620 1819 2806 1882 ⁸¹⁵q¹¹⁰t

290 1931 470 1995 haud
518 1953 638 2015 par
692 1931 921 1995 fuerat.
1016 1930 1291 2016 Insuper
1340 1952 1569 1996 enema
1627 1954 1706 1996 ex
1755 1932 1940 1996 lactis
1984 1932 2282 1997 vaccinae
2332 1931 2498 1996 libra
2519 1889 2793 2024 ἓξᾙὲξη

292 2034 579 2115 dimidia,
620 2046 685 2100 et
722 2034 1007 2100 theriaca
1041 2035 1481 2100 Andromachi
1520 2033 1940 2120 sesquiuncia,
1972 2033 2242 2118 singulis
2271 2034 2498 2100 diebus
2518 2012 2750 2062 exhibea.

291 2137 717 2222 injiciendum
746 2137 979 2218 curavi,
1014 2138 1185 2222 quod
1222 2137 1483 2222 quidem
1511 2137 1582 2202 in
1621 2136 2108 2221 quibuscunque
2137 2137 2260 2201 alvi
2289 2138 2498 2222 dejec-

290 2241 581 2307 tionibus
630 2241 795 2306 mire
842 2241 1111 2308 confert.
1202 2241 1347 2305 Nec
1402 2241 1505 2305 vel
1552 2239 1898 2304 minimum
1950 2239 2209 2322 quidem
2253 2239 2498 2304 incom-

290 2342 472 2406 modi
502 2365 541 2406 a
576 2349 715 2406 tam
740 2343 1067 2426 frequenti
1094 2343 1549 2408 medicamenti
1587 2342 1896 2408 narcotici
1923 2341 2307 2426 repetitione
2335 2341 2497 2405 mihi

292 2445 507 2510 adhuc
535 2445 750 2511 videre
776 2445 1075 2531 contigit,
1104 2445 1599 2531 (quantamlibet
1629 2467 1866 2511 noxam
1893 2444 2047 2509 inde
2077 2451 2496 2529 sequuturam

291 2548 867 2613 comminiscantur
894 2549 1253 2634 inexperti,)
1287 2549 1438 2613 licet
1474 2550 1691 2633 plures
1718 2548 2005 2613 noverim
2034 2547 2144 2633 qui
2171 2547 2243 2611 in
2269 2546 2496 2613 morbo

292 2650 759 2717 contumaciori
797 2652 971 2716 idem
1000 2652 1082 2715 ad
1116 2652 1505 2735 septimanas
1527 2650 1784 2735 ,aliquot
1827 2649 2166 2715 continuas
2211 2648 2497 2732 quotidie

291 2754 763 2838 usurpaverint.
884 2753 1053 2819 Hic²
1112 2762 1331 2819 autem
1389 2753 1871 2818 admonendum
1935 2752 2107 2836 quod
2163 2771 2313 2815 cum
2371 2750 2494 2815 aivi
2522 2768 2722 2845 eug-atio

292 2858 505 2921 fluxus
534 2857 619 2920 ad
640 2856 1043 2921 diarrhoeam
1070 2864 1333 2921 tantum
1354 2863 1668 2939 assurgat,
1689 2855 1844 2919 satis
1873 2854 1997 2919 erit
2027 2860 2101 2917 ut
2137 2852 2494 2936 (phleboto-
2519 2832 2802 2944 :ffissffu‘

292 2960 427 3023 mia
455 2980 531 3023 ac
566 2959 843 3022 cathal-si
882 2958 1131 3023 fortiori
1168 2958 1447 3041 omissa,)
1481 2957 1946 3022 rhabarbarum
1985 2956 2194 3020 solum
2225 2953 2495 3037 singulis
2520 2961 2717 3009 rhoeam

290 3061 635 3126 matutinis
666 3061 1062 3142 exhibeatur,
1092 3083 1326 3147 nempe
1363 3062 1654 3146 ejusdem
1687 3059 2002 3144 pulverati
2032 3057 2497 3122 semidrachma
2518 3032 2806 3153 ffgefftff'

296 3166 469 3249 (plus
512 3164 729 3229 minus
779 3186 895 3249 pro
940 3163 1116 3248 aegri
1158 3164 1391 3227 virium
1434 3162 1727 3245 ratione,)
1764 3161 1832 3225 in
1875 3161 2099 3226 bolum
2144 3158 2496 3225 sufficiente

290 3268 657 3351 quantitate
686 3267 1021 3331 diascordii
1060 3266 1463 3345 concinnata,
1496 3265 1791 3330 addendo
1821 3262 1944 3328 olei
1974 3262 2248 3347 chymici
2275 3262 2496 3326 cinna·-

291 3369 495 3435 momi
514 3378 733 3453 guttas
756 3370 915 3433 duas
924 3396 943 3447 3
987 3368 1288 3433 noctibus
1308 3376 1526 3433 autem
1547 3366 2034 3452 insequentibus
2055 3363 2495 3449 paregoricum

293 3496 373 3538 ex
414 3494 619 3558 aquae
658 3471 1053 3538 cinnamomi
1079 3472 1426 3536 hordeatae
1466 3471 1656 3535 uncia
1687 3492 1835 3549 una,
1865 3477 1932 3534 et
1968 3468 2232 3533 laudani
2268 3467 2496 3551 liquidi

294 3576 501 3660 guttis
532 3574 1051 3660 quatuordecim3
1098 3574 1377 3639 diaetam
1400 3573 1675 3638 interim
1705 3572 2098 3638 observando
2134 3570 2387 3654 qualem
2426 3570 2497 3633 in

294 3677 629 3743 curatione
674 3676 1099 3762 Dysenteriae
1144 3697 1335 3759 supra
1378 3675 1700 3758 descripsi,
1746 3683 1939 3757 atque
1983 3672 2180 3737 etiam
2227 3671 2497 3755 singulis

292 3781 543 3859 diebus,
574 3780 628 3843 si
669 3802 828 3863 opus
856 3779 1072 3858 fuerit,
1103 3778 1445 3862 clysterem
1482 3776 1830 3860 injiciendo
1858 3776 2103 3841 ibidem
2137 3775 2492 3840 laudatum.

290 3883 429 3947 Sed
456 3883 581 3947 hoc
612 3882 838 3946 obiter.

391 3985 557 4069 [12.]
616 3986 712 4049 Ut
756 3983 949 4048 unica
986 3982 1299 4048 instantia
1346 3984 1580 4066 (neque
1620 3981 1796 4046 enim
1837 3980 2129 4065 pluribus
2173 3979 2494 4044 convales-

290 4093 582 4159 centium
621 4092 949 4176 exempIiS,
981 4092 1161 4156 nulla
1189 4099 1459 4175 cogente
1488 4090 1891 4168 necessitate,
1920 4088 2181 4153 Lectori
2207 4086 2496 4151 taedium

290 4195 566 4280 creabo,)
631 4195 1013 4260 methodum
1073 4197 1210 4279 jam
1270 4216 1311 4258 a
1365 4216 1471 4259 me
1527 4192 1922 4278 propositam
1979 4189 2494 4256 commendatam

426 4430 449 4461 5
484 4415 835 4481 imo-confert]
860 4433 955 4465 om.
979 4418 1053 4465 ed.
1076 4418 1169 4467 ’76.
1635 4429 1656 4453 ⁸
1691 4414 2022 4478 Hic—obiter]
2048 4430 2144 4461 om.
2168 4412 2240 4461 ed.
2267 4412 2362 4463 ’76.
