3138 5006
666 283 796 346 208
1003 331 1006 336 .
1290 283 1681 364 THQMAE
1729 281 2249 348 SYDENHAM

409 464 609 512 Funus
675 469 857 510 mum
892 447 1152 531 signum
1195 455 1353 527 erat,
1387 448 1557 532 quod
1586 447 1715 512 cibi
1743 455 1856 512 aut
1898 453 2090 530 potus
2120 466 2326 530 genus
2370 443 2627 528 aliquod
2660 445 2876 509 insue-

365 530 644 642 Ῐξιζᾞξῇ
673 555 818 612 tum
858 556 973 613 aut
1002 551 1355 615 absurdum
1386 552 1723 634 deperiret.
1815 550 2333 616 Convalescentis
2377 555 2590 633 caput,
2622 549 2704 612 ad
2740 549 2879 614 dies

405 661 418 682 '
457 661 610 709 3³⁷⁵·
675 657 917 739 aliquot
970 657 1177 723 debile
1229 667 1420 743 atque
1478 659 1829 738 infirmum,
1878 679 2055 722 nunc
2106 675 2331 721 versus
2388 655 2558 720 hanc
2604 663 2875 739 partem,

365 763 529 860 ‘³223
537 811 636 860 dis·
671 780 850 825 nunc
883 760 1082 838 illam,
1112 760 1422 838 nutabat;
1469 761 1719 843 aliaque
1763 761 2031 825 aderant
2061 762 2264 843 signa,
2298 780 2459 843 quae
2499 765 2690 842 caput
2732 759 2877 842 plu-

364 828 513 953 ggssit
534 891 630 939 quo
671 862 838 926 rima
878 861 1076 927 fuisse
1117 885 1376 947 passum
1419 863 1853 927 ostenderent.
1944 863 2035 926 At
2080 884 2207 946 quo
2246 883 2439 946 passu
2482 862 2647 925 vires
2688 862 2875 924 resti-

365 957 649 1069 }{ffissffi
672 963 1043 1042 tuebantur,
1075 985 1152 1028 eo
1181 963 1320 1046 ipso
1349 963 1638 1027 discessit
1670 963 1917 1028 dictum
1947 971 2329 1049 symptoma.

769 1065 890 1149 [5.]
947 1065 1352 1149 Quandoque
1403 1088 1538 1130 non
1596 1074 1733 1130 tam
1778 1067 2163 1131 dormitabat
2224 1087 2414 1148 aeger
2458 1087 2652 1148 quam
2695 1073 2876 1129 tran-

670 1169 866 1251 quille
931 1169 1261 1248 delirabat,
1321 1169 1681 1252 incongrua
1750 1178 1971 1234 tamen
2030 1169 2303 1233 subinde
2374 1169 2695 1246 effutiens,
2754 1190 2879 1233 ceu

669 1269 874 1332 iratus
905 1291 978 1334 ac
1017 1277 1236 1334 mente
1265 1278 1515 1335 motus:
1564 1278 1631 1334 at
1661 1293 1796 1335 non
1836 1293 1911 1335 eo
1940 1271 2503 1336 excandescentiae
2544 1278 2610 1335 et
2638 1271 2875 1335 furoris

675 1374 1081 1452 ascendebat,
1126 1398 1253 1458 quo
1293 1376 1500 1440 solent
1546 1376 1594 1439 ii
1632 1376 1743 1460 qui
1788 1398 1827 1439 a
1870 1375 2123 1439 variolis
2164 1380 2358 1458 atque
2404 1373 2545 1437 aliis
2588 1373 2876 1437 febribus

671 1475 1028 1558 phrenetici
1069 1477 1273 1555 fiunt3
1319 1499 1358 1541 a
1406 1478 1637 1561 quibus
1675 1478 1782 1542 hic
1824 1477 1895 1541 in
1936 1498 2012 1540 eo
2051 1477 2247 1540 etiam
2292 1473 2873 1554 discriminabatur,

677 1578 848 1660 quod
883 1599 999 1661 per
1032 1577 1367 1644 intervalla
1405 1580 1677 1664 abrupte
1722 1578 2099 1658 dormiebat,
2130 1577 2442 1642 stertebat
2486 1579 2685 1642 etiam
2725 1599 2873 1662 pro-

673 1678 957 1742 fundius.
1047 1679 1332 1759 Adhaec,
1365 1703 1498 1745 non
1525 1683 1622 1746 ita
1650 1690 1787 1748 erat
1823 1690 2084 1746 acutum
2115 1682 2237 1745 hoc
2277 1687 2641 1764 symptoma
2678 1688 2875 1763 atque

673 1781 855 1863 illud,
887 1783 998 1848 sed
1027 1791 1163 1847 erat
1193 1783 1581 1846 diuturnius.
1671 1783 1895 1847 Pueris
1926 1783 2120 1846 etiam
2148 1781 2272 1845 hoc
2299 1781 2678 1864 plerumque
2709 1781 2873 1844 acci-

676 1882 888 1962 debat,
921 1891 1035 1948 aut
1063 1883 1142 1947 iis
1174 1884 1282 1967 qui
1307 1883 1603 1947 nondum
1648 1883 2077 1960 adoleverunt,
2108 1883 2269 1946 illud
2306 1882 2541 1945 adultis
2570 1881 2871 1944 maxime.

369 1993 609 2070 Regnpdia
677 1983 762 2047 In
789 1985 1078 2066 utrisque
1107 2005 1255 2046 vero
1285 1984 1339 2046 si
1366 1983 1815 2065 ingererentur
1842 1984 2143 2048 calidiora
2168 1983 2469 2062 remedia,
2502 1989 2568 2046 et
2598 1982 2873 2047 solicita-

367 2058 638 2185 ξῗᾶῗζὲἷξο,
673 2093 902 2148 rentur
931 2085 1211 2163 sudores,
1241 2085 1486 2148 malum
1513 2085 1585 2148 in
1614 2093 1805 2170 caput
1820 2087 2005 2150 facile
2032 2085 2556 2164 transferebatur,
2588 2092 2654 2149 et
2684 2085 2874 2149 dictis

365 2187 514 2234 ‘050⁸
675 2187 1121 2270 symptomatis
1151 2208 1372 2249 ansam
1393 2187 1760 2271 praebebat.

368 2257 586 2362 32¹¹ssss
774 2288 895 2372 [6.]
951 2287 1086 2351 Ubi
1115 2310 1264 2353 vero
1304 2297 1667 2372 symptoma
1707 2290 1831 2354 hoc
1867 2311 1989 2354 nec
2018 2297 2245 2374 sponte
2289 2312 2407 2354 sua
2435 2289 2720 2367 accessit,
2748 2309 2875 2352 nec

363 2391 582 2491 ζξζὶω·
673 2389 1286 2455 medicamentorum
1335 2390 1399 2454 vi
1442 2398 1754 2470 coactum,
1798 2391 2061 2457 morbus
2101 2392 2277 2455 intra
2327 2391 2499 2455 diem
2550 2391 2875 2454 decimum

672 2499 975 2575 quartum
1047 2491 1516 2558 terminabatur
1588 2502 1663 2558 ut
1720 2494 2087 2578 plurimum,
2146 2516 2615 2579 nonnunquam
2672 2494 2871 2558 etiam

667 2596 843 2659 intra
869 2596 1138 2660 tertium
1166 2604 1562 2680 quai-tumve,
1596 2598 1767 2681 quod
1793 2597 2037 2661 factum
2064 2596 2216 2660 vidi.

768 2698 890 2783 [7.]
945 2700 1302 2777 Autumn0,
1337 2701 1528 2777 1675,
1565 2700 1663 2781 (ut
1692 2719 1884 2783 supra
1922 2700 2005 2782 [c.
2042 2700 2100 2761 1.
2136 2700 2172 2783 ᾧ
2206 2696 2297 2781 5.]
2344 2698 2720 2780 innuimus)
2751 2698 2871 2761 Fe-

669 2801 804 2865 bris
832 2802 991 2867 haec
1025 2824 1140 2886 per
1169 2802 1601 2886 dysenteriam
1640 2801 1764 2865 sibi
1797 2800 2019 2883 fugam
2048 2822 2368 2884 quaerere,
2399 2820 2869 2883 nonnunquam

673 2910 739 2967 et
785 2926 900 2987 per
947 2904 1364 2981 diarrhoeam,
1411 2902 1788 2967 affectabat:
1861 2902 2093 2965 harum
2162 2902 2475 2984 posterior
2528 2901 2871 2983 praecipue

673 3027 862 3091 saepe
906 3006 1302 3086 excurrebat,
1363 3012 1623 3089 stupore
1681 3004 1888 3069 adhuc
1952 3010 2275 3068 manente.
2366 3002 2661 3086 Utraque
2718 3025 2869 3068 vero

679 3108 1020 3189 (quantum
1049 3108 1344 3191 diligenti
1387 3108 1829 3172 observatione
1873 3106 2121 3190 assequi
2157 3106 2489 3189 poteram,)
2525 3104 2690 3167 nihil
2730 3114 2869 3167 erat

671 3208 846 3273 aliud
877 3232 1070 3293 quam
1100 3211 1322 3273 Febris
1352 3217 1729 3293 symptoma.

365 3327 624 3375 Cum-no.
767 3310 890 3395 [8.]
946 3310 1364 3375 Cui-ationem
1401 3312 1595 3394 hujus
1637 3310 1859 3374 Febris
1898 3312 2071 3393 quod
2108 3310 2379 3374 attinet:
2426 3308 2543 3372 sub
2584 3310 2867 3392 primum

667 3410 1026 3490 introitum,
1057 3433 1290 3495 nempe
1320 3413 1363 3476 .Ῐ
1363 3412 1515 3490 ulio,
1551 3414 1741 3490 1673,
1770 3419 1915 3475 tum
1955 3434 2033 3477 ex
2062 3413 2251 3478 variis
2288 3412 2747 3495 phaenomem's
2782 3412 2865 3474 ab

666 3511 808 3576 istis
837 3513 1032 3595 longe
1065 3513 1327 3578 diversis
1365 3536 1527 3597 quae
1563 3514 2049 3599 praecedentem
2080 3514 2570 3590 comitabantur,
2602 3520 2746 3575 tum
2785 3534 2865 3577 ex

363 3616 462 3665 Ubi
487 3618 584 3681 pri-
669 3634 746 3678 eo
788 3616 958 3698 quod
997 3614 1362 3681 catharticis
1400 3618 1616 3680 minus
1654 3623 1926 3700 pareret,
1962 3616 2193 3699 quibus
2230 3616 2591 3681 felicissime
2626 3614 2865 3679 Febres

357 3698 629 3795 ”ffssfflassssu‘
669 3737 892 3780 omnes
951 3719 1428 3781 constitutionis
1486 3740 1891 3802 praegressae
1958 3718 2329 3795 deviceram,
2386 3719 2603 3783 statim
2669 3718 2865 3781 didici

360 3811 554 3924 nffiffss
669 3818 940 3883 Febrem
982 3818 1152 3883 hanc
1194 3838 1330 3884 esse
1374 3821 1635 3884 alterius
1678 3821 1869 3903 plane
1911 3820 2226 3897 familiae3
2272 3826 2337 3883 et
2380 3820 2623 3884 diutius
2669 3840 2863 3902 quam

360 3940 640 4004 habuitepi-
667 3920 948 3984 solebam
993 3921 1166 3999 alias,
1203 3922 1277 3984 in
1327 3922 1465 4005 ejus
1509 3922 1717 4005 specie
1768 3922 2215 4004 investiganda
2261 3922 2624 4000 haerebam,
2666 3928 2732 3984 et
2783 3942 2861 3983 ex

359 4005 602 4131 ffssssffin
666 4023 1080 4107 consequenti
1111 4023 1337 4086 anxius
1374 4024 1751 4087 dubitabam
1786 4046 1977 4106 quem
2014 4024 2177 4087 mihi
2212 4024 2567 4088 curationis
2598 4044 2859 4105 scopum

355 4150 548 4195 κρονον,
665 4146 1104 4209 proponerem.
1183 4124 1332 4190 Quo
1361 4126 1536 4189 enim
1563 4133 1852 4209 tempore
1878 4126 2162 4209 primum
2190 4126 2401 4207 erupit
2428 4126 2589 4188 haec
2602 4122 2857 4209 Febris,

359 4199 618 4321 ζιέἒὲἒω
666 4228 920 4291 nullum
954 4227 1182 4293 habuit
1217 4228 1415 4291 alium
1461 4227 1887 4311 epidemicum
1934 4228 2055 4291 sibi
2092 4226 2465 4313 σύγχρονον,
2497 4227 2690 4309 cujux.
2712 4246 2856 4307 per-

358 4325 608 4404 difficilius
667 4338 885 4412 specto
929 4330 1118 4413 genio
1171 4329 1250 4393 de
1301 4330 1496 4414 hujus
1546 4337 1787 4393 natura
1826 4330 2163 4393 verisimile
2215 4327 2456 4410 aliquid
2499 4325 2855 4418 conjekpare

355 4400 622 4502 {ffiffifmt-
665 4451 953 4512 possem3
1001 4452 1147 4496 cum
1177 4432 1448 4497 variolae
1485 4432 1606 4513 (uti
1648 4433 1729 4515 [c.
1760 4435 1816 4496 1.
1856 4434 1891 4517 ᾧ
1926 4432 2015 4515 1.]
2056 4431 2232 4511 dixi,)
2268 4450 2429 4513 quae
2456 4428 2633 4491 illam
2664 4427 2852 4497 (3ὰηί-
