3138 5006
541 258 1331 325 OBSERVATIONUM
1379 257 1948 322 MEDICARUM
1998 265 2045 318 1.
2082 270 2132 317 2.
2350 262 2431 320 31

244 427 463 484 nostra
492 420 575 483 ad
603 421 798 504 hujus
821 419 1070 483 illiusve
1101 419 1309 483 morbi
1335 419 1693 503 Epidemiei
1723 419 2206 501 generationem
2232 420 2436 500 magis
2475 431 2557 478 Dr:
2578 432 2733 480 Mon-

240 523 532 586 minusve
572 522 947 607 disponere3
993 522 1166 605 quod
1207 529 1273 585 et
1319 522 1398 586 de
1441 541 1825 604 quocunque
1866 541 2078 584 errore
2120 520 2289 585 circa
2326 542 2436 584 sex
2486 498 2723 609 ζζζξῗζζ

237 644 338 687 res
369 624 860 688 non-naturales
879 633 902 662 ‘³
933 623 1180 688 dietum
1208 624 1370 687 volo.

337 727 460 810 [7.]
513 727 1184 791 Animadvertendum
1215 735 1434 791 autem
1466 736 1563 790 est
1594 727 2117 810 Epidemicorum
2162 726 2319 790 alios
2361 728 2434 790 in
2462 741 2591 788 unde
2614 742 2736 804 Epi-

236 830 359 893 hoe
410 837 524 893 aut
573 830 685 893 illo
737 851 910 893 anno
961 829 1341 912 regulariter
1399 837 1465 892 et
1522 828 1751 893 eodem
1810 849 2060 912 semper
2115 829 2308 892 modo
2367 851 2435 892 se
2461 805 2676 916 ffissiffi}

234 931 494 1009 habere,
537 930 766 995 iisdem
808 931 1000 1014 plane
1049 929 1509 1013 Phaenomenis
1559 938 1627 994 et
1679 930 1992 994 conformi
2044 936 2432 1014 symptoma-
2458 932 2719 994 regulares,

232 1039 380 1095 tum
442 1032 701 1116 agmine
760 1033 832 1095 in
885 1032 1204 1115 plerisque
1262 1033 1394 1095 fere
1453 1031 1754 1096 omnibus
1814 1052 1971 1114 quos
2032 1032 2431 1110 adoriuntur,

232 1135 542 1217 stipatos;
609 1141 804 1217 atque
854 1134 1078 1197 eadem
1127 1155 1385 1216 prorsus
1436 1133 1541 1197 via
1599 1133 1721 1197 sibi
1778 1131 2003 1216 fugam
2062 1139 2127 1196 et
2188 1134 2434 1197 exitum

229 1243 554 1318 parantes.
645 1237 746 1299 Ex
783 1235 884 1298 his
921 1236 1161 1318 itaque,
1191 1241 1505 1318 tanquam
1532 1236 1605 1298 in
1641 1253 1757 1299 suo
1789 1257 2022 1318 genere
2052 1236 2430 1319 perfectissi-

230 1339 377 1418 mis,
387 1360 538 1403 vera
565 1345 632 1402 et
655 1347 830 1404 certa
851 1338 1222 1403 morborum
1244 1339 1766 1422 Epidemicorum
1796 1339 2063 1403 historia
2092 1339 2434 1404 ediscenda

229 1449 333 1505 oet
363 1448 562 1528 atque
591 1441 924 1506 tradenda.

330 1542 454 1626 [8.]
513 1544 683 1606 Sunt
709 1563 858 1608 vero
888 1543 996 1607 alii
1028 1544 1298 1607 aliorum
1329 1563 1647 1606 annorum
1678 1543 1906 1621 morbi,
1932 1543 2061 1625 qui,
2092 1544 2243 1607 lieet
2274 1544 2431 1624 Epi·
2458 1558 2541 1605 alii
2562 1574 2679 1634 ρηο-

230 1646 606 1708 demit-orum
647 1645 1086 1728 insigniantur
1115 1644 1398 1721 nomine,
1431 1665 1728 1707 enormes
1756 1650 1976 1708 tamen
2010 1651 2163 1708 sunt
2195 1651 2260 1708 et
2290 1666 2430 1728 per-
2456 1623 2589 1670 '³⁸¹¹‘

231 1769 434 1830 quam
477 1748 776 1826 anomali,
805 1754 1034 1831 utpote
1075 1749 1185 1830 qui
1237 1747 1400 1810 nulli
1443 1768 1510 1810 se
1550 1754 1706 1829 typo
1756 1748 2095 1829 patiuntur
2137 1748 2428 1829 astringi,

228 1857 298 1912 et
344 1869 564 1912 revera
598 1850 755 1913 mali
795 1857 950 1913 sunt
993 1849 1207 1926 moris,
1239 1856 1384 1912 tum
1428 1849 1641 1932 quoad
1680 1849 1997 1912 incertam
2041 1856 2428 1932 symptoma-

228 1959 377 2015 tum
409 1951 783 2015 varietatem
813 1951 1362 2034 certissimamque
1403 1950 2012 2029 dissimilitudinem,
2044 1959 2189 2015 tum
2220 1953 2429 2034 quoad

225 2052 612 2116 methodum
672 2074 800 2136 qua
857 2073 924 2116 se
981 2053 1103 2136 ipsi
1164 2052 1514 2135 expediunt
1583 2059 1648 2116 et
1716 2053 2131 2116 amoliuntur.
2247 2054 2429 2117 Haec

223 2163 420 2220 tanta
465 2157 724 2220 illorum
775 2155 1112 2239 disparitas
1164 2156 1394 2219 exinde
1445 2156 1669 2232 oritur,
1721 2155 1892 2237 quod
1943 2156 2184 2218 scilicet
2236 2178 2426 2238 quae-

219 2259 387 2322 libet
445 2258 823 2322 constitutio
881 2256 1138 2320 morbos
1191 2256 1379 2339 parit,
1435 2278 1474 2319 a
1525 2256 1769 2320 morbis
1820 2257 2109 2340 ejusdem
2170 2259 2423 2340 generis

221 2360 341 2443 qui
391 2360 517 2423 alio
561 2368 850 2442 tempore
895 2357 1374 2440 grassabantur,
1427 2359 1709 2421 multum
1774 2359 2193 2437 abludentes3
2248 2361 2421 2443 quod

221 2483 368 2526 non
404 2467 660 2526 tantum
703 2461 773 2525 in
811 2459 1098 2525 febribus
1137 2460 1352 2524 locum
1391 2459 1607 2539 habet,
1652 2460 1764 2524 sed
1800 2460 1873 2523 in
1920 2461 2238 2544 plerisque
2286 2462 2425 2526 aliis

221 2564 641 2647 Epidemicis.

330 2665 451 2749 [9.]
507 2666 737 2748 Neque
758 2665 864 2729 hic
887 2666 1113 2727 finitur
1131 2664 1453 2728 orestesr:
1499 2670 1703 2727 restat
1727 2665 1899 2728 enim
1924 2673 1991 2729 et
2014 2665 2207 2743 aliud,
2231 2667 2425 2749 paulo

222 2767 580 2832 subtilioris
631 2765 909 2852 θεωρίας,
959 2768 1335 2830 tumn-ianas
1399 2766 1476 2848 (si
1524 2766 1623 2829 fas
1676 2772 1773 2829 est
1825 2767 2077 2848 dicere,)
2130 2762 2423 2832 Naturae

219 2871 446 2947 lusus3
493 2868 664 2952 quod
694 2888 928 2951 nempe
961 2868 1134 2931 idem
1164 2866 1428 2930 morbus
1466 2868 1538 2929 in
1578 2868 1896 2950 ipsissima
1924 2867 2079 2931 anni
2111 2869 2421 2933 constitu-

220 2972 426 3049 tione,
459 2970 634 3033 varia
662 2990 848 3053 saepe
876 2976 943 3034 et
974 2968 1266 3032 dissimili
1311 2990 1378 3032 se
1407 2969 1569 3033 facie
1600 2974 1904 3048 ostentat,
1937 2968 2109 3051 quod
2148 2969 2230 3032 ad
2258 2977 2421 3034 tem-

219 3095 386 3156 pora
423 3071 658 3136 attinet
696 3072 1012 3156 principii,
1045 3078 1270 3149 status,
1302 3080 1370 3135 et
1410 3070 1858 3134 declinationis
1876 3096 1919 3151 3,
1950 3070 2122 3154 quod
2163 3072 2420 3154 quidem

221 3175 399 3239 tanti
426 3182 640 3258 potest
679 3194 818 3237 esse
854 3174 1190 3252 momenti,
1219 3181 1297 3237 ut
1336 3194 1451 3256 pro
1491 3175 1629 3257 ejus
1671 3172 1936 3237 arbitrio
1971 3175 2292 3238 curativae
2320 3176 2420 3237 in-

223 3276 581 3342 dicationes
609 3276 944 3359 ponendae
973 3276 1399 3340 sumendaeve
1427 3275 1689 3339 fuerint.

321 3378 490 3462 [10.]
545 3379 746 3442 Porro
790 3377 1260 3441 observandum
1290 3383 1391 3441 est
1430 3376 1841 3459 Epidemieos
1882 3398 2297 3460 quoscunque
2348 3380 2419 3443 in
2446 3394 2724 3457 Epidemici

221 3480 389 3545 duos
439 3481 704 3545 omnino
753 3480 1010 3545 ordines
1057 3479 1347 3562 dispesci,
1399 3499 1617 3542 vemos
1668 3479 1829 3558 dieo,
1876 3485 1944 3544 et
1995 3484 2413 3555 autumnales;
2442 3458 2676 3580 ζ’ξξῐξᾞξζ

221 3588 290 3646 et
328 3582 618 3664 quamvis
647 3581 785 3645 fieri
826 3587 1038 3664 potest
1066 3588 1144 3644 ut
1184 3580 1310 3643 alia
1347 3579 1633 3663 qualibet
1673 3581 1829 3644 anni
1856 3586 2239 3664 ‘tempestate
2270 3583 2417 3646 sub·
2442 3587 2723 3635 velantum-

219 3692 594 3762 nascantur,
631 3683 714 3748 ad
758 3684 938 3746 illam
984 3688 1206 3746 tamen
1257 3688 1412 3745 sunt
1450 3682 1799 3763 relegandi,
1837 3703 1946 3746 ver
1990 3690 2420 3750 autumnusve
2442 3651 2591 3698 ωε*

217 3785 442 3863 fuerit,
493 3806 685 3868 quam
736 3784 1024 3868 proxime
1075 3783 1484 3864 contingunt.
1582 3783 1839 3847 Accidit
1889 3785 2063 3847 enim
2115 3806 2416 3850 nonnun-

223 3908 422 3969 quam
452 3888 614 3951 aeris
648 3884 1026 3969 temperiem
1056 3906 1207 3949 cum
1245 3884 1769 3968 Epidemicorum
1809 3885 2023 3968 aliquo
2056 3885 2127 3950 in
2157 3895 2416 3952 tantum

222 3988 608 4073 conspirare,
637 3994 734 4066 ut,
765 4008 842 4053 eo
869 3988 1139 4066 fautore,
1173 3992 1326 4051 ante
1363 3993 1621 4071 tempus
1662 3986 1786 4051 sibi
1825 3987 2119 4052 debitum
2151 3990 2417 4055 miseros

292 4178 315 4201 ⁸
353 4176 384 4199 ‘⁸
405 4172 508 4220 Res
530 4174 878 4221 non-naturales
907 4178 1025 4219 sunt
1055 4186 1157 4229 sex,
1181 4172 1280 4227 aet,
1367 4171 1533 4218 bent.”
1599 4170 1889 4231 (Blancardi
1910 4174 2023 4221 Lex.
2046 4172 2201 4235 Med.)

223 4238 367 4286 cibus
390 4244 440 4284 et
459 4243 620 4299 potus,
643 4244 808 4284 motus
829 4242 878 4284 et
901 4236 1054 4298 quies,
1079 4250 1280 4283 somnus
1433 4231 1450 4264 ¹
1482 4238 1511 4261 “
1529 4234 1749 4298 Scriptus
1766 4243 1815 4283 et
1830 4236 1881 4283 in
1900 4243 2052 4299 tergo,
2076 4238 2285 4284 necdum
2304 4236 2413 4284 fini-

223 4309 274 4349 et
295 4300 510 4364 vigiliae,
534 4300 683 4349 animi
707 4300 1000 4363 pathemata,
1019 4306 1211 4347 excreta
1233 4304 1282 4346 et
1368 4305 1448 4346 tus
1471 4300 1716 4348 Orestes.”
1790 4300 1962 4347 Juven.
1989 4304 2087 4348 Sat.
2123 4302 2152 4347 i.
2188 4302 2231 4349 6.
2261 4302 2345 4349 ubi
2373 4318 2413 4348 v.

222 4372 434 4413 retenta:
460 4365 529 4412 sic
544 4365 862 4427 appellantur,
879 4364 1006 4427 quia,
1025 4364 1065 4410 si
1079 4364 1280 4411 modum
1371 4362 1583 4425 Interpp.

225 4430 478 4486 excedant,
525 4444 667 4493 saepe
717 4428 902 4477 morbis
947 4442 1116 4475 ansam
1147 4442 1284 4490 prae-
