3138 5006
606 288 742 350 366
1231 285 1627 353 ΤΗΟΜΑΕ
1674 285 2193 353 SYDENHAM

336 471 422 519 Da
447 469 548 518 Ar·
609 455 891 514 mentem
941 447 1147 513 cordis
1195 448 1685 532 palpitationem
1733 451 1989 528 excitat,
2034 457 2111 514 ut
2160 470 2323 534 quae
2372 471 2517 515 eam
2562 444 2833 535 patitui·

299 535 578 648 ’ἓξὲξ
605 553 888 618 foemina
919 573 1036 636 pro
1067 550 1440 616 indubitato
1470 551 1727 630 habeat,
1760 553 2042 617 sonitum
2076 553 2283 618 cordis
2310 553 2381 617 in
2410 561 2620 619 costas
2649 556 2821 618 arie-

299 679 470 754 cord}-
481 678 582 744 μι-
607 657 807 722 tantis
854 656 1048 720 etiam
1100 655 1182 719 ab
1235 655 1641 719 adstantibus
1687 656 1953 720 omnino
1995 655 2231 720 debere
2274 657 2537 742 percipi.
2627 658 2823 722 Haec

295 749 584 856 ξζῗὶῗῖξξ
607 759 845 844 species
884 779 991 822 eas
1029 757 1306 821 maxime
1347 757 1613 822 infestat
1652 779 1815 842 quae
1856 765 2203 822 extenuato
2246 766 2402 824 sunt
2440 781 2704 843 corpore
2744 767 2816 824 et

295 871 572 919 infirmiori-
605 861 768 926 crasi
795 861 1010 926 minus
1039 861 1243 938 firma,
1269 881 1558 942 quaeque
1588 860 2137 924 extabescentium
2163 882 2329 944 pene
2350 861 2623 926 formam
2652 883 2817 946 prae

295 936 388 1048 {¹1³2
391 936 564 1048 ’jae'
604 987 674 1029 se
699 963 958 1041 ferunt3
998 969 1145 1027 tum
1173 962 1369 1026 etiam
1391 963 1769 1045 juvenculas
1797 962 1976 1026 febre
2008 963 2155 1027 alba
2181 964 2629 1045 pallescentes.

294 1063 567 1128 wllesscffl·
734 1066 838 1128 65.
923 1065 1222 1129 Nonnun
1264 1085 1417 1128 uam
1519 1063 1815 1128 ulmones
1872 1063 2123 1129 obsidet
2194 1065 2372 1129 unde
2428 1087 2505 1129 ae
2550 1087 2619 1129 er
2670 1086 2819 1130 cre-

296 1128 497 1261 ξξζὲω
511 1220 582 1262 et·
605 1064 884 1232 belg-ij
908 1166 1103 1231 tussit
1131 1173 1197 1230 et
1223 1087 1360 1229 (fiere
1397 1087 1535 1229 sinpe
1572 1166 2065 1245 intermissione,
2096 1113 2263 1230 nihil
2295 1087 2553 1251 prorsugs
2581 1187 2815 1251 expec-

297 1273 398 1323 iam
422 1277 473 1325 H
509 1293 556 1325 ⁸-
604 1279 860 1336 torans:
922 1280 987 1335 et
1073 1267 1506 1334 uantumlibet
1557 1268 1717 1333 haec
1756 1269 1955 1332 tussis
1998 1290 2029 1332 s
2072 1269 2239 1333 ecies
2284 1290 2422 1334 non
2462 1269 2557 1332 ita
2596 1269 2811 1334 valido

297 1293 580 1469 ζειὲῗέὲαί,
602 1375 752 1439 nisu
793 1291 1122 1438 thoracelm
1169 1371 1495 1436 concutiat
1535 1378 1731 1454 atque
1768 1371 1881 1434 illa
1922 1291 2087 1454 quare
2136 1373 2503 1435 Gonvulsiva
2545 1370 2807 1451 dicim,

297 1475 576 1598 {⁸233
602 1477 996 1562 explosiones
1032 1483 1257 1538 tamen
1293 1473 1487 1555 longe
1525 1472 1993 1556 frequentiores
2032 1479 2205 1552 sunt,
2247 1493 2439 1562 aeger
2475 1480 2811 1557 praeterea

602 1601 738 1643 non
785 1579 880 1642 ita
921 1597 1116 1641 sensu
1142 1575 1332 1639 valet.
1423 1575 1607 1639 Haec
1636 1580 1856 1639 autem
1886 1575 2103 1639 'I'ussis
2134 1576 2204 1640 H
2250 1575 2518 1640 stericae
2561 1597 2592 1638 s
2716 1576 2809 1640 'es

603 1681 838 1765 oppido
878 1701 1022 1744 rara
1066 1684 1184 1756 est,
1226 1683 1294 1741 et
1334 1676 1647 1741 foeminas
1698 1677 1935 1761 pituita
1976 1597 2296 1742 scatengres
2338 1699 2494 1761 prae
2536 1596 2807 1744 cale-texis

604 1783 911 1866 exagitat.

302 1883 508 1961 1¹5⁸<3⁸¹²²
701 1885 866 1969 [66.]
920 1882 1412 1965 Nonnunquam
1439 1881 1510 1946 in
1540 1881 1727 1946 colon
1756 1888 1820 1946 et
1850 1882 2181 1965 regionem
2210 1881 2567 1946 scrobiculo
2594 1881 2806 1946 cordis

299 1963 574 2072 Ξέξξῗῇῗ
605 1988 980 2052 subtensam
999 1985 1315 2070 impetum
1342 1984 1604 2062 faciens,
1630 1983 1916 2048 dolorem
1932 1985 2038 2048 vix
2058 1982 2397 2048 ferendum
2424 1983 2682 2066 infligit,
2704 1984 2807 2048 ili·

297 2091 412 2125 ω’)
435 2077 531 2152 fle·
606 2112 758 2155 acae
783 2089 1063 2173 passioni
1082 2087 1260 2152 haud
1289 2087 1685 2166 absi1nilem;
1720 2087 1836 2152 ubi
1866 2108 2060 2170 aegra
2076 2087 2417 2152 immodice
2434 2087 2655 2164 vomit,
2674 2087 2808 2150 ool-

299 2147 469 2252 ἓῗεῗιᾜῗ
485 2156 578 2253 :¹0-
603 2193 839 2256 luviem
868 2189 1192 2274 quandam
1219 2189 1506 2269 viridem,
1536 2189 1653 2253 bili
1683 2211 1879 2273 quam
1906 2209 2277 2272 porraceam
2317 2189 2643 2272 appellant
2668 2188 2809 2252 fere

299 2269 580 2396 ξξζτξζέἲιθ
602 2316 842 2379 parem,
879 2313 1056 2356 nunc
1095 2292 1289 2355 etiam
1319 2291 1561 2356 insoliti
1607 2292 1875 2375 alicujus
1911 2291 2156 2369 coloris,
2186 2291 2505 2375 rejiciens.
2594 2291 2807 2373 Saepe

299 2398 491 2460 rejecta..
601 2397 798 2463 etiam
832 2401 1170 2479 postquam
1215 2415 1406 2476 aegra
1443 2394 1528 2458 ad
1563 2394 1803 2457 multos
1844 2395 1979 2458 dies
2015 2395 2153 2479 jam
2194 2395 2367 2458 dicto
2406 2394 2623 2458 dolore
2668 2396 2806 2478 (qui

601 2501 704 2565 vel
751 2498 1114 2564 Stoicorum
1157 2493 1474 2561 ἀπάθειαν
1519 2499 1963 2581 expugnaret)
2012 2506 2079 2561 et
2122 2497 2431 2562 continuo
2472 2496 2807 2563 vomituri-

300 2601 460 2677 ¹?‘⁸¹’⁰
481 2598 578 2647 ⁸⁰¹·
603 2604 799 2670 tionis
829 2608 1067 2667 conatu
1099 2607 1360 2664 tantum
1395 2622 1530 2665 non
1562 2600 1757 2663 fuerit
1788 2607 2031 2679 enecta,
2062 2600 2325 2665 tandem
2359 2600 2561 2664 ictero
2589 2601 2807 2665 inten-

299 2673 560 2792 ἔῗῗέιῗῖ
605 2707 788 2785 siore‚
829 2726 1089 2771 omnem
1133 2702 1412 2786 corporis
1451 2701 1851 2785 superficiem
1896 2702 1980 2765 ad
2023 2702 2230 2766 instar
2272 2702 2441 2765 croci
2480 2702 2809 2787 tingente,

293 2818 584 2882 Desperatio
607 2811 868 2901 solvitur
895 2828 1340 2893 paroxysmus.
1426 2806 1645 2887 Aegra
1680 2804 1945 2882 interea,
1976 2804 2131 2868 diris
2170 2805 2411 2868 mentis
2452 2805 2805 2887 angoribus

297 2883 538 2997 ξιξάῗξέἓιξξ
604 2928 841 2999 pressa,
880 2930 1139 2976 omnem
1171 2904 1645 2991 recuperandae
1694 2906 1987 2969 sanitatis
2016 2926 2197 2989 spem
2237 2927 2495 2990 prorsus
2540 2906 2803 2991 abjicit3

297 3011 404 3075 eius
426 3028 504 3062 0⁰·
608 3040 771 3102 quae
801 3015 1059 3100 quidem
1089 3012 1288 3077 animi
1306 3009 1593 3093 dejectio,
1615 3015 1681 3073 et
1711 3009 1893 3092 quasi
1924 3008 2283 3092 desperatio
2312 3009 2645 3093 quaedam,
2666 3031 2803 3075 non

295 3090 414 3127 mes.
603 3120 810 3203 magis
846 3120 1186 3202 (quantum
1224 3134 1344 3196 ego
1387 3110 1755 3192 observavi,)
1791 3111 1871 3175 ab
1918 3111 2039 3193 bac
2070 3110 2557 3195 Hystericorum
2584 3112 2801 3177 Affec-

601 3228 792 3287 tuum
832 3218 1040 3301 specie
1079 3214 1459 3299 sejungitur,
1498 3234 1693 3296 quam
1732 3212 1860 3277 sive
1900 3212 2098 3291 dolor,
2136 3213 2267 3277 sive
2305 3215 2579 3278 vomitus
2617 3236 2801 3299 prae·

299 3324 414 3399 Qup
435 3338 540 3371 001·
602 3320 961 3387 memorati.
1050 3319 1268 3399 Atque
1303 3314 1426 3378 hoc
1460 3336 1665 3396 genus
1694 3315 1765 3379 in
1810 3315 1953 3379 istis
1986 3315 2327 3400 praecipue
2358 3316 2573 3380 locum
2600 3317 2801 3382 habet

293 3388 577 3500 ffiffiffism
606 3446 768 3511 quae
813 3420 1092 3505 corporis
1134 3417 1364 3483 habitu
1406 3417 1645 3481 laxiore
1704 3418 2027 3501 crudoque
2082 3426 2257 3497 sunt,
2302 3426 2449 3483 tum
2498 3427 2566 3483 et
2606 3420 2677 3483 in
2720 3420 2809 3483 iis·

295 3517 442 3593 ¹¹⁸th
456 3516 576 3563 ΜΨ
605 3550 767 3613 quae
809 3524 1090 3588 infantes
1127 3519 1632 3603 grandiusculos,
1665 3540 1814 3583 cum
1858 3520 2112 3603 ingenti
2156 3520 2253 3584 sui
2296 3528 2365 3585 et
2408 3522 2797 3586 naturalium

296 3596 494 3643 specaes.
601 3631 768 3694 vitae
798 3626 1146 3691 staminum
1178 3621 1530 3705 dispendiO,
1561 3628 1715 3685 sunt
1748 3622 1993 3687 enixae.

298 3740 540 3801 Paroxys-
698 3729 863 3815 [67.]
920 3725 1324 3808 Quandoque
1380 3723 1504 3787 hoc
1551 3724 1797 3788 malum
1846 3724 1917 3788 in
1974 3724 2357 3789 alterutrum
2408 3746 2487 3789 ex
2534 3724 2799 3791 renibus

293 3818 558 3933 3,ζῖἓέξῷ
599 3837 954 3909 incursans,
996 3827 1387 3893 atrocissimo
1424 3847 1617 3909 quem
1654 3826 1801 3891 istic
1843 3828 2012 3911 parit
2070 3828 2287 3893 dolore
2344 3850 2799 3913 paroxysmum

293 3933 542 3981 mentitur.
599 3935 1029 4023 nephriticum
1096 3930 1360 3996 omnino
1425 3928 1763 4007 mentitur,
1822 3929 2019 4013 idque
2085 3952 2219 3996 non
2286 3932 2496 3995 solum
2564 3930 2799 3995 doloris

601 4062 834 4127 genere
875 4040 1142 4121 locoque
1186 4056 1310 4118 quo
1353 4033 1573 4111 saevit,
1614 4033 1728 4097 sed
1772 4040 1837 4098 et
1883 4034 2138 4098 adscitis
2177 4035 2633 4101 vomitionibus
2674 4037 2799 4098 im-

597 4143 1014 4221 manioribus,
1054 4148 1196 4204 tum
1241 4136 1435 4201 etiam
1479 4156 1953 4219 nonnunquam
1994 4157 2075 4201 ex
2116 4158 2194 4201 eo
2240 4138 2416 4225 quod
2460 4137 2641 4203 dolor
2682 4158 2799 4221 per

595 4254 928 4311 ureterum
959 4244 1188 4308 ductus
1219 4246 1643 4325 propagetur:
1678 4238 1771 4302 ita
1802 4246 1873 4302 ut
1904 4260 2093 4322 aegre
2124 4238 2475 4304 admodum
2506 4240 2799 4323 dignosci

599 4359 810 4433 queat,
850 4356 1073 4412 utrum
1117 4348 1274 4409 haec
1317 4348 1751 4426 symptomata
1792 4342 1871 4406 ab
1917 4344 2165 4407 incluso
2208 4343 2471 4422 calculo,
2516 4364 2600 4406 an
2644 4365 2799 4409 vero

599 4452 677 4515 ab
709 4452 968 4515 Affectu
998 4450 1205 4531 aliquo
1241 4445 1601 4530 Hysterico,
1634 4452 2055 4523 enascantur;
2110 4446 2232 4509 nisi
2262 4445 2428 4510 forte
2456 4468 2645 4516 casus
2674 4447 2793 4510 ali-
