3138 5006
683 299 816 364 268
1309 299 1698 366 ΤΗΟΜΑΕ
1746 298 2263 366 SYDENHAM

403 480 641 528 Astomi.
688 459 965 547 impetus
1009 462 1134 526 alio
1171 461 1479 528 vertatur.
1569 463 1671 528 Ea
1712 468 1973 547 propter
2004 462 2375 546 frequenter
2414 460 2664 526 brachii
2690 481 2893 526 venas

685 564 913 645 tundo,
955 572 1021 630 et
1067 566 1452 648 sanguinem
1492 565 1845 630 liberaliter
1886 565 2171 644 extrahe,
2206 564 2693 649 pleuriticorum
2738 587 2891 630 san-

686 669 871 753 guini
916 670 1126 735 colore
1163 689 1414 752 semper
1453 669 1975 753 respondentem.
2062 669 2293 734 Victus
2336 669 2659 734 rationem
2702 669 2890 734 refri-

687 779 1022 854 gerantem
1075 779 1270 856 atque
1314 769 1781 837 incrassantem
1830 772 2143 857 injungo;
2188 777 2267 836 ut
2318 793 2521 855 aquae
2576 772 2893 838 fontanae

683 881 898 960 partes
941 882 1091 954 tres,
1131 874 1316 940 lactis
1355 895 1577 954 unam,
1606 876 1802 940 simul
1840 884 2072 955 coctas,
2104 884 2170 940 et
2204 875 2438 959 frigide
2476 875 2889 954 hauriendae,

683 1000 876 1063 poma
911 984 1111 1057 cocta,
1137 977 1390 1063 juscula
1431 978 1804 1057 hordeacea,
1838 987 1903 1043 et
1944 979 2184 1043 similia
2228 1001 2269 1043 a
2302 979 2605 1043 carnibus
2650 978 2889 1043 abhor-

682 1082 931 1160 rentia;
973 1081 1222 1166 julapia
1258 1081 1522 1164 insuper
1553 1080 2005 1165 refrigerantia
2042 1087 2235 1166 atque
2276 1081 2717 1158 incrassantia,
2748 1101 2893 1145 una

683 1205 832 1248 cum
877 1184 1339 1250 emulsionibus
1367 1185 1440 1247 in
1468 1184 1709 1248 morbis
1750 1183 2263 1250 inflammatoriis
2302 1207 2497 1269 supra
2526 1185 2889 1270 descriptis.

683 1289 954 1353 Lectulo
983 1289 1141 1352 item
1159 1296 1235 1353 ut
1265 1288 1533 1352 absistat
1562 1309 1679 1372 per
1706 1287 1967 1372 aliquod
1988 1288 2270 1371 spatium
2293 1287 2581 1371 quotidie
2608 1309 2843 1352 moneo
2862 1316 2887 1366 3

684 1399 828 1455 tum
867 1396 943 1455 ut
981 1391 1164 1456 nullo
1206 1411 1340 1455 non
1385 1391 1489 1455 die
1531 1391 1863 1475 injiciatur
1912 1411 2141 1456 enema
2178 1391 2430 1456 leniens
2468 1391 2887 1474 refrigerans-

685 1515 828 1578 que,
851 1515 972 1558 nec
1000 1495 1099 1558 vel
1129 1494 1327 1558 semel
1357 1493 1616 1578 quidem
1646 1493 2023 1573 omittatur,
2068 1493 2308 1558 haustu
2338 1494 2693 1578 quinetiam
2718 1496 2891 1558 hora

681 1598 891 1661 somni
920 1598 1286 1681 paregorico
1315 1617 1352 1660 e
1381 1592 1689 1675 diacodio,
1714 1617 1833 1661 ceu
1862 1603 2109 1676 catena,
2140 1597 2525 1661 constrictus
2548 1599 2887 1680 sanguinis

681 1697 860 1763 furor
881 1705 1264 1765 coerceatur.
1355 1701 1448 1765 At
1477 1721 1627 1764 vero
1656 1701 1915 1783 quando
1942 1700 2315 1785 hujusmodi
2340 1701 2888 1784 Haemorrhagias

403 1881 410 1888 .
683 1822 816 1865 non
859 1821 1006 1866 raro
1049 1802 1393 1868 comitetur
1436 1803 1701 1887 lympha
1744 1802 1970 1881 acrior,
2016 1823 2181 1886 quae
2224 1802 2527 1886 sanguini
2572 1804 2889 1887 permista

378 1919 493 1996 quo
515 1936 602 1968 no·
685 1904 822 1988 ejus
861 1913 1112 1970 motum
1152 1905 1433 1989 adjuvat,
1465 1925 1777 1969 venarum
1806 1905 2049 1970 crificia
2090 1906 2452 1984 reserando,
2482 1913 2738 1988 praeter
2778 1927 2885 1969 re-

617 2051 660 2098 -c
683 2007 1038 2072 vulsionem
1083 2015 1149 2073 et
1187 2007 1762 2092 refrigerationem,
1804 2009 2068 2073 solenne
2100 2009 2264 2072 mihi
2310 2016 2409 2073 est
2452 2009 2885 2074 catharticum

371 2115 629 2162 insutuen-
683 2111 984 2176 blandius
1013 2111 1112 2174 vel
1142 2111 1211 2175 in
1241 2107 1440 2195 ipsius
1467 2110 1679 2176 morbi
1707 2109 1879 2195 ἀκμῇ
1905 2107 2265 2194 propinare,
2296 2112 2479 2195 cujus
2508 2111 2883 2195 operatione

685 2214 888 2293 finita,
920 2213 1294 2298 anodynum
1325 2212 1595 2279 exhibeo
1624 2221 1877 2298 praeter
1906 2214 2169 2278 solitum
2196 2213 2439 2278 viribus
2464 2221 2762 2292 auctum3
2808 2223 2881 2279 et

681 2316 798 2380 ubi
825 2323 1188 2400 symptoma
1213 2317 1474 2401 penitus
1503 2317 1855 2394 evanuerit,
1886 2317 2064 2381 aliud
2092 2317 2356 2380 demum
2384 2315 2831 2381 catharticum.

779 2417 900 2502 [8.]
929 2421 948 2456 ‘
992 2417 1226 2483 Quoad
1259 2427 1554 2483 externas
1594 2418 2083 2505 applicationes:
2128 2419 2335 2484 lintea
2372 2419 2879 2506 quadruplicata,

679 2524 982 2588 immersa
1020 2544 1221 2607 aquae
1265 2524 1540 2608 frigidae
1578 2525 1650 2587 in
1699 2544 1825 2607 qua
1862 2524 1957 2587 sal
2001 2524 2333 2607 prunellae
2376 2524 2775 2603 dissolvatur,
2808 2533 2881 2589 et

678 2632 900 2710 postea
928 2627 1153 2691 leviter
1180 2648 1494 2710 expressa,
1527 2626 1990 2691 admoveantur
2016 2627 2268 2693 nuchae
2296 2648 2371 2692 ac
2404 2626 2711 2709 utrinque
2740 2648 2881 2691 cer-

676 2730 798 2793 vici
828 2730 1078 2813 saepius
1099 2730 1170 2793 in
1201 2728 1323 2794 die.
1393 2730 1566 2793 Item
1596 2736 1740 2812 post
1768 2730 2097 2793 universas
2118 2730 2564 2794 evacuationes
2584 2737 2880 2813 peractas

675 2831 886 2914 liquor
913 2854 1184 2915 sequens
1215 2833 1571 2916 applicetur
1591 2858 1697 2895 :—

682 2986 882 3055 [Form.
908 2986 1025 3056 49.]
1045 2995 1066 3019 ⁸
1101 2982 1164 3063 R
1205 2986 1414 3040 vitrioli
1440 2986 1762 3057 Hungarici,

1202 3074 1486 3137 Aluminis,
1509 3090 1617 3127 ana
1639 3076 1853 3127 unciam
1878 3092 2061 3139 unam,

1202 3158 1533 3230 Phlegmatis
1558 3160 1767 3215 Vin-ioli
1791 3160 1981 3215 libram
2006 3162 2317 3224 dimidiam3

955 3250 1139 3316 Coque
1163 3246 1367 3299 tamdiu
1391 3246 1560 3301 donec
1596 3248 1777 3301 omnia
1804 3248 2001 3301 fuerint
2026 3248 2316 3312 dissoluta3
2348 3248 2607 3318 liquorem
2632 3246 2878 3317 frigefac-

957 3342 1070 3385 tum
1105 3332 1260 3395 filtra,
1299 3341 1353 3386 et
1394 3350 1428 3386 a
1459 3334 1717 3403 crystallis
1750 3334 1974 3388 subinde
2008 3336 2147 3388 natis
2182 3352 2399 3404 separa3
2442 3334 2635 3403 liquori
2666 3332 2879 3387 residuo

952 3418 1089 3471 adde
1116 3418 1236 3472 Olei
1259 3418 1471 3472 Vitrioli
1496 3419 1865 3475 duodecimam
1890 3430 2108 3491 partem.
2184 3420 2443 3475 Turunda
2465 3438 2531 3475 ex
2554 3420 2719 3473 linteo
2742 3436 2877 3484 raso,

953 3506 1156 3573 liquore
1188 3505 1290 3557 hoc
1327 3506 1485 3575 probe
1512 3504 1835 3571 humectata,
1860 3509 1975 3560 nari
2001 3525 2068 3561 ex
2087 3524 2196 3577 qua
2213 3508 2431 3578 sanguis
2456 3507 2621 3560 stillat
2644 3504 2879 3567 indatur,

951 3609 1044 3661 per
1067 3590 1180 3645 dies
1203 3591 1334 3645 duos
1357 3592 1514 3646 isthic
1539 3592 1900 3663 relinquenda.

672 3758 819 3824 Quo
851 3758 1046 3821 etiam
1072 3758 1320 3841 liquore
1361 3757 1743 3823 linteamina
1770 3755 2023 3819 imbuta
2050 3761 2116 3819 et
2148 3755 2450 3839 applicita
2489 3754 2881 3837 sanguinem

671 3862 930 3939 sistunt,
961 3882 1038 3924 ex
1069 3882 1450 3944 quacunque
1481 3860 1743 3924 demum
1772 3866 1955 3943 parte
1984 3867 2253 3923 externa
2278 3858 2452 3922 idem
2483 3858 2743 3921 defluat.

365 3964 624 4013 Haemor—
766 3964 887 4048 [9.]
946 3965 1348 4048 Haemoptoe
1393 3964 1610 4042 etiam,
1652 3982 1814 4045 quae
1848 3962 1919 4025 in
1967 3962 2227 4026 aestatis
2268 3983 2342 4026 ac
2380 3961 2545 4025 veris
2592 3960 2881 4023 confinio

361 4029 515 4078 roff.
826 4068 838 4080 ,
1093 4068 1105 4080 ,
1160 4068 1173 4079 ,
1261 4067 1273 4079 ,
1822 4066 1834 4079 ι
2072 4064 2085 4077 .
2489 4065 2500 4076 .
2718 4063 2731 4076 .

361 4101 611 4181 'H'isemop-
667 4067 959 4131 hommes
990 4067 1310 4131 calidlorls
1345 4073 1860 4149 temperamenti,
1893 4071 1958 4129 at
2000 4086 2216 4128 minus
2256 4065 2527 4141 robusti,
2560 4063 2875 4141 adoritur,

381 4184 436 4229 oe·
460 4184 589 4243 ejus·
667 4177 734 4235 et
779 4192 1048 4254 quorum
1085 4170 1420 4253 pulmones
1472 4170 1688 4233 minus
1728 4176 1903 4234 recte
1944 4169 2177 4246 valent,
2209 4190 2363 4252 prae
2407 4168 2667 4231 senibus
2706 4167 2877 4229 item

359 4247 592 4359 {321ssoe
659 4274 966 4356 juniores,
991 4273 1277 4355 ejusdem
1306 4272 1438 4336 fere
1467 4272 1703 4337 indolis
1733 4293 1882 4338 cum
1912 4270 2403 4354 haemon-hagie
2424 4272 2563 4355 jam
2592 4274 2883 4333 tractata

358 4190 378 4229 Η

731 4440 747 4467 ⁸
783 4439 930 4485 Deest
956 4442 978 4499 §
1007 4442 1034 4485 8
1060 4438 1109 4485 in
1133 4440 1208 4487 ed.
1233 4440 1327 4489 ’76.
1876 4446 1899 4470 ¹
1934 4440 2007 4487 Cf.
2035 4442 2236 4489 Process.
2264 4442 2355 4488 Int.
2381 4456 2421 4488 c.
2446 4443 2524 4488 48.

731 4507 757 4531 “
793 4504 866 4551 Cf.
893 4504 1034 4550 form.
1059 4506 1166 4552 240.
