3138 5006
959 659 1476 712 HUMAleslMo
1508 661 1685 714 VIRO

685 861 1066 940 ‘THOMAE
1124 868 1636 963 SYDENHAM,
1693 853 1875 945 Μ.1)”.

275 1076 823 1142 MIRABERIS
835 1081 1128 1163 fortasse,
1161 1081 1510 1169 Clarissime
1543 1083 1673 1159 Vir,
1702 1086 1981 1168 quisnam
2010 1085 2389 1169 importunus

188 1181 593 1263 interpellator
612 1183 907 1265 qraviora
943 1183 1086 1246 Tua
1116 1185 1468 1246 interturbet
1495 1187 1773 1268 neyotia3
1817 1184 1925 1246 sed
1956 1188 2189 1248 veniam
2218 1185 2391 1271 (con-

161 1279 358 1360 fido,)
386 1282 559 1344 dabis
590 1293 916 1368 postquam
946 1285 1319 1363 intellexeris,
1350 1308 1422 1347 ea
1455 1282 1837 1369 potissimum
1882 1286 1956 1348 de
1998 1309 2187 1350 causa
2230 1287 2391 1352 lianc

201 1383 341 1445 Tibi
388 1385 715 1448 molestiam
763 1389 978 1462 creari,
1026 1396 1096 1449 ut
1125 1389 1304 1471 qrati
1343 1388 1538 1448 animi
1584 1409 1759 1449 sensa
1802 1389 2103 1471 exprimat
2144 1411 2390 1452 venera-

186 1486 417 1549 bundus
459 1488 586 1550 Tui
613 1490 820 1552 cultor.
926 1489 1165 1572 Quippe
1195 1497 1394 1550 tantos
1422 1511 1493 1550 esc
1521 1487 2009 1552 elaboratissimis
2040 1484 2195 1550 Tuis
2223 1491 2389 1554 circa

185 1585 433 1648 Morbos
459 1587 689 1649 Acutos
717 1590 1156 1652 commentariis
1183 1611 1438 1674 aqnosco
1467 1611 1560 1650 me
1587 1592 1881 1673 accepisse
1898 1590 2176 1672 fructus,
2208 1601 2281 1654 ut
2304 1593 2395 1656 ad

176 1697 382 1770 yrates
408 1687 679 1751 Authori
694 1692 1121 1773 persolvendas
1150 1714 1241 1753 me
1256 1712 1519 1772 prorsus
1546 1691 1873 1776 obliqatum
1904 1701 2151 1756 teneam.
2226 1693 2387 1758 Tam

183 1799 464 1852 accurate
501 1793 774 1876 sinqulas
813 1814 1112 1856 annorum
1156 1795 1427 1877 aerisque
1478 1813 1635 1876 quas
1677 1792 2035 1854 tractandas
2076 1797 2393 1878 suscepisti

188 1893 658 1972 constitutiones,
689 1904 890 1978 coepto
919 1895 1176 1958 antehac
1203 1894 1495 1968 inaudito,
1526 1893 1853 1955 observasti
1866 1916 1892 1967 ,-
1940 1901 2065 1955 tam
2088 1896 2389 1977 ⁸qenuinas

69 2011 78 2018 ·
157 1995 471 2079 facileque
513 1997 716 2059 obvias
745 2019 866 2080 pro
908 1997 1181 2081 sinqulis‚
1213 1996 1321 2080 qui
1356 1997 1422 2056 in
1466 1993 1588 2054 illis
1631 1993 2037 2070 occurrebant,
2068 1992 2386 2076 affectibus

179 2098 486 2174 sanandis,
528 2099 916 2161 indicationes
951 2098 1298 2181 excoyitasti
1311 2119 1338 2171 ,-
1383 2104 1666 2178 tantoque
1708 2096 1934 2177 inqenii
1968 2095 2158 2156 nitore
2196 2104 2383 2160 totum

179 2217 329 2280 opus
361 2201 677 2275 exornasti,
715 2207 788 2262 ut
822 2203 1030 2262 merito
1071 2207 1306 2262 tantam
1350 2199 1762 2282 sagacitatem,
1793 2205 1921 2258 tam
1960 2196 2253 2279 indefesso
2290 2199 2384 2262 la-

176 2298 311 2360 bori
343 2303 648 2383 Junctam,
694 2303 1098 2386 suspiciamus
1114 2323 1136 2362 .-
1199 2300 1358 2362 unde
1399 2307 1459 2362 et
1501 2307 1775 2382 aeqrotos
1816 2305 1876 2360 et
1909 2297 2185 2362 Medicos
2242 2301 2390 2364 Tibi

175 2407 486 2462 aeternum
515 2401 792 2464 devincis.

279 2499 644 2587 Quanquam
675 2526 813 2566 vero
850 2514 1087 2581 cuncta,
1117 2527 1273 2590 quae
1295 2513 1660 2589 pertractas,
1692 2510 1977 2565 accurate
2012 2500 2160 2565 adeo
2188 2497 2382 2563 absol-

174 2604 336 2677 visti,
373 2613 446 2666 ut
475 2626 740 2687 pronum
782 2608 863 2667 sit
899 2606 972 2668 de
1014 2607 1268 2691 singulis
1301 2609 1367 2668 in
1408 2606 1617 2668 laudes
1661 2604 1827 2667 Tuas
1868 2625 2195 2688 erumpere,
2224 2624 2383 2686 prae

171 2705 423 2765 caeteris
462 2712 660 2767 tamen
704 2706 877 2768 haud
907 2707 1058 2768 mihi
1085 2716 1417 2790 temperare
1447 2728 1719 2791 possum,
1752 2708 1899 2791 quin
1940 2708 2199 2790 impense
2240 2704 2385 2767 Tibi

164 2806 448 2890 qratuler
476 2809 808 2871 methodum
853 2808 1056 2871 Tuam
1103 2811 1268 2871 circa
1315 2810 1708 2873 Variolarum
1751 2810 2118 2870 curationem
2142 2828 2167 2880 ,·
2210 2808 2381 2888 cujus

173 2928 302 2991 ope,
347 2909 492 2990 quin
525 2908 756 2990 feralis
805 2908 905 2971 ille
956 2910 1246 2972 hactenus
1294 2910 1552 2994 affectus
1604 2911 1934 2990 ternficam
1978 2930 2161 2993 suam
2200 2918 2385 2970 exuat

175 3006 434 3086 larvam,
457 3011 725 3094 interque
739 3010 1046 3092 facillime
1076 3011 1372 3073 curabiles
1405 3012 1549 3093 (nisi
1574 3010 1942 3096 maliqnitas,
1970 3010 2066 3072 vel
2090 3009 2379 3095 quiddam

171 3108 350 3170 valde
393 3109 714 3187 insolitum,
746 3109 1109 3196 accesserit)
1152 3134 1214 3174 se
1255 3114 1450 3189 sistat,
1496 3112 1701 3176 nullus
1745 3114 2121 3199 ambiyerem,
2166 3112 2227 3173 si
2260 3134 2382 3195 per

174 3210 512 3272 nutriculas
556 3209 826 3295 (turbam
879 3234 1025 3275 raro
1077 3235 1195 3276 non
1252 3215 1727 3278 inimicissimam
1778 3216 2081 3278 hominum
2139 3213 2379 3299 saluti‚)

175 3313 391 3390 liceret,
437 3336 592 3399 quae
636 3316 832 3378 calido
873 3336 982 3378 suo
1032 3319 1315 3401 reqimine
1359 3326 1420 3380 et
1463 3319 1903 3381 medicamentis
1946 3319 2147 3380 omnia
2192 3338 2378 3401 usque

173 3416 323 3478 adeo
340 3439 583 3501 pessum
611 3420 780 3495 dant,
812 3428 1008 3503 totque
1035 3420 1226 3482 ubivis
1264 3420 1328 3482 in
1356 3420 1735 3503 sepulchrum
1771 3430 1911 3483 ante
1939 3428 2170 3503 tempus
2187 3440 2376 3503 prae-

173 3520 450 3602 cipitant,
480 3530 548 3583 ut
573 3524 780 3583 merito
816 3521 936 3596 Tu,
967 3520 1331 3583 Docti-ssime
1369 3520 1496 3598 Vir,
1530 3526 1574 3557 “
1581 3522 1839 3585 humani
1855 3522 2092 3605 ⁸§teneris
2118 3519 2375 3582 vindea?

172 3622 389 3684 audire
425 3624 726 3698 merearis,
761 3624 870 3707 qui
909 3626 1168 3706 aeqrotis
1209 3624 1420 3685 misere
1460 3644 1713 3710 cumque
1752 3632 2009 3687 extremo
2050 3624 2211 3685 vitae
2248 3622 2374 3685 dis-

172 3721 422 3785 crimine
456 3722 811 3806 palantibus
856 3724 936 3787 Te
977 3726 1184 3787 ducem
1203 3726 1585 3804 fflzzesimum
1621 3727 1898 3811 praebes,
1940 3736 2013 3790 ut
2049 3728 2115 3789 in
2157 3726 2374 3789 salutis

171 3824 356 3899 viam,
387 3826 444 3886 si
473 3825 719 3888 ductum
755 3825 960 3889 Tuum
987 3829 1158 3911 sequi
1187 3827 1398 3905 volent,
1433 3828 1697 3894 redeant.
1803 3829 1891 3894 Ut
1915 3830 1989 3891 de
2016 3850 2109 3891 me
2137 3828 2371 3912 loquar,

167 3944 519 4009 quanquam
557 3928 700 3989 meis
719 3928 926 4007 fidere
968 3931 1301 3991 ratiociniis
1343 3930 1725 4015 aliquatenus
1767 3930 2235 4015 reformidarim,
2266 3928 2373 3989 diu

165 4034 371 4089 tamen
403 4029 632 4091 credidi
673 4030 1060 4093 Variolarum
1088 4034 1472 4114 eruptionem,
1503 4034 1663 4095 sicut
1692 4054 1811 4095 non
1839 4034 2037 4116 ipsum
2064 4050 2187 4090 esse
2213 4048 2374 4090 mor·

165 4127 330 4202 bum,
354 4129 668 4211 sedfibris
691 4133 913 4207 crisim,
931 4134 1019 4193 sic
1036 4154 1165 4215 par
1186 4134 1432 4218 reliquis
1461 4136 1715 4197 crisibus
1734 4134 2071 4197 desiderare
2092 4132 2371 4214 reqimen,

163 4230 232 4291 in
268 4232 503 4314 quibus,
534 4233 798 4295 omnium
837 4233 1216 4297 Medicorum
1261 4235 1464 4320 ffatis
1513 4238 1806 4313 sancitur,
1838 4244 2027 4297 totum
2074 4233 2373 4315 neyotium

161 4333 460 4398 Naturae
486 4338 982 4413 committendum,
1012 4339 1070 4399 si
1095 4348 1312 4401 cuncta
1350 4349 1503 4402 recte
1537 4338 1871 4423 procedant
1886 4364 1913 4412 ,·
1956 4334 2025 4396 id
2048 4332 2211 4418 quod
2238 4331 2373 4415 ple-

161 4458 424 4521 rumque
461 4441 526 4501 in
569 4440 682 4501 isto
714 4438 940 4524 affectu
983 4443 1266 4515 cernitur,
1299 4442 1418 4503 nisi
1449 4442 1597 4524 plus
1617 4442 1793 4522 justo
1824 4436 2007 4521 prius
2034 4436 2373 4519 exayitatus

1219 4560 1265 4604 u
1295 4562 1342 4603 u
1965 4573 1973 4583 ·
