3138 5006
585 295 1377 362 OBSERVATIONUM
1425 298 1991 364 MEDICARUM
2042 315 2089 368 Ι.
2114 322 2163 372 2.
2392 307 2474 370 35

277 455 432 520 dum
477 461 576 521 est
617 457 900 541 insuper,
947 458 1178 540 quibus
1224 461 1410 522 annis
1457 459 1669 539 variae
1711 461 1970 525 illarum
2016 463 2254 546 species
2300 485 2473 547 gras·
2512 476 2597 527 Dr.
2622 477 2779 524 Mon.

275 565 503 622 santur
531 580 663 623 uno
692 560 1044 644 eodemque
1074 568 1382 645 tempore,
1415 583 1522 625 eas
1552 584 1777 627 omnes
1811 564 2003 628 modo
2034 587 2161 647 quo
2189 567 2471 648 primum
2523 543 2759 654 ξὲζξὲῖζ

272 664 759 745 aggrediuntur,
793 671 986 747 atque
1013 665 1362 730 invasionis
1393 669 1859 750 symptomatis,
1892 670 2276 734 consentire.

261 821 270 828 .
373 768 538 852 [19.]
597 768 773 832 Hinc
802 770 1022 852 itaque
1063 791 1322 835 cernere
1367 779 1466 834 est
1509 771 1749 835 variam
1802 772 2147 836 admodum
2186 781 2253 838 et
2291 795 2475 840 accu-

263 876 482 942 ratam
513 871 808 934 Naturae
837 871 1237 951 methodum,
1263 895 1454 955 quam
1487 873 1568 937 ad
1598 874 1972 938 morborum
1992 877 2475 957 generationem

263 971 577 1050 adhibet,-
626 993 819 1056 quam
863 995 1056 1038 nemo
1099 974 1436 1038 hominum
1486 975 1827 1058 (arbitror,)
1873 977 2187 1042 hactenus
2220 1000 2337 1062 pro
2379 980 2475 1043 rei

267 1074 592 1157 dignitate
622 1077 776 1140 satis
813 1077 1208 1141 observando
1248 1085 1347 1140 est
1387 1085 1735 1142 assecutus.
1826 1081 2031 1163 Atqui
2068 1102 2146 1145 ex
2182 1082 2473 1163 pauculis
2501 1095 2731 1144 Diversa-

265 1175 446 1241 hisce
504 1179 770 1242 omnino
827 1165 1168 1243 conficitur
1231 1181 1400 1260 (cum
1463 1182 1791 1263 specificae
1836 1182 2253 1266 Popularium
2304 1205 2473 1248 mor·
2500 1163 2778 1274 umnYri‘ii’Jh

255 1279 502 1358 ‚borum
547 1282 964 1360 differentiae,
1011 1283 1400 1347 nominatim
1456 1284 1757 1364 febrium,
1818 1307 2087 1350 arcanae
2148 1307 2468 1352 annorum
2498 1305 2779 1364 neaaqausa

260 1385 720 1449 constitutioni
762 1385 1172 1468 innitantur,)
1223 1387 1554 1465 incassum¹
1595 1388 1905 1454 desudare
1950 1391 2111 1468 illos,
2159 1397 2473 1473 quotquot
2498 1355 2781 1466 ἔξῗᾙζέξζο

264 1486 664 1550 diversarum
710 1487 987 1552 febrium
1037 1489 1318 1552 rationes
1371 1511 1410 1552 a
1459 1511 1653 1555 causa
1702 1490 2035 1556 morbifica
2074 1492 2146 1555 in
2180 1492 2470 1556 humano
2496 1497 2781 1555 corporqu-

263 1609 532 1672 corpore
591 1597 857 1673 aggesta
915 1590 1286 1669 deducunt,
1351 1613 1503 1655 nam
1550 1593 1797 1675 liquido
1854 1601 2035 1676 patet
2098 1595 2468 1676 quemlibet,
2496 1553 2763 1672 ggssgampgg

253 1693 634 1774 Pancratice
681 1693 832 1756 licet
883 1693 1223 1772 valentem,
1273 1695 1327 1757 si
1374 1703 1552 1758 certa
1599 1695 1915 1778 quaedam
1965 1696 2161 1780 hujus
2211 1705 2471 1766 nostrae
2496 1674 2756 1723 ducuntur.

255 1793 550 1876 regionis
579 1795 720 1858 loca
753 1795 961 1873 adeat,
992 1795 1171 1859 febre
1209 1796 1450 1861 ibidem
1482 1804 1813 1880 grassante
1840 1798 2016 1862 intra
2058 1797 2195 1862 dies
2226 1799 2471 1884 aliquot

261 1895 750 1960 laboraturum:
817 1897 922 1960 vix
981 1904 1198 1961 autem
1251 1898 1552 1962 credibile
1599 1899 1683 1962 sit
1726 1899 2137 1963 manifestam
2188 1901 2469 1982 aliquam

261 1998 696 2063 mutationem
728 1999 808 2062 ab
851 2006 1000 2064 aere
1043 1999 1312 2083 praefati
1348 2000 1470 2064 viri
1507 2001 1887 2065 humoribus
1938 2009 2076 2064 tam
2124 2001 2301 2067 brevi
2349 2004 2467 2066 im-

259 2121 558 2184 pressum
609 2102 708 2166 iri.
848 2102 1012 2185 [20]
1083 2103 1318 2186 Neque
1385 2103 1603 2167 minus
1663 2103 1919 2168 difficile
1978 2113 2077 2168 est
2138 2107 2466 2187 generales

257 2203 520 2284 regulas
541 2204 827 2268 febribus
848 2204 948 2267 his
969 2204 1362 2269 debellandis
1385 2207 1883 2284 accommodare,
1905 2212 1972 2269 et
1994 2212 2201 2270 certos
2222 2207 2466 2290 aliquos

257 2305 504 2369 limites
551 2308 766 2389 figere,
816 2328 974 2390 quos
1025 2308 1200 2371 ultra
1245 2307 1532 2391 citraque
1585 2309 1901 2392 progredi,
1957 2316 2071 2372 aut
2116 2310 2186 2374 in
2236 2310 2465 2394 iisdem

259 2408 632 2486 consistere,
695 2430 829 2472 non
886 2409 1098 2473 liceat.
1199 2409 1284 2472 In
1339 2409 1462 2472 hac
1519 2410 1737 2493 itaque
1795 2421 1931 2474 tam
1991 2411 2193 2493 spissa
2246 2433 2465 2484 rerum
2494 2429 2553 2476 In
2578 2432 2713 2478 novis

249 2511 562 2593 caligine,
611 2511 776 2575 nihil
824 2512 986 2575 mihi
1043 2513 1222 2595 prius
1277 2520 1378 2576 est
1430 2536 1643 2595 quam,
1698 2514 1954 2595 quando
2005 2535 2209 2578 novae
2255 2515 2463 2580 febres
2489 2494 2771 2621 ξιζὲξζζζξὶ

255 2614 542 2697 grassari
567 2614 900 2698 incipiant,
931 2616 1221 2679 cunctari
1244 2616 1583 2699 paulisper,
1611 2624 1678 2680 et
1708 2616 1791 2679 ad
1820 2638 2059 2700 magna
2084 2618 2462 2700 praesertim
2488 2624 2651 2699 nqedia
2674 2632 2772 2672 tar-

255 2716 550 2779 remedia
592 2738 726 2779 non
765 2717 891 2780 nisi
929 2738 1236 2799 suspenso
1279 2717 1442 2800 pede
1486 2737 1561 2780 ac
1605 2717 1853 2781 tardius
1899 2718 2241 2801 procedere
2252 2746 2272 2797 3
2319 2719 2460 2783 dili-
2488 2687 2771 2808 {222¹dess-

247 2825 496 2901 genter
538 2819 800 2882 interim
845 2819 1104 2883 illarum
1160 2819 1498 2902 ingenium
1549 2826 1743 2902 atque
1801 2840 2049 2883 morem
2107 2820 2459 2899 observare,
2486 2815 2741 2927 indicatlio-

257 2920 499 3002 quibus
555 2920 783 2984 itidem
840 2922 1302 3003 praesidiorum
1361 2920 1707 3005 generibus
1766 2922 1943 3004 aegri
1994 2924 2306 3005 juventur
2363 2924 2462 2986 vel
2488 2895 2771 2992 :igiiltissuilzi

255 3022 624 3100 laedantur,
654 3030 730 3087 ut
761 3025 1236 3108 quamprimum
1267 3024 1367 3086 his
1396 3023 1771 3107 repudiatiS,
1802 3024 1929 3086 illis
1959 3032 2242 3087 utamur.
2480 3008 2773 3133 ³132?ssssss

241 3184 252 3192 .
360 3126 526 3209 [21.]
583 3126 800 3190 Verbo
851 3126 1080 3206 dicam,
1130 3126 1654 3210 Epidemicorum
1714 3126 1953 3209 species
2005 3146 2229 3191 omnes
2272 3127 2461 3210 juxta
2486 3151 2588 3183 esse
2604 3152 2689 3183 su-

255 3228 767 3311 phaenomenmn
831 3250 1093 3292 suorum
1160 3229 1537 3293 varietatem
1597 3230 1667 3291 in
1727 3229 1958 3293 classes
2015 3228 2325 3311 redigere,
2386 3250 2461 3292 ac
2486 3202 2731 3248 mendam.

255 3330 661 3394 characteres
683 3333 992 3414 cujusque
1022 3331 1440 3414 idiopathicos
1472 3332 1828 3407 enucleare,
1852 3352 2107 3408 necnon
2136 3330 2459 3414 propriam

255 3432 565 3496 medendi
599 3433 918 3497 rationem
951 3434 1302 3516 unicnique
1336 3434 1667 3515 sigillatim
1712 3433 2211 3511 accommodare,
2241 3440 2319 3497 nt
2356 3454 2460 3497 res

257 3542 360 3599 est
391 3535 584 3599 multi
613 3536 729 3600 otii
751 3557 825 3601 ac
849 3558 1096 3599 summe
1126 3536 1346 3615 ardua,
1365 3538 1460 3600 ita
1488 3537 1706 3615 etiam,
1730 3557 1880 3599 cum
1909 3536 2090 3599 nullo
2120 3542 2296 3600 certo
2324 3536 2459 3619 (aut

258 3638 494 3701 saltem
543 3638 836 3701 nondum
887 3639 1258 3722 explorato)
1318 3660 1639 3701 annorum
1698 3638 1921 3702 ordine
1968 3646 2325 3721 emergant,
2378 3638 2459 3701 ad

243 3740 509 3823 justum
561 3738 641 3801 de
691 3739 919 3803 iisdem
971 3739 1490 3804 observationum
1539 3746 1919 3823 apparatum
1978 3739 2460 3821 congerendum

242 3842 530 3915 ‚fortasse
557 3841 752 3905 unius
775 3842 1018 3905 Medici
1048 3850 1223 3905 aetas
1255 3863 1386 3906 non
1417 3842 1759 3907 suffecerit.
1825 3843 1917 3907 At
1946 3864 2096 3906 vero
2123 3842 2229 3905 hic
2256 3843 2457 3919 labor,

253 3952 336 4007 ut
371 3952 449 4007 ut
487 3945 573 4009 sit
617 3944 968 4027 improbus,
999 3946 1178 4028 prius
1217 3952 1316 4009 est
1357 3944 1783 4009 exantlandus
1831 3966 2023 4027 quam
2062 3966 2181 4008 nos
2218 3944 2460 4026 aliquid

255 4054 624 4111 memoratu
667 4046 938 4128 dignum
977 4048 1050 4110 in
1079 4047 1452 4111 extricanda
1479 4054 1621 4111 tam
1650 4047 2001 4111 multifaria
2028 4047 2263 4111 horum
2291 4066 2457 4109 mor-

253 4148 490 4213 borum
519 4148 682 4213 serie
711 4150 1103 4232 praestitisse
1119 4152 1266 4234 jure
1294 4149 1613 4233 possimus
1644 4150 1921 4233 gloriari.
2048 4223 2054 4229 ‚

357 4251 522 4333 [22]
563 4252 654 4319 At
672 4271 818 4316 vero
847 4251 1080 4333 quibus
1111 4252 1374 4315 demum
1395 4252 1603 4316 modis
1626 4252 1943 4315 rationem
1966 4250 2306 4313 reddemus
2330 4249 2457 4311 dis-

243 4354 608 4419 tinctarum
631 4354 982 4437 specierum
1005 4354 1544 4438 Epidemicorum,
1558 4355 1821 4438 quinon
1837 4360 2097 4417 tantum
2117 4353 2457 4435 (quatenus

252 4457 490 4520 saltem
533 4457 720 4521 nobis
760 4458 1006 4540 liquet,)
1057 4458 1326 4521 fortuito
1365 4458 1719 4536 incursant,
1769 4457 1881 4521 sed
1928 4456 2126 4519 etiam
2172 4455 2291 4538 qui·
2326 4476 2459 4519 uno
