3138 5006
699 289 787 350 48
1311 287 1701 352 THOMAE
1752 286 2268 351 SYDENHAM

430 457 627 506 Enna
695 447 891 512 etiam
921 446 1208 530 adusque
1239 446 1729 526 duodecimum3
1781 447 1951 531 quod
1979 447 2053 511 in
2072 447 2199 510 illis
2216 445 2595 530 praesertim
2624 444 2907 521 obtinet,

390 521 669 634 fsssgssg,
695 550 929 633 quibus
960 548 1344 632 sanguinem
1383 549 1641 614 demere
1680 572 1815 616 non
1858 550 2086 615 audeo.
2178 549 2350 614 Sunt
2378 549 2573 628 enim,
2606 548 2723 632 qui
2756 557 2909 632 post

425 653 472 698 ’6
480 651 630 700 1-’64·
696 653 1218 717 Intermittentes
1263 653 1673 717 autumnales
1708 653 1861 734 (sive
1890 654 2233 718 Tertianae
2274 653 2521 717 fuerint
2564 653 2737 730 illae,
2770 651 2906 714 sive

696 755 1113 839 Quartanae)
1151 754 1464 820 Febribus
1496 756 1841 821 Continuis
1871 777 1950 820 ex
1977 757 2381 840 purgationis
2410 756 2482 818 in
2508 753 2904 838 praeceden-

693 858 779 924 tis
807 858 1020 923 morbi
1047 859 1178 922 fine
1206 857 1464 922 defectu
1499 859 1953 942 corripiuntur.
2046 861 2171 924 His
2202 860 2257 922 si
2288 859 2675 940 sanguinem
2708 857 2903 920 mise-

691 962 801 1038 ris,
831 961 1190 1046 periculum
1219 967 1319 1025 est
1349 983 1434 1026 ne
1463 961 1899 1026 sedimentum
1927 962 2109 1040 illud,
2143 961 2313 1046 quod
2349 982 2727 1045 praegressa
2770 960 2903 1023 fer-

569 1059 578 1066 ’
692 1063 1008 1128 mentatio
1067 1063 1468 1146 deposuerat,
1519 1063 1593 1126 in
1650 1084 1929 1128 massam
1988 1064 2410 1149 sanguineam
2466 1061 2903 1139 resorbeatur,

693 1187 1016 1249 novasque
1049 1166 1274 1230 turbas
1309 1167 1566 1230 excitet.
1659 1166 2215 1232 Venae-sectionis
2248 1166 2469 1248 itaque
2510 1166 2671 1243 loco,
2702 1164 2902 1228 rebus

691 1268 787 1332 ita
815 1289 882 1332 se
911 1267 1322 1348 habentibus,
1355 1268 1736 1352 clysteribus
1764 1276 1934 1347 utor,
1966 1275 2033 1334 et
2064 1269 2323 1352 quidem
2355 1269 2437 1332 ad
2478 1269 2650 1332 diem
2692 1289 2904 1350 usque

693 1371 1165 1450 duodecimum,
1195 1371 1388 1435 modo
1419 1392 1611 1454 aeger
1640 1371 1723 1435 sit
1745 1371 2022 1455 juvenis,
2041 1379 2237 1454 atque
2257 1371 2671 1436 fermentatio
2700 1369 2903 1432 nimis

693 1475 992 1538 exaltata.

389 1587 540 1635 Plura
561 1587 623 1634 de
790 1577 955 1660 [23]
1002 1577 1111 1659 (2.)
1162 1576 1412 1641 Verum
1457 1597 1493 1641 e
1527 1576 1869 1654 contrarie,
1912 1575 2043 1639 sive
2084 1575 2669 1640 venae-sectionem
2712 1575 2903 1640 adhi-

385 1667 617 1764 ἓξὲξ
691 1677 906 1742 bueris
951 1678 1083 1742 sive
1126 1679 1433 1758 omiseris,
1481 1679 1537 1742 si
1580 1678 1915 1762 sanguinis
1958 1679 2438 1743 effervescentia
2480 1678 2673 1742 nimis
2716 1679 2901 1742 elan·

692 1786 974 1864 guescat,
1014 1780 1299 1863 adeoque
1343 1780 1607 1844 stimulo
1652 1787 1840 1862 egeat
1868 1801 1953 1844 ne
1990 1780 2284 1844 Naturae
2320 1777 2642 1863 juvandae
2684 1779 2904 1862 impar

689 1883 921 1960 fuerit3
966 1889 1126 1947 tunc
1148 1883 1445 1966 equidem
1475 1905 1514 1946 a
1542 1883 1924 1966 clysteribus
1954 1883 2151 1946 etiam
2173 1890 2325 1947 ante
2347 1882 2519 1946 diem
2549 1882 2902 1960 decimum,

691 1987 1023 2070 multoque
1065 1987 1271 2068 magis
1315 2007 1392 2050 eo
1436 1985 1886 2069 praeterlapsO,
1918 2007 2175 2068 prorsus
2220 1985 2681 2050 abstinendum
2723 1985 2903 2056 arbi-

690 2095 847 2153 tror.
956 2088 1284 2153 Quorsum
1341 2089 1518 2152 enim
1569 2088 1893 2172 jacentem
1934 2090 2073 2172 jam
2130 2093 2199 2152 et
2242 2088 2435 2151 nimis
2480 2087 2905 2170 elanguidam

689 2189 1254 2254 fermentationem
1304 2190 1577 2254 ulterius
1624 2211 2023 2273 compescere
2068 2197 2264 2273 atque
2312 2189 2659 2273 reprimere
2700 2211 2903 2254 cona-

690 2292 955 2357 remur?
1033 2291 1228 2357 Quod
1273 2292 1328 2355 si
1375 2314 1525 2357 vero
1572 2300 1718 2376 post
1756 2300 2013 2376 tempus
2060 2293 2243 2372 illud,
2287 2292 2359 2355 in
2406 2293 2616 2357 morbi
2660 2313 2905 2375 nempe

693 2394 1141 2473 declinatione,
1173 2394 1553 2478 clysteribus
1592 2396 1815 2474 utaris,
1847 2396 2132 2479 profecto
2162 2417 2295 2460 non
2330 2395 2547 2460 minus
2578 2394 2903 2460 absonum

692 2497 760 2562 id
789 2497 984 2561 fuerit
1019 2505 1214 2581 atque
1244 2497 1324 2563 ab
1367 2498 1546 2563 omni
1586 2499 1836 2563 ratione
1878 2498 2182 2577 alienum,
2216 2520 2411 2583 quam
2452 2498 2507 2563 si
2538 2499 2679 2582 quis
2710 2498 2902 2563 effer-

690 2600 975 2664 vescenti
1046 2601 1381 2665 cerevisiae
1439 2602 1633 2665 nimis
1708 2601 1999 2685 amplum-
2068 2601 2456 2684 spiraculum
2530 2602 2857 2685 aperuerit
2886 2626 2901 2663 ε

691 2704 934 2767 etenim
979 2710 1201 2787 aperto
1237 2704 1349 2769 illo
1389 2705 1705 2787 spiraculo
1739 2704 2152 2788 praepeditur
2187 2705 2464 2783 Natura,
2508 2726 2634 2788 quo
2678 2705 2904 2769 minus

689 2806 774 2871 ad
802 2806 1166 2871 morbificae
1194 2807 1502 2871 materiae
1531 2807 1999 2889 separationem
2028 2807 2231 2871 unitis
2258 2807 2501 2871 viribus
2534 2806 2900 2871 incumbat.

700 2911 865 2995 [24.]
922 2911 1274 2995 Postquam
1320 2912 1521 2994 igitur
1561 2911 1659 2975 vel
1702 2911 2140 2976 mediantibus
2184 2911 2711 2976 evacuationibus
2758 2912 2901 2974 ido·

688 3013 828 3078 neis
865 3020 1058 3098 atque
1102 3014 1480 3098 opportunis
1521 3034 1712 3097 aeger
1748 3012 1868 3094 ἔξω
1893 3012 2148 3091 βελῶν’“
2177 3014 2426 3098 positus
2452 3014 2651 3078 fuerit
2692 3036 2903 3097 quan-

690 3122 834 3180 tum
881 3117 964 3180 ad
1008 3117 1123 3180 illa
1166 3122 1601 3200 symptomata
1646 3116 1884 3179 attinet
1932 3137 2097 3200 quae
2144 3138 2221 3181 ex
2272 3117 2475 3181 nimia
2517 3116 2903 3181 ebullitione

691 3224 1068 3295 nascuntur,
1116 3218 1217 3282 vel
1273 3217 1538 3281 morbus
1578 3219 1714 3301 jam
1768 3216 2222 3297 declinaverit3
2286 3225 2531 3303 quanto
2576 3219 2785 3301 magis
2830 3240 2903 3282 a·

692 3319 984 3383 strictam
1011 3319 1105 3382 illi
1151 3319 1365 3383 alvum
1392 3320 1791 3403 praestiter0‚
1824 3327 2011 3385 tanto
2052 3321 2259 3404 magis
2290 3320 2459 3386 eam¹
2510 3328 2691 3385 extra
2729 3322 2903 3404 peri·

693 3420 824 3484 culi
841 3420 1058 3491 ‚aleam
1080 3422 1319 3485 colloco
1331 3446 1350 3501 3
1383 3442 1617 3505 nempe
1636 3422 1875 3487 Febrili
1897 3424 2169 3487 materia
2190 3424 2273 3487 ad
2290 3424 2391 3488 sui
2412 3423 2903 3487 concoctionem

693 3523 973 3587 suaviter
1023 3544 1097 3587 ac
1147 3523 1384 3588 blande
1431 3525 1893 3608 propendente.
1987 3525 2305 3590 Quocirca
2343 3526 2397 3589 si
2441 3525 2905 3610 praecedentes

693 3626 1136 3690 evacuationes
1196 3627 1588 3709 sanguineae
1648 3649 1893 3691 massae
1945 3628 2128 3711 quasi
2184 3629 2517 3693 laxitatem
2569 3628 2903 3712 quandam

691 3728 1085 3807 induxerint,
1130 3730 1230 3793 vel
1269 3730 1575 3794 inducere
1622 3731 1973 3807 minentur,
2018 3731 2120 3795 vel
2168 3752 2358 3814 aeger
2402 3738 2554 3795 ante
2598 3730 2901 3794 debitum

691 3837 948 3914 tempus
994 3831 1200 3897 Febre
1256 3832 1504 3897 levatus
1545 3832 1763 3911 fuerit,
1808 3832 1910 3896 vel
1958 3832 2155 3895 etiam
2198 3833 2421 3897 Febris
2467 3832 2552 3897 ad
2596 3834 2905 3898 ultimam

695 3954 879 3997 suam
928 3934 1264 4017 periodum
1313 3934 1696 4018 pervenerit,
1742 3955 1879 3998 non
1925 3935 2135 3999 solum
2172 3943 2473 3999 enemata
2513 3936 2738 4018 procul
2782 3936 2903 4000 ha-

693 4036 832 4101 beri
877 4037 1037 4115 volo,
1091 4037 1205 4100 sed
1251 4045 1317 4101 et
1356 4036 1794 4101 cardiacorum
1843 4058 2031 4121 opem
2076 4044 2269 4120 atque
2308 4037 2619 4102 auxilium
2664 4059 2903 4121 sugge-

691 4138 970 4203 rendum
999 4139 1298 4219 arbitror,
1327 4146 1522 4224 atque
1549 4160 1703 4204 mox
1732 4138 1814 4203 ad
1844 4140 2061 4205 alvum
2090 4140 2621 4223 adstringendum
2652 4148 2903 4207 memet

695 4243 986 4327 accingo.

759 4397 784 4431 k
815 4395 900 4457 ἕξω
915 4395 1102 4459 Remu]
1115 4394 1150 4443 i.
1162 4411 1203 4443 e.
1211 4404 1344 4444 extra
1353 4396 1540 4443 telorum
1545 4396 1745 4457 jactum,
1837 4394 2079 4453 Gaisford,
2102 4396 2312 4445 Parem.
2339 4398 2501 4445 Graec.

695 4474 759 4509 se.
779 4463 826 4507 in
850 4469 972 4508 tuto.-
1009 4461 1117 4508 vide
1135 4458 1330 4507 Erasmi
1355 4460 1508 4521 Adag.
1527 4459 1558 4508 i.
1576 4462 1621 4508 3.
1638 4462 1744 4517 93.;
1901 4457 1915 4490 ¹
1945 4458 2066 4519 eam]
2082 4476 2195 4509 ‚eum
2218 4460 2341 4509 ’edd.
2368 4460 2463 4518 ’66,
2488 4460 2581 4509 ’68.
