<?xml version="1.0" encoding="UTF-8"?>
<!DOCTYPE html PUBLIC "-//W3C//DTD XHTML 1.0 Transitional//EN"
    "http://www.w3.org/TR/xhtml1/DTD/xhtml1-transitional.dtd">
<html xmlns="http://www.w3.org/1999/xhtml" xml:lang="en" lang="en">
 <head>
  <title>
</title>
<meta http-equiv="Content-Type" content="text/html;charset=utf-8" />
  <meta name='ocr-system' content='tesseract 3.04.00' />
  <meta name='ocr-capabilities' content='ocr_page ocr_carea ocr_par ocr_line ocrx_word'/>
</head>
<body>
  <div class='ocr_page' id='page_1' title='image "./operaomnia00khgoog_0427.png"; bbox 0 0 3138 5006; ppageno 0'>
   <div class='ocr_carea' id='block_1_1' title="bbox 652 247 2522 314">
    <p class='ocr_par' dir='ltr' id='par_1_1' title="bbox 652 247 2522 314">
     <span class='ocr_line' id='line_1_1' title="bbox 652 247 2522 314; baseline 0.001 -3"><span class='ocrx_word' id='word_1_1' title='bbox 652 249 785 311; x_wconf 79' lang='lat'><strong>404</strong></span> <span class='ocrx_word' id='word_1_2' title='bbox 973 247 1180 312; x_wconf 86' lang='grc' dir='ltr'><strong>ΤΗΟ.</strong></span> <span class='ocrx_word' id='word_1_3' title='bbox 1232 248 1747 313; x_wconf 87' lang='lat' dir='ltr'>SYDENHAM</span> <span class='ocrx_word' id='word_1_4' title='bbox 1793 249 2197 314; x_wconf 80' lang='lat' dir='ltr'><strong>DISSERT.</strong></span> <span class='ocrx_word' id='word_1_5' title='bbox 2245 250 2522 313; x_wconf 80' lang='lat' dir='ltr'><strong>EPIST.</strong></span> 
     </span>
    </p>
   </div>
   <div class='ocr_carea' id='block_1_2' title="bbox 352 408 2862 1724">
    <p class='ocr_par' dir='ltr' id='par_1_2' title="bbox 352 408 2862 1415">
     <span class='ocr_line' id='line_1_2' title="bbox 383 408 2856 493; baseline 0 -20"><span class='ocrx_word' id='word_1_6' title='bbox 383 425 469 473; x_wconf 66' lang='lat' dir='ltr'><strong>Da</strong></span> <span class='ocrx_word' id='word_1_7' title='bbox 496 425 596 475; x_wconf 73' lang='lat' dir='ltr'><strong>Ar·</strong></span> <span class='ocrx_word' id='word_1_8' title='bbox 657 408 712 472; x_wconf 88' lang='lat' dir='ltr'><strong>si</strong></span> <span class='ocrx_word' id='word_1_9' title='bbox 740 415 917 473; x_wconf 85' lang='lat' dir='ltr'><strong>recta</strong></span> <span class='ocrx_word' id='word_1_10' title='bbox 946 429 1025 473; x_wconf 86' lang='lat' dir='ltr'><strong>ex</strong></span> <span class='ocrx_word' id='word_1_11' title='bbox 1054 408 1253 473; x_wconf 85' lang='lat' dir='ltr'><strong>animi</strong></span> <span class='ocrx_word' id='word_1_12' title='bbox 1284 409 1548 474; x_wconf 84' lang='lat' dir='ltr'><strong>arbitrio</strong></span> <span class='ocrx_word' id='word_1_13' title='bbox 1578 417 1644 474; x_wconf 89' lang='lat' dir='ltr'><strong>et</strong></span> <span class='ocrx_word' id='word_1_14' title='bbox 1672 410 1911 475; x_wconf 82' lang='lat' dir='ltr'><strong>virtute</strong></span> <span class='ocrx_word' id='word_1_15' title='bbox 1940 418 2097 474; x_wconf 84' lang='lat' dir='ltr'><strong>nata</strong></span> <span class='ocrx_word' id='word_1_16' title='bbox 2117 410 2526 493; x_wconf 87' lang='lat' dir='ltr'><strong>excipiamus,</strong></span> <span class='ocrx_word' id='word_1_17' title='bbox 2564 410 2856 493; x_wconf 84' lang='lat' dir='ltr'><strong>(quorum</strong></span> 
     </span>
     <span class='ocr_line' id='line_1_3' title="bbox 352 493 2857 605; baseline 0.001 -32"><span class='ocrx_word' id='word_1_18' title='bbox 352 493 631 605; x_wconf 43' lang='lat' dir='ltr'><strong>&#39;‘frcssllgs</strong></span> <span class='ocrx_word' id='word_1_19' title='bbox 656 531 792 574; x_wconf 86' lang='lat' dir='ltr'><strong>non</strong></span> <span class='ocrx_word' id='word_1_20' title='bbox 822 515 921 574; x_wconf 85' lang='lat' dir='ltr'><strong>est</strong></span> <span class='ocrx_word' id='word_1_21' title='bbox 950 532 1149 595; x_wconf 80' lang='lat' dir='ltr'><strong>capax</strong></span> <span class='ocrx_word' id='word_1_22' title='bbox 1169 510 1513 576; x_wconf 86' lang='lat' dir='ltr'><strong>brutorum</strong></span> <span class='ocrx_word' id='word_1_23' title='bbox 1534 514 1814 593; x_wconf 57' lang='lat' dir='ltr'><strong>natum)</strong></span> <span class='ocrx_word' id='word_1_24' title='bbox 1842 511 1961 577; x_wconf 91' lang='lat' dir='ltr'><strong>hos</strong></span> <span class='ocrx_word' id='word_1_25' title='bbox 1989 511 2181 596; x_wconf 87' lang='lat' dir='ltr'><strong>plane</strong></span> <span class='ocrx_word' id='word_1_26' title='bbox 2204 518 2566 595; x_wconf 80' lang='lat' dir='ltr'><strong>exaequant</strong></span> <span class='ocrx_word' id='word_1_27' title='bbox 2587 512 2857 591; x_wconf 81' lang='lat' dir='ltr'>belluae,</span> 
     </span>
     <span class='ocr_line' id='line_1_4' title="bbox 658 614 2856 700; baseline 0.001 -23"><span class='ocrx_word' id='word_1_28' title='bbox 658 614 791 677; x_wconf 93' lang='lat' dir='ltr'><strong>imo</strong></span> <span class='ocrx_word' id='word_1_29' title='bbox 834 619 901 679; x_wconf 89' lang='lat' dir='ltr'><strong>et</strong></span> <span class='ocrx_word' id='word_1_30' title='bbox 941 614 1099 680; x_wconf 86' lang='lat' dir='ltr'><strong>alios</strong></span> <span class='ocrx_word' id='word_1_31' title='bbox 1133 636 1356 680; x_wconf 87' lang='lat' dir='ltr'><strong>omnes</strong></span> <span class='ocrx_word' id='word_1_32' title='bbox 1401 616 1513 700; x_wconf 86' lang='lat' dir='ltr'><strong>qui</strong></span> <span class='ocrx_word' id='word_1_33' title='bbox 1546 637 1683 679; x_wconf 91' lang='lat' dir='ltr'><strong>non</strong></span> <span class='ocrx_word' id='word_1_34' title='bbox 1727 636 1877 679; x_wconf 90' lang='lat' dir='ltr'><strong>eum</strong></span> <span class='ocrx_word' id='word_1_35' title='bbox 1923 615 2047 679; x_wconf 86' lang='lat' dir='ltr'><strong>sibi</strong></span> <span class='ocrx_word' id='word_1_36' title='bbox 2103 614 2272 679; x_wconf 86' lang='lat' dir='ltr'><strong>vitae</strong></span> <span class='ocrx_word' id='word_1_37' title='bbox 2322 636 2586 698; x_wconf 88' lang='lat' dir='ltr'><strong>scopum</strong></span> <span class='ocrx_word' id='word_1_38' title='bbox 2633 637 2856 699; x_wconf 89' lang='lat' dir='ltr'><strong>propo-</strong></span> 
     </span>
     <span class='ocr_line' id='line_1_5' title="bbox 660 717 2858 802; baseline 0.001 -23"><span class='ocrx_word' id='word_1_39' title='bbox 660 723 853 795; x_wconf 87' lang='lat' dir='ltr'><strong>nunt,</strong></span> <span class='ocrx_word' id='word_1_40' title='bbox 876 723 953 780; x_wconf 92' lang='lat' dir='ltr'><strong>ut</strong></span> <span class='ocrx_word' id='word_1_41' title='bbox 982 718 1233 801; x_wconf 79' lang='lat' dir='ltr'><strong>prosint</strong></span> <span class='ocrx_word' id='word_1_42' title='bbox 1263 739 1458 801; x_wconf 90' lang='lat' dir='ltr'><strong>quam</strong></span> <span class='ocrx_word' id='word_1_43' title='bbox 1484 717 1801 802; x_wconf 78' lang='lat' dir='ltr'><strong>plurimis.</strong></span> <span class='ocrx_word' id='word_1_44' title='bbox 1893 717 2440 782; x_wconf 80' lang='lat' dir='ltr'><strong>commendatum</strong></span> <span class='ocrx_word' id='word_1_45' title='bbox 2468 739 2574 782; x_wconf 88' lang='lat' dir='ltr'><strong>me</strong></span> <span class='ocrx_word' id='word_1_46' title='bbox 2604 717 2858 795; x_wconf 83' lang='lat' dir='ltr'><strong>habeas,</strong></span> 
     </span>
     <span class='ocr_line' id='line_1_6' title="bbox 662 819 2862 903; baseline 0 -20"><span class='ocrx_word' id='word_1_47' title='bbox 662 840 839 903; x_wconf 83' lang='lat' dir='ltr'><strong>roge,</strong></span> <span class='ocrx_word' id='word_1_48' title='bbox 861 820 998 883; x_wconf 85' lang='lat' dir='ltr'><strong>viro</strong></span> <span class='ocrx_word' id='word_1_49' title='bbox 1028 820 1240 903; x_wconf 77' lang='lat' dir='ltr'><strong>sagaci</strong></span> <span class='ocrx_word' id='word_1_50' title='bbox 1278 827 1345 885; x_wconf 91' lang='lat' dir='ltr'><strong>et</strong></span> <span class='ocrx_word' id='word_1_51' title='bbox 1390 820 1846 898; x_wconf 81' lang='lat' dir='ltr'><strong>eruditissimO,</strong></span> <span class='ocrx_word' id='word_1_52' title='bbox 1878 820 2000 884; x_wconf 84' lang='lat' dir='ltr'>D¹²⁰</span> <span class='ocrx_word' id='word_1_53' title='bbox 2031 820 2300 885; x_wconf 87' lang='lat' dir='ltr'><strong>Doctori</strong></span> <span class='ocrx_word' id='word_1_54' title='bbox 2331 820 2685 898; x_wconf 84' lang='lat' dir='ltr'><strong>Kendrick,</strong></span> <span class='ocrx_word' id='word_1_55' title='bbox 2717 819 2862 883; x_wconf 85' lang='lat' dir='ltr'>Tibi</span> 
     </span>
     <span class='ocr_line' id='line_1_7' title="bbox 662 921 2862 1006; baseline -0 -21"><span class='ocrx_word' id='word_1_56' title='bbox 662 921 951 1005; x_wconf 85' lang='lat' dir='ltr'><strong>mihique</strong></span> <span class='ocrx_word' id='word_1_57' title='bbox 991 922 1411 1000; x_wconf 79' lang='lat' dir='ltr'><strong>amicissim03</strong></span> <span class='ocrx_word' id='word_1_58' title='bbox 1456 929 1684 1006; x_wconf 85' lang='lat' dir='ltr'><strong>utpote</strong></span> <span class='ocrx_word' id='word_1_59' title='bbox 1723 922 1830 985; x_wconf 82' lang='lat' dir='ltr'><strong>cui</strong></span> <span class='ocrx_word' id='word_1_60' title='bbox 1869 921 2140 986; x_wconf 80' lang='lat' dir='ltr'><strong>debeam</strong></span> <span class='ocrx_word' id='word_1_61' title='bbox 2185 921 2360 1005; x_wconf 89' lang='lat' dir='ltr'><strong>quod</strong></span> <span class='ocrx_word' id='word_1_62' title='bbox 2389 922 2604 985; x_wconf 82' lang='lat' dir='ltr'><strong>Tuum</strong></span> <span class='ocrx_word' id='word_1_63' title='bbox 2646 922 2718 984; x_wconf 88' lang='lat' dir='ltr'><strong>in</strong></span> <span class='ocrx_word' id='word_1_64' title='bbox 2755 943 2862 985; x_wconf 89' lang='lat' dir='ltr'><strong>me</strong></span> 
     </span>
     <span class='ocr_line' id='line_1_8' title="bbox 666 1023 2860 1109; baseline 0 -22"><span class='ocrx_word' id='word_1_65' title='bbox 666 1024 763 1089; x_wconf 82' lang='lat' dir='ltr'><strong>ita</strong></span> <span class='ocrx_word' id='word_1_66' title='bbox 788 1045 1180 1108; x_wconf 89' lang='lat' dir='ltr'><strong>propensum</strong></span> <span class='ocrx_word' id='word_1_67' title='bbox 1210 1024 1501 1087; x_wconf 86' lang='lat' dir='ltr'><strong>animum</strong></span> <span class='ocrx_word' id='word_1_68' title='bbox 1542 1024 1925 1103; x_wconf 84' lang='lat' dir='ltr'><strong>resciverim,</strong></span> <span class='ocrx_word' id='word_1_69' title='bbox 1957 1044 2230 1109; x_wconf 88' lang='lat' dir='ltr'><strong>eamque</strong></span> <span class='ocrx_word' id='word_1_70' title='bbox 2260 1045 2389 1107; x_wconf 87' lang='lat' dir='ltr'><strong>qua</strong></span> <span class='ocrx_word' id='word_1_71' title='bbox 2415 1046 2521 1089; x_wconf 88' lang='lat' dir='ltr'><strong>me</strong></span> <span class='ocrx_word' id='word_1_72' title='bbox 2551 1023 2860 1107; x_wconf 87' lang='lat' dir='ltr'><strong>complec-</strong></span> 
     </span>
     <span class='ocr_line' id='line_1_9' title="bbox 667 1126 2858 1210; baseline -0 -20"><span class='ocrx_word' id='word_1_73' title='bbox 667 1126 824 1191; x_wconf 85' lang='lat' dir='ltr'><strong>teris</strong></span> <span class='ocrx_word' id='word_1_74' title='bbox 844 1126 1197 1191; x_wconf 78' lang='lat' dir='ltr'><strong>amicitiam</strong></span> <span class='ocrx_word' id='word_1_75' title='bbox 1215 1148 1291 1191; x_wconf 89' lang='lat' dir='ltr'><strong>eo</strong></span> <span class='ocrx_word' id='word_1_76' title='bbox 1318 1126 1732 1191; x_wconf 67' lang='lat' dir='ltr'><strong>intel-nuncio</strong></span> <span class='ocrx_word' id='word_1_77' title='bbox 1763 1126 2116 1189; x_wconf 86' lang='lat' dir='ltr'><strong>didicerim.</strong></span> <span class='ocrx_word' id='word_1_78' title='bbox 2191 1126 2511 1206; x_wconf 88' lang='lat' dir='ltr'><strong>Conabor,</strong></span> <span class='ocrx_word' id='word_1_79' title='bbox 2545 1133 2858 1210; x_wconf 77' lang='lat' dir='ltr'><strong>quantum</strong></span> 
     </span>
     <span class='ocr_line' id='line_1_10' title="bbox 668 1227 2862 1313; baseline 0 -22"><span class='ocrx_word' id='word_1_80' title='bbox 668 1228 741 1291; x_wconf 89' lang='lat' dir='ltr'><strong>in</strong></span> <span class='ocrx_word' id='word_1_81' title='bbox 779 1249 886 1293; x_wconf 91' lang='lat' dir='ltr'><strong>me</strong></span> <span class='ocrx_word' id='word_1_82' title='bbox 926 1235 1043 1307; x_wconf 89' lang='lat' dir='ltr'><strong>est,</strong></span> <span class='ocrx_word' id='word_1_83' title='bbox 1082 1236 1343 1293; x_wconf 89' lang='lat' dir='ltr'><strong>mutuas</strong></span> <span class='ocrx_word' id='word_1_84' title='bbox 1384 1228 1737 1293; x_wconf 85' lang='lat' dir='ltr'><strong>officiorum</strong></span> <span class='ocrx_word' id='word_1_85' title='bbox 1775 1228 1944 1292; x_wconf 84' lang='lat' dir='ltr'><strong>vices</strong></span> <span class='ocrx_word' id='word_1_86' title='bbox 1981 1227 2273 1307; x_wconf 81' lang='lat' dir='ltr'><strong>reddere,</strong></span> <span class='ocrx_word' id='word_1_87' title='bbox 2319 1234 2387 1293; x_wconf 85' lang='lat' dir='ltr'><strong>et</strong></span> <span class='ocrx_word' id='word_1_88' title='bbox 2429 1249 2547 1313; x_wconf 79' lang='lat' dir='ltr'><strong>pm·</strong></span> <span class='ocrx_word' id='word_1_89' title='bbox 2586 1229 2724 1312; x_wconf 87' lang='lat' dir='ltr'><strong>pari</strong></span> <span class='ocrx_word' id='word_1_90' title='bbox 2762 1248 2862 1292; x_wconf 85' lang='lat' dir='ltr'><strong>re-</strong></span> 
     </span>
     <span class='ocr_line' id='line_1_11' title="bbox 664 1330 1974 1415; baseline -0.002 -20"><span class='ocrx_word' id='word_1_91' title='bbox 664 1331 853 1410; x_wconf 86' lang='lat' dir='ltr'><strong>ferre,</strong></span> <span class='ocrx_word' id='word_1_92' title='bbox 883 1336 1109 1415; x_wconf 86' lang='lat' dir='ltr'><strong>utpote</strong></span> <span class='ocrx_word' id='word_1_93' title='bbox 1138 1332 1250 1414; x_wconf 90' lang='lat' dir='ltr'><strong>qui</strong></span> <span class='ocrx_word' id='word_1_94' title='bbox 1278 1331 1399 1394; x_wconf 87' lang='lat' dir='ltr'><strong>sim</strong></span> <span class='ocrx_word' id='word_1_95' title='bbox 1421 1331 1568 1414; x_wconf 89' lang='lat' dir='ltr'><strong>jure</strong></span> <span class='ocrx_word' id='word_1_96' title='bbox 1597 1330 1974 1413; x_wconf 86' lang='lat' dir='ltr'><strong>meritoque,</strong></span> 
     </span>
    </p>

    <p class='ocr_par' dir='ltr' id='par_1_3' title="bbox 1270 1433 2718 1724">
     <span class='ocr_line' id='line_1_12' title="bbox 1270 1433 1838 1517; baseline -0.004 -18"><span class='ocrx_word' id='word_1_97' title='bbox 1270 1435 1392 1499; x_wconf 89' lang='lat' dir='ltr'><strong>Vir</strong></span> <span class='ocrx_word' id='word_1_98' title='bbox 1421 1433 1838 1517; x_wconf 84' lang='lat' dir='ltr'><strong>Dignissime,</strong></span> 
     </span>
     <span class='ocr_line' id='line_1_13' title="bbox 1528 1536 2236 1615; baseline -0.003 -14"><span class='ocrx_word' id='word_1_99' title='bbox 1528 1536 1676 1601; x_wconf 85' lang='lat' dir='ltr'><strong>Tibi</strong></span> <span class='ocrx_word' id='word_1_100' title='bbox 1705 1536 2236 1615; x_wconf 78' lang='lat' dir='ltr'><strong>devinctissimus,</strong></span> 
     </span>
     <span class='ocr_line' id='line_1_14' title="bbox 1636 1638 2718 1724; baseline 0 -21"><span class='ocrx_word' id='word_1_101' title='bbox 1636 1638 1885 1724; x_wconf 80' lang='lat' dir='ltr'><strong>Tuique</strong></span> <span class='ocrx_word' id='word_1_102' title='bbox 1913 1659 2164 1722; x_wconf 86' lang='lat' dir='ltr'><strong>semper</strong></span> <span class='ocrx_word' id='word_1_103' title='bbox 2185 1638 2718 1721; x_wconf 72' lang='lat' dir='ltr'><strong>studiosissimus,</strong></span> 
     </span>
    </p>
   </div>
   <div class='ocr_carea' id='block_1_3' title="bbox 1891 1740 2686 1815">
    <p class='ocr_par' dir='ltr' id='par_1_4' title="bbox 1891 1740 2686 1815">
     <span class='ocr_line' id='line_1_15' title="bbox 1891 1740 2686 1815; baseline 0 -10"><span class='ocrx_word' id='word_1_104' title='bbox 1891 1740 2102 1815; x_wconf 74' lang='lat' dir='ltr'><strong>THQ.</strong></span> <span class='ocrx_word' id='word_1_105' title='bbox 2151 1741 2686 1807; x_wconf 86' lang='lat' dir='ltr'><strong>SYDENHAM.</strong></span> 
     </span>
    </p>
   </div>
   <div class='ocr_carea' id='block_1_4' title="bbox 353 626 637 639">
    <p class='ocr_par' dir='ltr' id='par_1_5' title="bbox 353 626 637 639">
     <span class='ocr_line' id='line_1_16' title="bbox 353 626 637 639; baseline 0 4367"><span class='ocrx_word' id='word_1_106' title='bbox 353 626 637 639; x_wconf 95' lang='lat' dir='ltr'><strong> </strong></span> 
     </span>
    </p>
   </div>
   <div class='ocr_carea' id='block_1_5' title="bbox 660 1840 1139 1980">
    <p class='ocr_par' dir='ltr' id='par_1_6' title="bbox 660 1840 1139 1980">
     <span class='ocr_line' id='line_1_17' title="bbox 734 1840 981 1908; baseline -0.008 -13"><span class='ocrx_word' id='word_1_107' title='bbox 734 1840 981 1908; x_wconf 87' lang='lat' dir='ltr'><strong>Londini,</strong></span> 
     </span>
     <span class='ocr_line' id='line_1_18' title="bbox 660 1926 1139 1980; baseline 0.002 -1"><span class='ocrx_word' id='word_1_108' title='bbox 660 1926 785 1979; x_wconf 74' lang='lat' dir='ltr'><strong>Jan.</strong></span> <span class='ocrx_word' id='word_1_109' title='bbox 809 1930 896 1979; x_wconf 84' lang='lat'><strong>20.</strong></span> <span class='ocrx_word' id='word_1_110' title='bbox 926 1930 1139 1980; x_wconf 82' lang='lat'>1681-2.</span> 
     </span>
    </p>
   </div>
  </div>
 </body>
</html>
