3138 5006
449 455 535 504 De

352 520 630 567 VAmoms.
660 547 674 561 .

658 280 789 343 566
1278 277 1674 343 THOMAE
1721 276 2242 341 SYDENHAM

656 442 889 521 bitum,
930 462 1303 525 orgasmum
1348 460 1749 525 compescere
1791 460 1929 503 non
1968 438 2197 518 valeat,
2233 438 2433 522 (quod
2473 438 2549 502 in
2587 438 2888 502 Variolis'

655 546 998 631 msigniter
1026 544 1521 611 Confluentibus
1554 544 1678 608 sub
1705 544 1906 608 finem
1935 564 2160 608 earum
2187 564 2376 627 saepe
2405 543 2686 625 accidit,)
2723 550 2887 607 tum

656 658 880 713 octava
908 668 1163 731 quaque
1189 646 1351 711 hora
1378 646 1836 725 exhibendum,
1866 646 1970 710 vel
1997 646 2271 730 saepius,
2303 646 2359 710 si
2384 666 2549 729 opus
2577 644 2808 709 fuerit.

753 748 923 833 [12]
975 748 1068 813 At
1120 748 1176 811 si
1218 745 1521 812 Variolae
1573 747 2038 812 Interstinctae
2093 747 2360 826 fuerint,
2407 747 2564 811 satis
2611 746 2738 810 erit
2791 752 2882 808 ut

657 851 1060 916 solummodo
1090 850 1361 934 singulis
1404 850 1706 915 noctibus
1749 857 1896 934 post
1933 850 2198 935 plenam
2235 850 2640 934 eruptionem
2685 848 2880 913 exhi-

654 953 887 1018 beatur
914 953 1379 1037 paregoricum,
1412 959 1608 1037 atque
1638 952 1837 1016 etiam
1865 952 1936 1015 in
1963 952 2202 1016 minori
2231 952 2390 1016 dosi.

754 1056 921 1141 [18.]
978 1056 1464 1139 Qualiscumque
1494 1060 1714 1119 autem
1753 1055 2008 1138 generis
2035 1054 2338 1119 Variolae
2367 1054 2631 1134 fuerint,
2663 1061 2878 1137 atque

657 1159 856 1225 etiam
914 1158 1345 1242 qualicunque
1402 1157 1616 1222 morbi
1669 1164 1983 1242 tempore,
2041 1157 2100 1221 si
2152 1157 2472 1241 phrenitis
2531 1156 2872 1235 acciderit,

656 1262 924 1327 omnino
962 1268 1215 1345 oportet
1250 1268 1328 1324 ut
1364 1260 1734 1326 inordinato
1765 1261 2112 1345 spirituum
2149 1262 2360 1325 motui
2386 1261 2686 1325 fraenum
2714 1260 2876 1343 inji-

656 1364 902 1442 ciatur3
948 1381 1023 1427 ac
1050 1361 1338 1447 proinde,
1359 1362 1413 1426 si
1434 1362 1611 1446 prior
1630 1364 1984 1447 paregorici
2021 1362 2192 1428 dosis
2220 1370 2466 1427 metam
2492 1385 2629 1427 non
2664 1364 2874 1427 attin-

660 1472 791 1550 gat,
824 1466 951 1531 alia
988 1472 1181 1548 atque
1212 1465 1339 1530 alia
1366 1473 1752 1545 assumatur,
1785 1465 1989 1530 donec
2031 1466 2356 1530 tumultus
2383 1466 2645 1549 penitus
2691 1488 2874 1530 com-

658 1575 991 1653 pescatur3
1034 1568 1414 1652 interposito
1460 1568 1635 1633 inter
1685 1569 1976 1652 singulas
2025 1568 2210 1634 doses
2251 1570 2460 1654 spatio
2511 1570 2749 1653 aliquo,
2789 1576 2878 1633 ut

659 1692 1036 1755 pernoscere
1065 1671 1407 1749 valeamus,
1438 1679 1662 1735 utrum
1701 1672 1872 1737 dosis
1904 1672 2136 1737 ultima
2176 1672 2244 1736 id
2286 1672 2457 1756 quod
2495 1673 2876 1757 quaerimus

658 1773 1069 1857 praestiterit,
1102 1779 1451 1857 antequam
1480 1794 1648 1839 nova
1673 1774 2026 1858 ingeratur.

760 1874 983 1959 [19.]m
1032 1875 1104 1939 Si
1142 1876 1517 1939 omnimoda
1552 1876 1779 1941 urinae
1823 1877 2186 1961 suppressio
2229 1876 2552 1956 acciderit,
2585 1898 2784 1961 aeger
2839 1898 2880 1942 e

574 1960 590 1976 ⁸
660 1980 827 2045 lecto
858 1980 1195 2059 eximatur,
1229 1988 1295 2045 et
1324 1980 1802 2065 aliquantulum
1830 1981 2226 2046 obambulet.

250 3919 255 3924 ·
365 3891 585 3940 Infantes

362 3971 555 4020 spasmo

362 4021 565 4084 correpti
588 4027 644 4068 ut

760 2081 927 2167 [20]
946 2092 975 2119 ¹²
1023 2082 1097 2147 Si
1125 2082 1323 2149 saliva
1350 2084 1433 2148 ob
1465 2084 1745 2149 calorem
1776 2084 1858 2148 sit
1890 2084 2050 2149 adeo
2077 2083 2318 2149 viscida
2353 2092 2432 2148 ut
2470 2086 2882 2169 expectorari

662 2208 799 2251 non
825 2186 1046 2270 possit,
1076 2192 1222 2261 tum
1252 2186 1650 2271 gargarisma
1677 2209 1829 2251 cum
1865 2188 2126 2273 syringa
2155 2209 2343 2273 saepe
2372 2188 2443 2251 in
2470 2189 2691 2253 fauces
2719 2190 2880 2273 inji-

662 2288 889 2353 ciatur.
980 2288 1421 2371 componatur
1448 2310 1485 2354 e
1512 2290 1815 2355 cerevisia
1841 2291 2046 2369 tenui,
2086 2292 2188 2356 vel
2228 2313 2395 2374 aqua
2428 2291 2676 2371 hordei,
2719 2312 2886 2357 cum

661 2391 852 2457 melle
880 2412 1191 2456 rosarum.
1282 2392 1408 2457 Vel
1438 2414 1712 2479 sequens
1742 2394 2038 2479 usurpari
2065 2396 2306 2479 poterit
2325 2420 2436 2459 :—

668 2525 871 2595 [Form.
902 2527 1089 2591 180,]ο
1128 2525 1193 2607 R
1232 2529 1458 2583 corticis
1483 2529 1632 2584 Ulmi
1658 2531 1934 2585 drachmas
1957 2547 2068 2595 sex,

1228 2615 1448 2670 Radicis
1472 2617 1849 2688 Glycyrrhizae
1871 2618 2233 2683 semiunciam,

1232 2701 1479 2757 Passulas
1506 2705 1809 2759 enucleatas
1831 2705 2042 2774 viginti,

1230 2787 1493 2843 Rosarum
1519 2791 1823 2844 Rubrarum
1849 2792 2077 2862 pugillus
2101 2793 2266 2856 duos;

948 2873 1134 3014 {loque
1166 2874 1459 2931 sufficiente
1482 2879 1780 2948 quantitate
1813 2893 1985 2948 aquae
2007 2878 2076 2932 ad
2101 2879 2501 2950 saequilibmm3
2537 2880 2594 2934 in
2631 2879 2884 2933 colatura

990 2962 1173 3015 issolve

1234 3049 1527 3122 Oxymellis
1551 3053 1824 3124 simplicis,

1232 3137 1413 3192 Mellis
1436 3139 1718 3205 Rosarum,
1741 3157 1848 3194 ana
1871 3140 2060 3194 uncias
2083 3139 2244 3202 duas3

949 3224 1153 3290 Misce3
1190 3227 1283 3280 fiat
1309 3228 1654 3296 gargarisma.

764 3344 981 3428 [21.]1>
1030 3345 1101 3408 Si
1148 3345 1526 3430 epispastico
1577 3367 1737 3430 opus
1788 3346 2006 3425 fuerit,
2061 3347 2349 3431 amplum
2401 3347 2557 3411 satis
2605 3354 2674 3412 et
2724 3369 2880 3413 acre

664 3447 918 3511 nuchae
976 3448 1331 3532 applicetur
1380 3456 1572 3513 nocte
1629 3450 1757 3514 ista
1821 3471 1984 3534 quae
2043 3471 2350 3533 magnam
2407 3450 2615 3514 morbi
2673 3450 2878 3514 crisin

664 3550 1023 3635 praecedit:
1070 3573 1217 3616 mox
1264 3552 1344 3616 ab
1390 3560 1721 3636 assumpto
1764 3553 2134 3637 paregorico
2177 3553 2416 3637 plantis
2461 3575 2715 3638 quoque
2757 3575 2876 3637 pe-

667 3653 822 3718 dum
871 3655 1175 3738 applicari
1221 3662 1433 3739 potest
1483 3655 1726 3734 allium,
1775 3678 1815 3719 a
1860 3655 1964 3720 die
2011 3662 2236 3720 octavo
2285 3677 2492 3740 usque
2535 3656 2617 3720 ad
2659 3656 2876 3720 morbi

666 3761 885 3838 finem,
917 3759 1188 3842 singulis
1219 3759 1444 3824 diebus
1474 3759 1936 3824 renovandum.

766 3861 969 3948 [22](Ι
1020 3863 1089 3925 Si
1110 3863 1345 3942 infans,
1372 3863 1452 3927 de
1482 3865 1932 3948 symptomatis
1957 3863 2386 3927 dentitionem
2409 3863 2878 3928 comitantibus

662 3967 795 4051 jam
844 3987 1125 4045 securus,
1180 3966 1528 4051 derepente
1577 3989 1832 4052 spasmo
1881 3967 2243 4050 corripitur,
2295 3966 2401 4030 hic
2451 3966 2877 4050 cogitandum

362 4086 611 4135 tractandi.
670 4075 787 4147 est,
840 4069 1322 4134 convulsionem
1372 4071 1564 4134 istam
1614 4071 1903 4134 fortassis
1956 4092 1995 4135 a
2043 4071 2338 4134 Naturae
2395 4077 2653 4148 conatu,
2708 4093 2878 4155 quae

669 4172 983 4252 VariolaS,
1017 4174 1427 4238 scarlatinam
1469 4173 1735 4254 febrem,
1779 4180 1893 4238 aut
1937 4172 2286 4252 morbillos,
2316 4173 2389 4237 in
2431 4173 2715 4257 corporis
2759 4175 2880 4238 ha·

732 4336 777 4364 m
812 4329 887 4377 cf.
916 4331 1100 4378 observ.
1128 4331 1252 4378 Med.
1276 4329 1341 4378 iii..
1368 4331 1412 4378 2.
1438 4331 1515 4380 64.
1877 4337 1905 4376 Ρ
1941 4329 2137 4378 Desunt
2169 4332 2221 4391 βξ
2258 4331 2336 4386 21,
2368 4331 2431 4378 22
2465 4329 2516 4378 iu
2551 4329 2628 4379 ed.
2662 4331 2776 4386 ’9³3
2815 4331 2878 4379 cf.

735 4401 763 4427 ¹¹
800 4394 875 4441 Cf.
900 4397 1011 4443 ibid.
1036 4393 1107 4440 iii.
1130 4397 1175 4443 2.
1200 4396 1278 4445 61.
1817 4399 2014 4444 Dissert.
2039 4397 2190 4456 Epist.
2216 4397 2240 4454 ς
2264 4397 2326 4444 43
2351 4409 2424 4458 sq.

734 4465 760 4490 0
796 4459 873 4508 Cf.
893 4459 1031 4506 form.
1065 4460 1140 4508 21.
1885 4469 1912 4505 q
1949 4461 2024 4511 Cf.
2051 4463 2160 4508 ibid.
2185 4462 2208 4520 5
2237 4462 2311 4507 28.
