3138 5006
600 241 1389 308 OBSERVATIONUM
1433 238 2004 308 MEDICARUM
2047 251 2112 304 V.
2148 256 2202 305 2.
2372 243 2504 309 213

294 399 559 482 πάντ-αὶ,
609 399 977 488 [(Hippocr.
1023 403 1179 482 Leoe,
1217 410 1268 468 t.
1315 403 1360 468 i.
1404 425 1467 487 p.
1505 405 1595 487 4.)
1639 403 1684 470 i.
1712 424 1768 467 e.
1807 409 2185 486 repugnante
2226 402 2502 484 Natura,
2573 411 2773 462 Femu-

292 507 460 569 mm
498 507 821 569 Mediana
854 505 1131 588 proficit.
1168 505 1358 588 (Cels.
1400 505 1499 568 De
1538 505 1713 568 Med.
1755 503 1844 568 iii.
1878 501 2000 590 1.)]
2090 504 2309 588 Atque
2340 505 2503 569 mus
2524 477 2806 591 ξξξξξξμ

294 609 561 691 quidem
588 630 713 672 usu
732 609 949 673 venire
978 615 1245 672 autumo
1273 608 1345 671 in
1368 606 1574 672 Febre
1595 607 1716 672 hac
1742 606 2114 691 particulari
2136 608 2216 673 de
2239 628 2366 692 qua
2393 608 2499 673 hic
2557 605 2760 656 ⁹⁷³·'⁷⁵·

292 711 571 794 agimus,
584 731 797 793 quam,
816 709 1157 793 multiplici
1178 708 1574 791 experientia
1594 707 1877 786 edoctus,
1897 708 2052 771 satis
2075 708 2205 773 scio
2229 708 2368 772 sine
2389 729 2496 772 su·
2524 718 2589 794 In·
2603 719 2694 767 hae
2709 719 2802 796 1⁴³9-

291 811 559 876 (loribus
580 812 793 895 fugari
818 833 1003 895 posse
1010 838 1031 890 3
1062 833 1327 894 aegrum
1349 810 1563 889 etiam,
1595 810 1754 873 dum
1784 810 2041 890 eosdem
2061 809 2494 893 importunius
2518 783 2803 909 32:2¹3?

291 913 708 992 solicitamus,
739 933 1198 995 saepenumero
1233 912 1416 976 nulla
1461 918 1734 994 cogente
1766 913 2148 978 necessitate
2181 913 2252 977 in
2286 916 2492 978 mani-
2517 911 2773 989 ⁸¹²d0fib¹²⁸

289 1016 535 1080 festum
572 1016 739 1079 vitae
776 1015 1122 1079 discrimen
1156 1014 1405 1098 conjici,
1448 1035 1487 1077 a
1525 1013 1795 1077 materia
1830 1014 2160 1080 morbifica
2195 1017 2267 1080 in
2300 1031 2494 1102 caput
2515 976 2775 1102 {22:¹th-

289 1139 551 1181 sursum
572 1119 725 1182 lata.
771 1116 1085 1181 Attamen
1109 1137 1321 1199 neque
1348 1117 1421 1179 in
1448 1115 1572 1180 hac
1602 1114 1825 1195 Febre,
1849 1137 2060 1199 neque
2087 1118 2161 1182 in
2188 1119 2316 1183 alia
2336 1142 2491 1203 qua-
2517 1103 2781 1218 ffigffiss’fi

287 1218 455 1283 libet
490 1218 589 1282 vel
632 1239 709 1282 ex
752 1218 845 1282 eis
876 1239 1039 1301 quae
1082 1218 1314 1282 sudore
1350 1217 1573 1282 critico
1617 1217 1774 1282 solvi
1807 1240 1943 1283 non
1983 1220 2211 1300 solent,
2243 1222 2298 1284 si
2325 1221 2492 1286 forte
2517 1230 2750 1280 sollicita-

288 1319 741 1403 hujuscemodi
770 1318 967 1383 sudor
992 1317 1220 1382 morbo
1242 1320 1381 1402 jam
1408 1319 1758 1384 imminuto
1781 1327 2011 1405 sponte
2032 1323 2491 1405 supervenerit,
2513 1295 2706 1346 bantur.

291 1442 489 1505 quem
526 1442 606 1485 ex
644 1427 1150 1505 symptomatum
1188 1421 1481 1486 omnium
1518 1423 1894 1488 remissione
1933 1423 2189 1488 debitae
2228 1445 2492 1489 concoc-

287 1523 489 1587 tionis
534 1522 819 1587 sobolem
866 1543 1004 1588 esse
1048 1521 1454 1602 arbitremur,
1500 1523 1909 1588 Medicorum
1956 1525 2492 1606 prudentissimus

290 1625 564 1708 quisque
607 1646 756 1688 eum
796 1630 1207 1703 contemnet,
1257 1624 1373 1687 ubi
1414 1645 1563 1689 vero
1603 1646 1740 1689 non
1781 1625 1876 1692 ita
1917 1631 2146 1708 sponte
2189 1627 2342 1705 exit,
2381 1627 2493 1710 qui

288 1733 471 1790 certo
522 1725 681 1790 scire
724 1746 1061 1810 possumus
1113 1747 1200 1789 an
1249 1746 1385 1790 non
1436 1726 1766 1790 hominem
1817 1746 1854 1790 e
1905 1726 2118 1790 medio
2167 1727 2490 1807 tollamus,

290 1828 453 1891 dum
489 1827 791 1893 humores
827 1829 1141 1911 regimine
1172 1834 1238 1892 et
1274 1828 1580 1894 cardiacis
1617 1828 2026 1893 calidioribus
2065 1828 2148 1893 ad
2177 1829 2492 1913 ejusmodi

288 1929 555 1995 sudores
592 1930 929 2013 disponere
956 1929 1273 1993 nitimur?
1324 1929 1395 1992 Si
1424 1930 1567 2014 quis
1603 1929 1770 1995 forte
1806 1930 1880 1994 in
1914 1929 2292 1995 thesaurum
2328 1931 2490 1996 inci-

290 2033 481 2111 derit,
519 2033 647 2096 nisi
689 2032 982 2115 desipiat,
1020 2031 1222 2095 humo
1264 2031 1488 2109 tollet,
1540 2033 1780 2097 stultus
1825 2039 2042 2096 autem
2085 2033 2170 2098 sit
2214 2039 2487 2118 oportet,

290 2134 423 2216 qui,
442 2133 567 2197 hac
592 2133 799 2197 fretus
826 2133 1106 2211 fortuna,
1126 2153 1386 2197 omnem
1416 2132 1680 2197 adhibet
1703 2154 1962 2216 operam
1982 2139 2059 2199 ut
2089 2134 2289 2197 alium
2319 2135 2486 2219 ejus-

286 2235 467 2300 modi
498 2255 647 2300 cum
667 2235 835 2299 vitae
863 2235 1147 2320 periculo
1176 2235 1586 2318 adipiscatur.
1663 2235 1810 2300 Quo
1832 2257 1981 2301 vero
2011 2256 2266 2320 cunque
2294 2236 2490 2302 modo

284 2338 447 2402 haec
476 2358 545 2402 se
580 2358 681 2401 res
710 2336 965 2416 habeat,
994 2337 1157 2400 mihi
1194 2337 1451 2401 abunde
1481 2343 1757 2417 constat,
1794 2339 2000 2404 solam
2035 2337 2278 2403 febrem
2318 2339 2486 2403 calo·

282 2460 426 2505 rem
472 2460 622 2503 eum
665 2459 885 2505 secum
931 2438 1199 2518 adferre,
1243 2439 1355 2522 qui
1393 2439 1701 2505 materiae
1744 2439 1960 2505 febrili
2004 2440 2086 2503 ad
2129 2440 2488 2507 coctionem

282 2541 761 2625 praeparandae
802 2541 1003 2624 possit
1048 2542 1356 2620 sufficere,
1398 2562 1612 2625 neque
1656 2562 1732 2606 eo
1773 2542 2194 2607 intensiorem
2237 2564 2279 2607 a
2318 2543 2486 2627 regi-

284 2644 465 2707 mine
492 2643 734 2707 fervido
761 2641 1114 2707 forinsecus
1144 2643 1620 2709 accersendum.

385 2744 553 2829 [17.]
606 2744 973 2809 Praefatam
1036 2744 1418 2809 methodum
1473 2766 1590 2828 per
1645 2745 2226 2811 venae-sectionem
2291 2751 2488 2828 atque

286 2855 589 2913 enemata
627 2847 701 2912 in
742 2847 1011 2931 hujusce
1054 2846 1277 2910 Febris
1322 2847 1654 2911 curatione
1699 2868 1892 2930 quam
1935 2847 2298 2911 felicissime
2340 2868 2485 2911 suc-

286 2950 515 3015 cedere
543 2948 1048 3033 comperiebam3
1094 2968 1237 3012 eam
1263 2967 1435 3025 vero,
1458 2947 1709 3031 quoties
1739 2970 1778 3010 a
1805 2947 2256 3031 diaphoreticis
2285 2948 2486 3011 laces-

286 3057 557 3129 seretur,
588 3072 725 3115 non
760 3050 970 3115 solum
998 3050 1295 3114 anomala
1329 3049 1612 3133 malique
1651 3050 1850 3113 moris
1887 3055 2337 3133 symptomata,
2371 3048 2484 3113 sed

284 3153 487 3217 etiam
530 3151 801 3216 dubium
840 3172 1091 3234 semper
1128 3152 1395 3229 exitum,
1425 3150 1748 3215 habuisse.
1837 3150 2024 3215 Inter
2053 3156 2484 3234 symptomata
2508 3170 2686 3234 Stupor
2707 3190 2788 3224 co-

286 3253 613 3320 eminebat
640 3254 911 3317 tacitum
940 3252 1104 3316 illud
1136 3252 1450 3331 delirium,
1474 3252 1649 3335 quod
1676 3272 1811 3316 non
1840 3258 1978 3316 tam
2005 3252 2236 3316 insana
2260 3252 2482 3335 loqua-
2505 3244 2773 3349 Ξζξῖιξῗξ

284 3357 485 3421 citate
512 3376 581 3419 se
608 3356 940 3440 prodebat,
973 3375 1167 3438 quam
1196 3360 1455 3436 stupore
1484 3374 1670 3419 coma
1715 3353 2103 3432 aemulante,
2145 3354 2316 3437 quod
2361 3356 2483 3438 (uti
2505 3319 2741 3443 τρεςῑοιιιξ

296 3460 367 3544 [ᾧ
400 3458 496 3541 3.]
534 3458 854 3541 diximus,)
898 3457 1050 3520 huic
1089 3455 1282 3519 Febri
1316 3456 1618 3537 frequens
1655 3453 1902 3519 solebat
1939 3456 2243 3521 accidere.
2335 3456 2482 3521 Hoc
2505 3426 2772 3541 ffigossffiu'

284 3568 667 3644 symptoma,
696 3560 848 3624 licet
875 3579 1298 3642 nonunquam
1339 3565 1569 3640 sponte
1607 3578 1724 3620 sua
1760 3563 1975 3622 ortum
2004 3558 2166 3621 illud
2193 3558 2479 3638 viderim,
2503 3554 2780 3665 importune

284 3685 325 3727 a
345 3663 551 3727 nimia
576 3669 795 3726 tamen
822 3661 1211 3725 curatricum
1234 3658 1569 3741 diligentia
1597 3659 1668 3722 in
1694 3660 2110 3744 provocandis
2139 3661 2480 3726 sudoribus
2501 3633 2768 3740 ξιιᾙῗῗῖ·

282 3766 455 3829 male
482 3764 709 3848 posita,
747 3768 825 3826 ut
852 3762 1203 3845 plurimum
1238 3759 1674 3824 invitabatur:
1740 3761 1864 3825 hoc
1900 3762 2076 3825 enim
2113 3769 2302 3846 pacto
2339 3784 2474 3827 ma·
2498 3745 2766 3860 fflsslfig‘ff

280 3866 448 3929 teria
482 3862 831 3942 morbifica,
871 3883 1033 3946 quae
1067 3862 1141 3926 in
1181 3862 1305 3925 hac
1342 3860 1564 3925 Febris
1602 3862 1811 3944 specie
1855 3862 2194 3927 sudoribus
2231 3885 2477 3928 morem
2497 3876 2594 3923 tur.

283 3986 506 4050 gerere
534 3965 890 4044 recusabat,
918 3964 1331 4030 vehementer
1367 3964 1690 4047 exagitata
1717 3965 1788 4027 in
1825 3972 2018 4048 caput
2055 3966 2324 4030 tandem
2351 3966 2477 4031 ele-

280 4069 555 4133 vabatur
583 4090 735 4132 cum
760 4068 1014 4150 ingenti
1044 4088 1382 4150 aegrorum
1410 4066 1798 4131 discrimine.

380 4169 547 4255 [18.]
602 4170 645 4232 J
647 4170 999 4254 ampridem
1018 4168 1436 4233 animadverti
1468 4167 1577 4250 [iv.
1599 4170 1661 4231 4.
1684 4168 1818 4251 12.]
1846 4168 1917 4230 in
1939 4166 2266 4231 curatione
2283 4166 2478 4232 febris

282 4272 761 4338 constitutionis
790 4270 1069 4349 alterius,
1093 4269 1264 4354 quod
1291 4291 1407 4353 per
1424 4270 1688 4333 ultimos
1718 4291 1921 4334 annos
1943 4268 2313 4352 hujusmodi
2343 4274 2476 4333 stu.

470 4403 483 4437 Ι
518 4400 591 4448 cf.
619 4414 724 4462 sup.
748 4399 814 4447 iii.
842 4402 885 4448 2.
910 4401 998 4455 54;
1036 4400 1188 4461 Epist.
1212 4399 1429 4460 Respont.
1454 4398 1522 4445 ΙΙ.
1549 4400 1574 4457 5
1600 4399 1690 4455 32ς
1729 4401 1928 4447 Dissert.
1951 4398 2104 4459 Epist.
2127 4398 2150 4457 ς
2181 4394 2289 4445 107.
