3138 5006
701 304 837 369 600
1333 304 1726 371 ΤΗΟΜΑΕ
1778 306 2301 373 SYDENHAM

491 480 573 527 Da
702 465 927 531 eadem
969 472 1162 531 nocte
1199 468 1643 552 paregoricum
1682 488 1760 532 ex
1802 468 2011 533 unciis
2041 468 2253 533 tribus
2298 491 2503 553 aquae
2547 490 2945 534 cerasorum

416 545 648 657 ᾆζᾚῗ
700 569 1031 653 nigrorum
1061 576 1129 634 et
1159 572 1381 655 syrupi
1410 571 1491 634 de
1521 570 1816 643 meconio
1843 571 2040 636 uncia
2066 593 2220 635 una.

427 688 530 731 ΜΒ,
555 674 646 722 ἔω·
799 676 920 761 [3.]
976 676 1211 741 Postea
1239 676 1654 760 aggrediatur
1680 698 1874 740 usum
1904 679 2315 762 sequentium
2337 704 2444 742 :—

701 858 904 929 [Form.
928 860 1082 925 242]
1157 856 1219 937 R,
1261 859 1384 913 Boli
1405 858 1669 915 Armenae
1692 861 1907 915 unciam
1931 879 2115 927 uuam,

1264 945 1502 1001 Pulveris
1523 947 1714 1001 radicis
1738 948 2022 1021 symphyti
2048 948 2328 1005 drachmas
2350 949 2502 1015 duas,

1263 1034 1458 1089 Terrae
1482 1034 1780 1105 sigillatae,

1263 1118 1484 1191 Lapidis
1510 1120 1856 1187 Haematitis‚

1259 1204 1550 1277 Sanguinis
1576 1207 1853 1273 Draconis,
1876 1224 1983 1261 ana
2006 1208 2315 1261 drachmam
2340 1225 2521 1273 unam,

1259 1294 1508 1349 Sacchari
1533 1295 1788 1349 albissimi
1813 1295 1884 1348 ad
1907 1296 2113 1366 pondus
2138 1297 2409 1357 omnium;

981 1380 1184 1446 Misce3
1229 1381 1324 1435 fiat
1357 1383 1532 1451 pulvis
1565 1382 1964 1447 subtilissimus,
1994 1384 2147 1452 cujus
2182 1383 2359 1452 capiat
2395 1381 2709 1436 drachmam
2748 1400 2923 1437 unam

978 1484 1152 1533 mane,
1176 1468 1364 1537 quinta
1398 1467 1779 1538 pomeridiana,
1804 1476 1858 1523 et
1882 1476 2055 1534 nocte,
2073 1468 2457 1539 sapei-bibendo
2492 1470 2771 1539 sequentis
2794 1486 2927 1538 apo-

979 1556 1201 1611 zematis
1223 1557 1407 1611 uncias
1431 1563 1662 1626 quatuor
1675 1575 1765 1608 :—

703 1724 904 1792 [Form.
931 1726 1084 1791 243]
1157 1721 1222 1803 Ra
1263 1722 1531 1779 Foliorum
1556 1722 1910 1795 PlantaginiS,

1263 1809 1591 1881 [Foliorum]
1620 1810 1765 1865 Rubi
1790 1810 2086 1881 SylvestriS,

1262 1896 1595 1962 [Foliorum]
1622 1897 1913 1961 Millefolii,
1936 1914 2043 1951 ana
2066 1898 2403 1967 manipulum
2428 1914 2631 1959 unum;

983 1984 1167 2055 coque
1201 1984 1494 2041 sufficiente
1530 1986 1832 2056 quantitate
1870 2002 2041 2055 aquae
2062 1983 2133 2037 ad
2156 1984 2557 2054 sesquilibram3
2588 1987 2647 2038 in
2681 1986 2921 2040 colatura

982 2069 1203 2126 dissolve
1239 2072 1428 2143 Sympi
1461 2072 1528 2126 de
1555 2071 1854 2141 Symphyto
1878 2072 2065 2125 uncias
2092 2070 2254 2134 duas;

983 2156 1186 2227 Misce:
1216 2159 1312 2215 fiat
1333 2176 1607 2231 apozema.

702 2330 828 2396 Vel
855 2330 1064 2415 capiat
1093 2332 1449 2397 cochlearia
1477 2352 1588 2396 sex
1618 2332 1947 2415 sequentis
1976 2331 2300 2395 tincturae
2324 2356 2429 2393 :—

699 2517 902 2588 [Form.
925 2518 1077 2582 244]
1090 2522 1118 2559 d
1161 2515 1224 2602 B,
1264 2517 1478 2572 Florum
1504 2517 1766 2571 Rosarum
1794 2517 2093 2571 Rubi-arum
2120 2515 2398 2569 drachmas
2423 2531 2534 2578 sex,

1269 2604 1496 2658 Corticis
1519 2605 1716 2658 interni
1742 2602 1983 2665 Quercus
2006 2603 2374 2665 semiunciam,

1263 2689 1540 2745 Seminum
1567 2690 1903 2760 Plantaginis
1923 2705 2110 2760 parum
2129 2696 2471 2742 contusorum
2491 2687 2777 2742 drachmas
2794 2697 2919 2754 tres,

1261 2778 1446 2848 Aquae
1471 2779 1721 2832 fontanae
1742 2778 1905 2832 libras
1926 2777 2077 2840 duas,

1264 2864 1496 2936 Spiritus
1519 2864 1735 2919 Viti-ioli
1758 2866 2112 2935 quantitatem
2147 2863 2495 2919 sufficientem
2518 2863 2589 2918 ad
2610 2863 2785 2918 levem
2812 2865 2921 2918 aei-

1336 2951 1558 3006 ditatem
1584 2972 1599 3015 3

981 3038 1344 3094 Infimdantur
1364 3041 1422 3093 in
1452 3056 1573 3094 vase
1596 3039 1795 3109 clauso,
1816 3040 1987 3094 calore
2021 3041 2149 3106 leni,
2172 3057 2265 3112 per
2289 3050 2516 3110 quatuor
2535 3040 2723 3094 horas:
2774 3041 2917 3094 cola-

981 3135 1128 3182 turae
1151 3125 1288 3181 adde

1261 3219 1449 3285 Aquae
1475 3214 1821 3269 cinnamomi
1849 3213 2153 3268 Hordeatae
2176 3215 2362 3268 uncias
2386 3223 2507 3278 tres,

1262 3301 1512 3356 Sacchari
1541 3301 1798 3354 albissimi
1822 3302 2173 3371 quantitatem
2199 3301 2541 3356 sufficientem

977 3399 1039 3443 ut
1062 3390 1156 3444 fiat
1175 3390 1408 3444 tinctura
1430 3389 1617 3460 gustui
1640 3397 1804 3459 grata.

793 3557 916 3642 [4.]
960 3559 1029 3622 Si
1051 3560 1132 3622 ab
1155 3581 1282 3624 usu
1300 3560 1580 3644 pulveris
1603 3559 1966 3638 abhorreat,
1988 3565 2216 3623 utatur
2234 3559 2581 3626 electuario
2610 3560 2683 3623 in
2700 3561 2915 3624 Fluxa

697 3659 1012 3724 Menaium
1039 3663 1362 3726 immodico
1391 3663 1806 3746 praescripto.
1850 3662 2019 3747 [sup.
2052 3681 2106 3725 c.
2138 3661 2277 3744 2⁷.]

799 3761 865 3846 [5
874 3762 919 3845 .]
974 3763 1226 3827 Enema
1264 3763 1550 3848 quotidie
1594 3765 1947 3848 injiciatur,
1986 3770 2054 3828 et
2089 3762 2455 3828 diacodium
2493 3763 2659 3828 hora
2698 3767 2919 3830 somni
3022 3775 3029 3780 '

699 3862 1099 3948 propinetur.
2120 3906 2135 3920 ·

777 3967 920 4056 [6.]
961 3967 1408 4034 Phlebotomia
1427 3969 1694 4054 insuper
1716 3969 1934 4051 semel,
1958 3969 2079 4050 bis,
2100 3969 2204 4034 vel
2229 3975 2333 4032 ter
2356 3967 2456 4050 (ut
2476 3988 2639 4050 opus
2660 3969 2914 4052 fuerit)

699 4069 1062 4150 reiteretur,
1108 4070 1334 4136 diebus
1377 4071 1622 4157 aliquot
1670 4073 2106 4157 interpositis3
2170 4079 2238 4136 et
2290 4071 2491 4136 semel
2544 4071 2819 4152 iterum,
2864 4073 2919 4136 si

699 4193 802 4236 res
831 4175 1133 4256 postulet,
1163 4182 1496 4259 repetatur
1522 4176 1703 4260 potio
1731 4177 2091 4260 purgativa.

791 4272 916 4360 [7.]
971 4277 1208 4342 Diaeta
1231 4279 1595 4345 incrassans
1625 4285 1692 4344 et
1719 4281 2113 4364 refrigerans
2141 4278 2563 4345 observanda.

1598 4413 1627 4452 d
1668 4417 1742 4467 Cf.
1766 4417 1905 4467 form.
1932 4417 2011 4466 65.
