3138 5006
679 248 1275 314 DISSERTATIO
1320 248 1938 316 EPISTOLARIS.
2296 250 2428 314 341·

243 430 423 493 quam
468 409 546 474 ob
597 429 854 480 causam
898 408 1065 473 febri
1110 408 1503 474 coercendae
1554 409 1650 474 ita
1698 410 2060 493 impensam
2118 430 2429 474 navemus
2457 422 2540 471 Du
2563 423 2736 472 vm.

242 532 504 596 operam,
533 533 733 596 quum
762 511 846 575 sit
874 512 985 576 illa
1014 510 1295 577 solennis
1324 511 1623 576 Naturae
1651 511 1973 589 machina,
2005 532 2152 594 qua,
2182 516 2328 575 tum
2357 510 2429 573 in
2454 488 2737 602 ⁰225&-

239 616 681 700 praeparanda,
723 622 868 681 tum
909 616 983 679 in
1017 614 1432 693 eliminanda,
1476 614 1750 679 materia.
1788 613 2008 697 quavis
2051 613 2316 677 inimica
2359 612 2430 675 in
2456 622 2742 688 W

241 722 541 803 sanguine
571 720 822 797 latenti,
869 718 1211 802 praecipue
1252 718 1482 782 utitur.
1575 717 1739 782 Quis
1787 722 2007 781 autem
2057 737 2192 781 non
2234 715 2430 791 videt,
2457 706 2736 765 coercenda,

241 820 421 902 quod,
461 819 617 883 dum
662 820 757 883 ita
800 820 1024 885 sedulo
1068 820 1367 884 sudorem
1411 840 1830 903 provocemus
1876 818 1959 882 ad
2002 816 2432 900 mitigandam

239 924 489 1003 febrem,
549 923 773 988 eadem
842 944 1052 1007 opera,
1114 945 1235 988 ceu
1289 923 1578 988 fructum
1636 943 2028 1006 praecocem,
2088 921 2433 985 humorem

240 1025 499 1089 crudum
550 1032 615 1089 et
661 1025 1111 1091 inconcoctum
1162 1026 1562 1093 extrudimus
1579 1025 1634 1105 ¹1,
1677 1034 1874 1110 atque
1917 1026 1996 1090 iis
2043 1026 2198 1110 ipsis
2243 1024 2432 1090 sudo·

238 1129 408 1194 ribus
434 1130 799 1195 immaniori
840 1132 1251 1215 postmodum
1289 1131 1456 1197 febri
1482 1149 1725 1198 'ansam
1767 1132 2190 1216 praebeamus
2204 1132 2234 1193 ?
2279 1151 2432 1195 cum

238 1232 353 1296 hoc
381 1232 569 1296 modo
599 1254 813 1297 serum
842 1233 1175 1316 sanguinis
1211 1236 1362 1317 (quo
1390 1240 1536 1298 tum
1575 1234 1711 1317 ipse
1741 1234 2026 1317 sanguis,
2057 1239 2203 1298 tum
2234 1231 2432 1296 etiam

238 1354 447 1399 recens
491 1341 683 1399 natae
729 1334 1006 1401 fervidae
1049 1336 1211 1399 istae
1252 1343 1316 1401 et
1356 1335 1732 1400 Variolosae
1773 1332 2127 1417 particulae
2173 1332 2430 1398 diluun-

236 1437 382 1517 tur,)
437 1435 607 1503 foras
656 1437 1071 1520 propellitur3
1114 1436 1216 1500 his
1267 1436 1531 1500 interim
1581 1435 1915 1521 particulis
1961 1434 2127 1499 vires
2173 1456 2432 1499 sumen-

237 1538 403 1605 tibus
432 1545 499 1605 et
526 1539 849 1618 ferociam,
880 1560 956 1605 eo
986 1540 1159 1623 quod
1194 1541 1334 1624 jam
1376 1539 1616 1604 liberae
1661 1540 1793 1603 sint
1823 1559 1864 1602 a
1891 1537 2158 1603 colluvie
2199 1556 2431 1621 serosa,

239 1662 423 1725 quam
452 1639 714 1707 sudores
742 1642 1192 1707 exhauserant.
1283 1643 1503 1709 Verbo
1533 1642 1762 1721 dicam,
1793 1640 1992 1707 febris
2028 1640 2432 1724 aliorumque
2457 1668 2546 1703 nee
2568 1656 2715 1705 sudor

238 1750 733 1827 symptomatum
756 1744 1071 1809 alleviatio
1094 1766 1135 1811 a
1152 1751 1497 1829 provocato
1519 1745 1774 1825 sudore,
1799 1751 1865 1811 et
1893 1744 2170 1829 pustulis
2199 1744 2432 1809 exinde
2455 1734 2724 1832 {ffifoem'

236 1854 635 1928 praemature
672 1848 929 1926 exactis,
972 1870 1165 1931 quam
1204 1848 1497 1931 plurimis
1539 1849 1711 1913 male
1754 1847 1964 1927 cessit,
1997 1848 2108 1931 qui
2158 1868 2302 1912 eam
2345 1847 2429 1913 ob

238 1969 489 2013 causam
518 1950 717 2013 vitam
746 1971 895 2015 cum
924 1956 1133 2015 morte
1161 1949 1505 2015 undecimo
1535 1950 1640 2015 die
1669 1957 2172 2019 commutarunt.

346 2054 511 2137 [22]
575 2053 1063 2119 Observandum
1114 2060 1211 2119 est
1264 2061 1503 2135 autem,
1556 2076 1664 2119 me
1716 2074 1908 2138 aegro
1953 2054 2177 2139 primis
2222 2052 2434 2121 morbi
2458 2060 2620 2124 Aeger
2640 2060 2738 2111 ¹00-

237 2154 457 2220 diebus
508 2157 676 2221 lecto
724 2156 1127 2236 interdicere,
1180 2177 1259 2221 ex
1315 2156 1660 2241 hypothesi
1708 2162 1972 2221 tantum
2022 2156 2434 2225 Variola-um
2457 2132 2694 2250 30ῃῖῗῖ

236 2279 273 2323 e
310 2258 791 2323 Confluentium
839 2280 1075 2343 genere
1119 2259 1652 2339 subsecutarum3
1704 2280 1986 2343 namque
2030 2258 2431 2323 Distinetum
2457 2254 2581 2331 ΨΜ
2601 2256 2703 2303 Va-

237 2381 437 2443 genus
482 2360 654 2444 quod
700 2361 954 2439 attinet,
1002 2360 1193 2426 modo
1246 2367 1423 2427 certo
1467 2362 1822 2446 praevideri
1865 2361 2088 2445 possit,
2131 2369 2208 2427 ut
2251 2362 2436 2430 nulla
2456 2319 2734 2433 13118ξὲἓᾷ-

236 2483 425 2547 aegro
472 2462 747 2548 imperat
797 2463 1141 2529 necessitas
1194 2486 1263 2530 se
1313 2464 1385 2529 in
1429 2464 1599 2530 lecto
1643 2464 1890 2551 jugiter
1940 2464 2290 2546 continere,
2337 2464 2435 2538 ita
2456 2447 2716 2576 {3²:3²3er

232 2563 415 2630 illum
460 2565 542 2630 ab
588 2567 812 2634 eodem
849 2568 1070 2632 nullus
1114 2567 1324 2650 abige,
1370 2589 1521 2632 cum
1560 2568 2091 2632 exanthematum
2139 2567 2431 2652 paucitas
2635 2548 2649 2563 ⁶

236 2667 364 2734 sive
390 2668 564 2733 hane
592 2668 721 2732 sive
748 2669 926 2734 illam
953 2669 1123 2733 viam
1150 2669 1562 2735 incedentem
1591 2669 1663 2734 in
1691 2676 1838 2734 tuto
1867 2669 2151 2734 collocet.

330 2771 499 2854 [23.]
552 2770 993 2835 Nihilominus
1034 2791 1172 2836 non
1214 2793 1419 2856 usque
1464 2772 1624 2837 adeo
1668 2771 1830 2836 mihi
1873 2777 2183 2852 assentor,
2231 2779 2309 2838 ut
2355 2793 2432 2842 ea
2457 2781 2604 2860 Nihil,
2623 2798 2712 2860 ευρ

234 2893 397 2955 quae
418 2874 561 2956 jam
589 2873 843 2952 tradidi,
874 2894 949 2938 ex
982 2873 1375 2938 authoritate
1409 2873 1640 2957 judicii
1682 2873 1811 2938 mei
1846 2873 2042 2958 (quod
2075 2873 2204 2938 scio
2236 2895 2430 2960 quam
2445 2847 2752 2960 ssffiffssttss}

234 2974 317 3038 sit
363 2975 717 3057 exiguum‚)
762 2976 1081 3040 credenda
1124 2982 1478 3042 autumem.
1568 2977 1657 3041 Et
1703 2975 2010 3059 profecto,
2057 2975 2154 3040 ita
2200 2997 2430 3060 parum
2454 2976 2548 3023 nisi
2570 2983 2740 3040 <1¹¹⁸oe-

234 3076 451 3141 firmas
512 3083 577 3140 et
637 3076 879 3140 nullius
934 3077 1069 3142 fere
1126 3078 1426 3160 ponderis
1491 3077 1834 3141 hominum
1902 3099 2432 3163 quorumcunque
2455 3055 2721 3153 2223?-

232 3178 569 3261 opiniones
621 3198 872 3262 semper
923 3178 1096 3259 duxi,
1142 3185 1217 3244 ut
1267 3179 1555 3263 proprias
1607 3180 1804 3244 etiam
1849 3179 2092 3263 ubique
2133 3201 2252 3266 pro
2295 3202 2432 3246 sus-
2456 3169 2706 3218 conformi.

230 3281 435 3364 pectis
482 3279 839 3361 habuerim,
892 3281 1142 3365 quoties
1189 3302 1340 3346 cum
1392 3282 1667 3350 aliorum
1712 3281 2051 3346 sententiis
2093 3289 2434 3367 pugnant3

232 3382 409 3465 quod
439 3391 509 3446 et
535 3381 642 3446 hic
670 3383 865 3446 etiam
894 3383 1055 3446 mihi
1080 3404 1207 3448 usu
1224 3383 1493 3462 veniret,
1523 3383 1652 3448 nisi
1678 3384 2128 3468 phaenomena
2155 3387 2439 3468 practica

232 3483 419 3567 quasi
448 3505 583 3548 uno
617 3504 727 3549 ore
754 3485 1023 3564 rationis
1060 3485 1304 3570 judicio
1334 3486 1864 3570 suffragarentur.
1952 3487 2230 3552 Seclusis
2260 3489 2436 3553 enim

231 3587 533 3670 practicis
580 3586 1145 3666 observationibus,
1176 3588 1245 3652 id
1290 3588 1463 3672 quod
1498 3589 1600 3652 vel
1643 3588 1825 3668 mihi,
1857 3589 1967 3654 vel
2003 3590 2113 3654 alii
2149 3590 2434 3672 cuilibet,

228 3710 351 3772 pro
396 3689 649 3756 ratione
693 3689 991 3772 habetur,
1030 3690 1197 3754 nihil
1234 3690 1504 3756 fortasse
1548 3691 1671 3755 erit
1715 3689 1894 3756 aliud
1935 3713 2130 3778 quam
2167 3692 2436 3756 rationis

230 3794 471 3866 ,umbra
516 3801 627 3858 aut
677 3792 1079 3877 phantasma,
1125 3793 1249 3858 hoc
1302 3800 1419 3872 est,
1472 3815 1653 3860 mera
1709 3794 1948 3877 opini0.
2037 3795 2126 3858 Et
2186 3795 2436 3878 quoties

230 3895 409 3970 inter
455 3896 747 3961 homines
792 3897 1045 3976 fuerim,
1093 3897 1327 3962 certior
1364 3895 1517 3960 inde
1559 3895 1772 3977 rede0,
1821 3918 2016 3980 quam
2059 3896 2144 3959 sit
2185 3896 2434 3980 pericu-

228 3997 469 4077 losum,
497 3999 598 4063 vel
628 3999 995 4064 acutissimo
1031 3999 1297 4084 ingenio
1324 3998 1652 4083 praeditis,
1683 3999 2020 4064 cerebrum
2049 3997 2120 4060 in
2151 3996 2436 4078 qualibet

234 4100 371 4177 sive
419 4108 555 4166 arte
600 4102 729 4166 sive
776 4101 1045 4165 scientia
1090 4100 1458 4186 indaganda
1504 4101 1738 4184 agitari
1781 4098 2099 4184 perpetim
2143 4102 2209 4160 et
2255 4097 2437 4180 quasi

234 4203 655 4282 concalefieri,
716 4204 844 4266 nisi
902 4203 1145 4268 factum
1204 4205 1417 4290 ipsum
1476 4203 1612 4267 veri
1679 4223 1753 4267 ac
1810 4200 1956 4264 falsi
2016 4197 2303 4282 judicem
2362 4218 2437 4261 ac

236 4313 641 4388 sequestrum
715 4306 1153 4388 constituant;
1238 4307 1536 4391 quodque
1594 4302 1958 4368 istiusmodi
2026 4299 2248 4384 magni
2307 4300 2437 4380 opi-

661 4431 683 4463 ¹¹
718 4434 925 4497 πῆμά]
964 4435 1043 4484 Sic
1067 4436 1139 4485 ed.
1166 4437 1259 4484 ¹82.
1287 4451 1349 4484 ex
1371 4441 1585 4491 correct„
1611 4431 1748 4496 prius
1775 4433 2011 4478 -dentea
