3138 5006
809 308 812 310 ’
891 292 1406 359 PROCESSUS
1455 294 1860 359 IN'I'EGRI.
2351 299 2471 365 611

316 456 324 463 ’
367 451 490 535 [9.]
545 452 764 518 Tertia
819 452 1014 538 hujus
1072 455 1283 519 morbi
1341 456 1581 541 species
1640 464 1857 521 ortum
1916 456 2109 521 debet
2168 458 2477 523 materiae
2502 470 2786 522 Turann-

268 554 482 619 febrili
527 555 598 619 in
639 556 997 640 pulmones,
1048 557 1228 621 febre
1264 558 1402 643 jam
1445 558 1806 637 fatiscente,
1855 559 2273 639 amandatae3
2342 562 2475 645 qui,

2522 550 2767 587 semri-10

2513 613 2579 647 m·
2600 602 2770 652 cuns.

268 656 506 721 sensim
563 657 944 725 infirmiores
1002 657 1258 738 redditi,
1313 682 1354 725 a
1409 661 1859 745 symptomatis
1911 662 2049 744 jam
2100 664 2473 731 memoratis
2499 671 2781 741 W

264 766 598 825 vexantur.

363 861 530 949 [10.]
582 861 987 947 Quandoque
1044 863 1250 927 oritur
1307 886 1348 927 a
1397 865 1577 929 sanie
1632 865 1761 929 ista
1815 866 2164 948 purulenta
2214 888 2379 951 quae
2430 890 2473 932 a

260 964 614 1048 pleuriticis
659 987 794 1029 non
846 966 1000 1030 satis
1053 966 1304 1049 copiose
1353 988 1470 1050 per
1520 969 2103 1050 expectorationem
2156 970 2463 1051 egeritur.

264 1069 414 1135 Quo
441 1068 514 1133 in
541 1089 694 1133 casu
724 1070 998 1133 eandem
1027 1091 1223 1152 quam
1252 1091 1593 1155 empyema
1621 1071 2021 1135 curationem
2048 1072 2354 1154 postulat.

2497 755 2682 815 species
2692 772 2783 805 un·

2496 818 2557 865 de
2574 819 2757 878 01111115

359 1170 525 1253 [11.]
586 1171 756 1235 Sunt
797 1172 993 1236 etiam
1039 1172 1150 1255 qui
1189 1193 1228 1235 a
1262 1173 1456 1236 nimis
1497 1172 1765 1257 copiosis
1804 1180 1872 1237 et
1910 1173 2131 1237 debito
2167 1174 2463 1257 frequen·
2490 1192 2620 1239 unde
2640 1208 2749 1255 ape-

258 1276 530 1341 tioribus
574 1277 1096 1342 evacuationibus
1135 1277 1457 1343 debilitati
1496 1280 1567 1341 in
1614 1285 1911 1363 quartam
1950 1279 2143 1343 'Dabis
2182 1282 2462 1364 speciem

256 1380 781 1463 praecipitantur.
871 1380 1013 1444 Hos
1054 1382 1226 1445 calor
1264 1381 1552 1446 hecticus
1602 1404 1640 1445 8
1679 1382 1823 1446 cibo
1873 1389 2159 1467 potuque
2204 1392 2463 1468 sumpto

259 1481 379 1544 sub
431 1490 690 1547 noctem
746 1483 1040 1561 lacessit3
1104 1490 1298 1568 atque
1344 1484 1461 1549 hos
1508 1505 1663 1568 prae
1714 1485 1981 1548 caeteris
2028 1486 2313 1569 aphthae
2363 1487 2463 1550 in-

255 1582 516 1648 festant.

1123 1900 1314 1964 CAP.
1364 1900 1587 1964 LXL-ir

1129 2061 1228 2124 De
1256 2060 1575 2143 Podayra.

2490 1256 2587 1304 cies
2609 1259 2690 1304 4⁸¹.

337 2195 702 2259 Exsun‘rm
731 2196 774 2260 J
777 2196 1060 2273 anuario,
1093 2202 1206 2259 aut
1235 2196 1585 2279 incipiente
1617 2196 1985 2277 Februario,
2016 2199 2265 2281 ingruit
2293 2199 2453 2265 hora
2480 2218 2639 2268 Morbi
2662 2221 2747 2268 de-

248 2299 383 2362 sere
435 2297 718 2363 secunda
759 2299 1100 2376 matutina,
1146 2297 1364 2362 dolore
1409 2298 1709 2382 pollicem
1754 2299 1934 2383 pedis
1978 2307 2053 2364 ut
2098 2302 2451 2385 plurimum
2476 2284 2687 2347 scriptio.

249 2405 622 2483 occupante,
671 2400 1054 2484 quandoque
1100 2421 1249 2464 vero
1296 2401 1689 2479 calcaneum,
1744 2424 1980 2482 suram,
2034 2412 2149 2468 aut
2200 2406 2447 2485 talum;

249 2523 400 2566 mox
446 2501 738 2586 sequitur
783 2502 960 2586 rigor
1002 2524 1152 2566 cum
1200 2501 1464 2568 horrore
1515 2510 1582 2568 et
1625 2503 2097 2571 febricitatione
2144 2509 2447 2592 aliquali;

247 2603 430 2668 dolor
457 2604 778 2688 gradatim
819 2604 1202 2683 intenditur,
1237 2607 1327 2688 (et
1355 2607 1495 2689 pari
1532 2628 1727 2691 passu
1768 2608 1946 2691 rigor
1990 2616 2184 2693 atque
2218 2611 2449 2676 horror

244 2706 602 2789 recedunt,)
635 2706 830 2792 idque
858 2708 930 2770 in
959 2707 1244 2790 singulas
1270 2707 1482 2785 horas,
1503 2707 1709 2772 donec
1736 2710 2005 2774 tandem
2036 2711 2155 2774 sub
2186 2720 2445 2778 noctem

245 2809 329 2872 ad
359 2809 605 2892 apicem
645 2810 1027 2892 pervenerit,
1056 2829 1236 2872 nunc
1268 2810 1633 2874 tensionem
1659 2811 2029 2890 violentam,
2060 2834 2239 2878 nunc
2273 2837 2445 2879 mor-

244 2917 390 2975 sum
430 2911 606 2975 canis
643 2911 952 2990 rodentis,
993 2912 1378 2994 quandoque
1414 2932 1778 2995 pressuram
1816 2919 1883 2977 et
1924 2916 2444 2995 coarctationem,

243 3014 641 3098 exprimens3
685 3013 840 3079 hinc
871 3035 1026 3097 prae
1065 3014 1380 3098 exquisito
1410 3013 1629 3078 dolore
1667 3034 1789 3078 nec
1828 3015 2181 3082 linteorum
2220 3039 2440 3102 super-

240 3118 763 3184 incumbentium
810 3118 1082 3202 pondus,
1127 3139 1248 3182 nec
1273 3113 1575 3182 cubiculi
1623 3140 1663 3182 a
1703 3119 1953 3183 fortiori
2000 3121 2443 3188 ambulatione

239 3223 743 3302 concussionem,
783 3222 950 3286 ferre
990 3221 1382 3304 Podagricus
1423 3221 1651 3285 valeat.
1756 3221 1958 3287 Dolor
1999 3244 2135 3288 non
2178 3226 2440 3292 sedatur

238 3326 366 3389 nisi
417 3333 570 3390 ante
620 3326 847 3390 horam
898 3324 1247 3390 secundam
1290 3326 1629 3389 tertiamve
1686 3326 2096 3406 matutinam,
2152 3328 2439 3412 (decurso

239 3427 479 3493 scilicet
513 3428 914 3514 nycthemeri
947 3429 1156 3511 spatio
1194 3449 1234 3491 a
1265 3427 1473 3511 primo
1503 3428 1819 3510 appulsu,)
1860 3433 1925 3492 et
1959 3429 2097 3512 jam
2135 3431 2268 3495 leni
2300 3455 2438 3496 ma-

240 3530 394 3596 dore
427 3533 723 3616 perfusus
761 3551 952 3614 aeger
979 3551 1206 3597 somno
1242 3530 1576 3608 concedit;
1622 3553 1662 3595 8
1691 3552 1816 3614 quo
1854 3533 2186 3615 evigilans,
2219 3535 2436 3601 dolore

237 3635 521 3698 multum
547 3635 914 3714 imminuto,
943 3639 1196 3717 partem
1226 3634 1524 3698 affectam
1557 3639 1814 3698 tumore
1842 3642 2135 3700 recenter
2164 3657 2433 3723 occupa-

236 3744 376 3801 tam
405 3736 630 3801 cernit.
723 3735 1035 3819 Sequenti
1063 3735 1186 3814 die,
1209 3736 1378 3800 forte
1406 3736 1604 3799 etiam
1635 3735 1717 3799 ad
1737 3735 2013 3800 biduum
2040 3738 2429 3817 triduumve,

237 3837 410 3901 dolet
460 3837 760 3900 nonnihil
809 3857 956 3920 pars
1006 3837 1256 3916 affecta,
1303 3838 1496 3922 idque
1537 3837 1981 3902 vehementius
2028 3839 2431 3922 advesperas.

235 3946 426 4004 cente
453 3939 576 4019 die,
606 3940 858 4003 levatur
887 3947 1105 4004 autem
1145 3939 1266 4003 sub
1294 3939 1448 4022 galli
1484 3948 1703 4005 cantu.
1792 3942 1983 4005 Intra
2010 3962 2243 4023 paucos
2273 3943 2429 4022 dies,

234 4044 402 4108 alter
426 4063 539 4126 pes
579 4041 808 4107 eodem
847 4042 1064 4107 dolore
1103 4049 1460 4128 torquetur.
1551 4043 1905 4127 Postquam
1942 4049 2293 4128 utrumque
2318 4069 2429 4131 pe·-

225 4145 383 4226 ,dem
433 4145 789 4209 exercuerit
848 4145 1046 4224 dolor,
1099 4146 1210 4228 qui
1262 4152 1622 4230 sequuntur
1671 4146 2035 4229 paroxysmi
2083 4146 2431 4213 >abnormes

231 4253 405 4326 sunt,
435 4255 581 4312 tum
618 4247 826 4331 quoad
863 4254 1120 4331 tempus
1159 4248 1524 4325 invasionis,
1555 4253 1702 4311 tum
1744 4247 2145 4311 durationem
2166 4275 2185 4327 3
2220 4257 2427 4334 -atque

231 4371 310 4414 ex
339 4350 501 4414 serie
522 4350 756 4416 horum
784 4351 1380 4436 paroxysmulorum
1403 4356 1657 4414 constat
1680 4351 2107 4434 Paroxysmus
2140 4352 2249 4434 qui
2274 4353 2427 4417 dici-

359 4485 384 4522 5
419 4479 494 4526 Cf:
530 4481 679 4528 Traei.
707 4482 746 4526 1.
1463 4486 1486 4512 ¹
1521 4481 1729 4527 Exeunte
1754 4479 1861 4542 ξπ]
1889 4479 1965 4527 Cf.
1986 4483 2097 4530 ibid.
2123 4484 2146 4542 ᾗ
2172 4484 2201 4528 5
2250 4499 2295 4544 q.
