3138 5006
1032 275 1557 342 TRACTATUS
1599 275 1666 341 1.
2317 281 2448 342 428

256 459 377 503 non
404 438 615 518 cruda,
646 445 791 502 sunt
816 435 1231 518 medicandus,
1266 438 1461 522 [Apio.
1493 436 1537 501 i.
1562 440 1674 502 22.
1699 437 1970 502 tom-iii.
1993 460 2057 522 p.
2093 437 2272 523 711.]
2311 443 2449 503 tam
2493 457 2576 506 D:
2601 458 2737 506 Pon-

253 542 323 605 in
367 541 702 606 sudoribus
752 541 1189 624 provocandis,
1224 562 1417 624 quam
1458 541 1531 604 in
1577 540 1992 605 subducenda
2034 541 2194 620 alvo,
2231 541 2448 606 locum
2538 535 2695 572 ⁴⁰⁸⁸·

250 642 469 708 habet.
582 643 777 711 Quod
824 643 1085 727 quidem
1134 643 1380 727 liquido
1437 649 1690 707 constat
1741 663 1820 707 ex
1865 643 2094 708 sudore
2150 643 2262 708 illo
2319 666 2449 728 quo

244 765 661 830 paroxysmus
718 746 997 810 febrium
1053 745 1629 810 intermittentium
1688 745 1900 809 claudi
1959 746 2142 824 solet,
2201 745 2332 830 qui,
2391 747 2447 811 si

248 849 533 912 modicus
559 849 757 914 fuerit
791 853 859 913 et
900 849 1207 913 materiae
1250 847 1495 912 febrilis
1534 869 1574 912 a
1613 848 2038 931 praecedente
2065 869 2443 933 paroxysmo

244 957 585 1016 concoctae
614 951 965 1035 quantitati
992 958 1141 1034 apte
1168 950 1583 1034 respondem,
1607 972 1874 1034 aegrum
1901 950 2243 1035 insigniter
2254 952 2439 1035 juvat

242 1052 576 1137 levetque3
622 1054 677 1117 si
705 1074 853 1118 vero
883 1054 1057 1117 ultra
1077 1053 1369 1117 Naturae
1396 1052 1665 1117 modum
1693 1053 1946 1118 sudatio
1966 1061 2435 1137 promoveatur,

242 1174 320 1217 ex
346 1175 425 1220 eo
454 1155 627 1237 quod
656 1175 846 1239 aeger
870 1153 1106 1219 lectulo
1126 1155 1374 1238 jugiter
1401 1156 1716 1238 affigatur,
1740 1155 1880 1239 jam
1905 1156 2101 1220 febris
2129 1158 2440 1222 continua

238 1256 665 1336 subnascitur,
696 1266 763 1321 et
805 1278 1026 1322 recens
1068 1258 1247 1322 focus
1292 1257 1720 1337 succenditur,
1752 1279 1902 1322 cum
1941 1260 2066 1323 iste
2105 1259 2216 1343 qui
2257 1261 2434 1344 prius

238 1359 627 1442 efflagrabat,
671 1360 884 1424 fuerat
934 1359 1429 1443 extinguendus.
1518 1361 1672 1424 Pari
1719 1361 1970 1426 ratione
2017 1359 2091 1424 in
2141 1362 2436 1446 Podagra

238 1461 433 1524 etiam
474 1461 641 1526 lenis
683 1462 793 1526 ille
834 1461 1079 1541 mador,
1126 1461 1236 1546 qui
1278 1470 1356 1527 ut
1400 1462 1752 1547 plurimum
1804 1485 1994 1528 mane
2047 1485 2164 1528 sua
2205 1473 2434 1549 sponte

240 1564 448 1627 oritur
475 1572 624 1648 post
660 1563 988 1628 minorum
1023 1585 1554 1650 paroxysmorum
1590 1565 1650 1648 (e
1680 1564 1914 1649 quibus
1951 1567 2260 1651 majorem
2287 1588 2431 1650 par-

235 1684 573 1748 oxysmum
602 1673 897 1732 constare
929 1668 997 1754 [§
1019 1667 1112 1751 5.]
1155 1666 1384 1750 docui,)
1416 1667 1723 1750 singulos,
1754 1674 1890 1732 tam
1921 1665 2204 1732 dolorem
2237 1690 2432 1752 quam

230 1765 749 1851 inquietudinem
796 1770 1181 1853 quibuscum
1240 1791 1431 1853 aeger
1472 1776 1615 1835 tota
1669 1778 1861 1835 nocte
1920 1770 2428 1851 conflictabatur,

228 1870 527 1954 mitigat3
601 1893 637 1936 e
676 1880 903 1937 contra
938 1893 1108 1952 vero,
1146 1871 1461 1956 siquando
1498 1872 1654 1937 levis
1696 1872 1876 1937 hicce
1912 1874 2156 1952 mador,
2188 1879 2255 1938 et
2285 1895 2430 1938 sua·

230 1978 339 2055 pte
380 1980 621 2037 natura
667 1975 885 2058 fugax,
931 1973 1175 2039 diutius
1224 1982 1291 2039 et
1340 1975 1788 2039 vehementius
1833 1975 2184 2058 proritetur
2233 1997 2429 2060 quam

228 2075 353 2140 fert
391 2077 721 2161 proportio
760 2078 1067 2142 materiae
1108 2077 1434 2162 peccantis
1471 2079 1610 2162 jam
1654 2077 1737 2142 ab
1775 2079 2006 2143 ultimo
2048 2100 2429 2163 paroxysmo

230 2187 593 2258 concoctae,
645 2179 909 2245 morbus
967 2178 1119 2245 inde
1171 2181 1604 2247 exacerbatur.
1695 2182 1857 2246 Tam
1905 2181 2124 2265 itaque
2173 2181 2248 2246 in
2301 2181 2426 2248 boc
2454 2199 2516 2249 ῐιι
2537 2203 2696 2250 omni-

228 2301 421 2364 quam
466 2281 541 2346 in
584 2282 722 2346 aliis
766 2281 1005 2346 morbis
1051 2282 1541 2366 quibuscunque
1593 2303 1752 2366 quos
1793 2281 1958 2346 mihi
2004 2281 2221 2346 videre
2271 2303 2422 2348 con-
2447 2265 2730 2395 33⁸⁸(ng-

226 2384 394 2466 tigit,
431 2384 721 2470 (dempta
749 2385 885 2449 sola
910 2385 1135 2469 peste,)
1171 2385 1434 2450 sudores
1472 2385 1778 2469 prolicere
1815 2407 1952 2450 non
1989 2392 2126 2449 tam
2155 2385 2418 2465 Medici,
2445 2400 2496 2442 ta
2509 2395 2611 2443 sola
2623 2412 2729 2458 pes·-

220 2508 419 2571 quam
446 2488 763 2569 Naturae,
793 2489 1120 2573 provincia
1153 2495 1287 2569 est3
1332 2511 1483 2555 cum
1512 2489 1694 2554 nullo
1720 2489 1913 2554 modo
1943 2489 2195 2574 assequi
2221 2458 2738 2587 P0⁸⁸i·}‚⁶1121⁸5¹‡2‡²³

222 2610 387 2669 mus,
424 2597 675 2675 quanta
710 2590 1018 2656 materiae
1051 2614 1197 2675 pars
1237 2592 1627 2675 ejuscemodi
1661 2592 2048 2675 separationi
2085 2592 2421 2658 obeundae
2447 2603 2544 2635 ¹¹⁰⁰
2566 2598 2670 2665 {⁸3¹¹

216 2690 488 2777 jamjam
527 2700 627 2758 est
660 2700 903 2777 parata,
934 2715 1055 2758 nec
1094 2714 1209 2777 per
1244 2714 1642 2777 consequens
1679 2715 1871 2777 quem
1910 2694 1982 2757 in
2021 2695 2422 2779 provocando
2447 2652 2729 2779 ᾕίῗιιηωῐῦῗξ

220 2796 455 2861 sudore
484 2796 749 2861 modum
776 2804 1000 2861 tenere
1029 2795 1395 2861 debeamus.
2443 2791 2712 2893 ζῗὲἕξω·

286 2898 487 2991 .[28.]
539 2897 641 2961 Ex
662 2897 801 2982 jam
830 2898 1019 2962 dictis
1048 2919 1197 2962 cum
1232 2898 1387 2962 satis
1415 2897 1659 2980 liqueat
1689 2919 1824 2962 non
1853 2896 2062 2963 solum
2090 2897 2420 2982 Podagrae

224 3000 625 3063 curationem
662 3020 701 3062 a
732 2999 1219 3064 medicamentis
1259 2998 1716 3064 evacuantibus
1755 2999 2078 3063 incassum
2115 3000 2270 3083 peti,
2307 3001 2422 3065 sed

220 3106 287 3163 et
315 3100 545 3164 eadem
573 3099 648 3164 11
648 3097 971 3187 οδινγρῶσι
997 3123 1235 3166 noxam
1268 3100 1533 3180 adferre,
1562 3108 1767 3167 restat
1795 3110 1873 3167 ut
1902 3102 2310 3186 exquiramus
2339 3103 2423 3168 ad

221 3223 412 3285 quem
459 3202 659 3266 alium
702 3224 967 3287 scopum
1010 3203 1332 3269 curativae
1368 3204 1792 3269 indicationes
1833 3210 1989 3269 sunt
2029 3204 2419 3288 dirigendae.

216 3304 361 3387 Ego
404 3304 668 3388 quidem
710 3326 790 3369 ex
834 3313 1134 3371 accurata
1175 3304 1569 3393 φαινομένων
1610 3307 2085 3391 praedictorum
2129 3308 2421 3374 omnium

217 3406 647 3490 pensitatione
684 3414 751 3472 et
780 3408 1075 3492 diligenti
1110 3410 1405 3474 examine
1443 3410 1694 3493 colligo,
1727 3408 1976 3475 duabus
2013 3410 2418 3494 potissimum
2446 3432 2634 3481 caune

218 3510 427 3575 causis
453 3511 529 3575 in
555 3510 825 3596 hujusce
862 3511 1073 3579 morbi
1114 3510 1445 3577 curatione
1484 3513 1736 3577 obviam
1769 3510 1850 3577 iri
1881 3513 2151 3579 debere:
2197 3514 2418 3580 Prima
2441 3504 2632 3547 ΨΜ·

216 3620 313 3677 est
352 3634 551 3677 causa
589 3615 997 3693 antecedens,
1038 3615 1167 3680 sive
1205 3617 1555 3682 humorum
1597 3615 1961 3699 indigestio,
2001 3636 2041 3679 a
2077 3615 2306 3682 coloris
2348 3626 2416 3682 et
2440 3562 2500 3672 ἐξ
2501 3568 2665 3674 2211&-

216 3715 565 3799 spirituum
606 3716 1004 3782 naturalium
1055 3717 1311 3782 defectu
1362 3724 1545 3796 orta3
1621 3718 1824 3781 altera
1873 3724 1971 3783 est
2027 3738 2225 3783 causa
2263 3740 2416 3785 con-
2439 3692 2710 3801 ffi'ssss‘.

218 3817 457 3897 tineus,
504 3818 635 3883 sive
692 3818 1048 3884 eorundem
1095 3820 1446 3884 humorum
1502 3818 1676 3884 calor
1725 3826 1792 3883 et
1843 3821 2255 3901 exaestuatio,
2300 3823 2418 3887 ubi
2441 3817 2557 3867 (ΜΨ
2579 3826 2662 3865 0⁸²·

212 3918 351 4002 jam
399 3926 545 3987 tum
588 3921 1019 4005 putredinem,
1064 3927 1209 3985 tum
1261 3921 1459 3987 etiam
1508 3920 1893 3999 acredinem,
1937 3922 2116 3987 nacti
2157 3929 2333 4003 sunt,
2377 3946 2420 3988 a

216 4040 401 4085 mora
426 4018 498 4086 in
528 4043 789 4106 corpore
820 4046 1013 4108 quam
1053 4030 1424 4108 oportuerat
1460 4022 1885 4101 diuturniore,
1917 4042 2080 4105 quae
2116 4044 2299 4089 mora
2333 4024 2416 4088 ab

216 4122 702 4193 inconcoctione
732 4149 927 4212 supra
962 4133 1322 4192 memorata
1352 4126 1614 4210 pendet.
1705 4126 1852 4190 Hae
1889 4146 2116 4190 causae
2153 4126 2250 4192 ita
2288 4134 2416 4192 toto

219 4230 385 4292 coelo
432 4229 629 4313 (quod
678 4230 908 4315 aiunt,)
964 4254 1007 4296 a
1046 4253 1115 4297 se
1166 4230 1443 4295 invicem
1494 4230 1881 4313 discrepant,
1924 4236 2002 4293 ut
2053 4252 2214 4315 quae
2262 4230 2416 4297 huic
2440 4249 2540 4300 nio
2559 4252 2704 4302 afflec-

214 4339 493 4411 prosunt
520 4334 821 4413 remedia,
852 4335 1038 4399 alteri
1066 4333 1323 4412 obsint;
1383 4332 1559 4397 unde
1597 4331 1704 4395 hic
1745 4331 2012 4395 affectus
2051 4331 2145 4396 ita
2183 4340 2414 4398 curatu
2439 4322 2519 4363 ²¹²⁸
2533 4317 2594 4364 ⁰¹³
2607 4333 2721 4367 ⁰⁰¹¹·

2437 4380 2721 4431 tra-indica-

651 4462 669 4495 ἲ
705 4465 783 4513 Cf.
808 4468 991 4515 Observ-
1017 4467 1141 4515 Med.
1168 4465 1235 4513 iii.
1262 4467 1306 4515 3.
1332 4466 1391 4519 9;
1429 4466 1589 4511 Sched.
1617 4464 1780 4511 Monuit.
1807 4464 1847 4511 Ῑ.
1873 4464 1896 4522 ς
1924 4464 2003 4511 39.
