3138 5006
733 260 860 321 546
1304 257 1697 331 THOMAE
1748 256 2268 324 SYDENHAM

430 424 514 473 Du
528 424 709 473 Fauna
820 418 1217 484 Vomitoria²
1246 440 1326 484 ex
1367 420 1694 486 infusione
1731 420 1903 485 emei
1934 419 2344 485 metallorum
2383 424 2628 502 parata
2655 418 2951 502 puerulis,

430 488 709 536 Damna-r.

431 552 709 601 Annonam
734 522 961 587 ullisve
990 522 1163 586 infra
1190 521 1690 589 adolescentiam
1728 523 2120 606 constitutis,
2151 522 2252 587 vel
2279 522 2564 587 minima
2594 522 2954 606 quantitate

420 650 444 658 ·
464 619 673 667 '‘ll-’64⁵
733 646 871 689 non
900 632 998 689 est
1026 631 1248 689 tutum
1278 625 1601 691 exhibere.

428 3592 482 3640 Si
505 3607 676 3656 super-

424 3657 587 3706 veniat
602 3665 708 3706 tus-

426 3721 494 3769 sis
517 3737 631 3770 eum

428 3795 631 3844 screatu,

428 3852 546 3914 quid
568 3867 713 3915 agen-

424 3915 567 3974 dum3

832 727 955 813 [2.]
995 728 1152 792 Post
1178 728 1357 793 hunc
1380 729 1551 793 diem
1571 750 1778 814 usque
1800 728 1886 793 ad
1903 728 2326 793 undecimum
2343 728 2448 793 vel
2469 728 2952 805 duodecimum,

735 830 1007 914 singulis
1036 831 1299 911 auroris,
1329 831 1659 917 injiciatur
1685 852 1918 897 enema
1943 852 2217 915 sequens
2239 857 2343 895 :—

739 992 945 1059 [Form.
975 996 1122 1064 145.]
1135 1007 1163 1035 ⁸
1209 990 1273 1074 R
1313 993 1537 1049 Decocti
1558 996 1859 1049 communis
1882 1011 1978 1065 pro
2002 996 2238 1065 Clystere
2253 995 2446 1049 libram
2464 1013 2658 1059 unam,

1374 1078 1485 1149 (vel'
1502 1082 1656 1135 laetis
1679 1082 1883 1136 vaccini
1909 1082 2133 1137 eandem
2156 1084 2558 1153 quantitatem,)

1304 1169 1555 1225 Sacebari
1580 1171 1848 1236 culinaria,

1306 1256 1497 1329 Sympi
1521 1257 1778 1323 violacei,
1801 1275 1910 1315 ana
1929 1258 2118 1312 uncias
2140 1256 2305 1323 duas3

1022 1343 1151 1399 Fiat
1172 1360 1377 1399 enema.

838 1492 959 1576 [3.]
978 1490 1009 1535 ¹³
1054 1492 1211 1558 Post
1247 1493 1493 1557 dictum
1530 1493 1702 1558 diem
1737 1496 1916 1558 alvus
1959 1493 2308 1578 constipari
2348 1493 2808 1577 permittatur,
2839 1514 2954 1577 quo

739 1596 1010 1661 materia
1051 1596 1293 1661 febrilis
1346 1597 1538 1662 citius
1583 1608 2065 1685 concoquatur;
2125 1600 2210 1666 ad
2261 1622 2455 1685 quem
2505 1600 2718 1681 etiam
2765 1601 2950 1664 fin·-

738 1700 1031 1764 cardiaca
1072 1701 1406 1765 moderata
1441 1702 1543 1765 his
1583 1702 1831 1767 ultimis
1872 1703 2098 1768 diebus
2138 1704 2425 1769 exhibita
2463 1704 2774 1789 apprime
2813 1724 2956 1768 eon-

739 1802 1024 1867 ducunt:
1071 1810 1255 1883 ut,—

742 1960 943 2029 [Form.
978 1964 1125 2033 146.]
1199 1961 1263 2045 ᾖ
1304 1964 1545 2020 Pulveris
1579 1982 1610 2020 e
1645 1966 1826 2020 Chelis
1875 1966 2204 2021 Cancrorum
2249 1966 2556 2037 compositi
2611 1982 2796 2035 grana
2833 1981 2949 2034 qm-

1373 2053 1686 2119 tum-decim,

1308 2140 1599 2195 Electuarii
1623 2142 1690 2196 de
1714 2141 1829 2196 Ovo
1855 2158 2026 2214 grana
2048 2127 2250 2207 decem,

1303 2246 1423 2281 cum
1450 2229 1744 2283 sufficiente
1768 2232 2068 2299 quantitate
2095 2228 2284 2300 Sympi
2307 2226 2840 2299 Caryophyllorum;

1019 2314 1143 2369 Fiat
1164 2316 1331 2381 bolus,
1350 2315 1638 2371 sumendus
1651 2325 1838 2372 octava
1861 2333 2074 2387 quaque
2095 2316 2243 2381 hora,
2271 2314 2672 2386 superbibendo
2689 2314 2952 2383 sequentis

1011 2403 1209 2474 julapii
1231 2404 1525 2459 cochlearia
1548 2405 1783 2476 quinque
1807 2405 1892 2458 vel
1917 2420 2012 2457 sex
2028 2425 2116 2455 :—

740 2552 941 2617 [Form.
976 2550 1157 2617 14¹7.]'e
1195 2547 1259 2631 R
1302 2553 1696 2623 Aquae-Laetis
1716 2553 2071 2616 Alexeteriae‚

1236 2635 1241 2638 ’
1304 2639 1541 2710 [Aquae]
1572 2639 1885 2694 Cerasorum
1909 2637 2218 2708 Nigrorum,
2239 2651 2346 2688 ana
2368 2635 2554 2686 uncias
2579 2640 2712 2698 tres,

1308 2729 1496 2798 Aquae
1522 2725 1884 2798 Epidemieae,

1304 2814 1495 2886 Sympi
1522 2814 2009 2887 Caryopliyllorum,
2033 2830 2139 2867 ana
2159 2813 2376 2866 unciam
2398 2827 2598 2873 unam;

1020 2903 1218 2966 Misce;
1256 2903 1354 2957 fiat
1368 2904 1654 2974 julapium.

740 3048 864 3113 Vel
892 3049 1019 3112 alia
1043 3048 1146 3113 his
1178 3049 1432 3114 similia.

834 3161 956 3246 [4.]
974 3159 1003 3198 ‘¹
1050 3162 1197 3226 Hac
1232 3161 1540 3226 methodo
1581 3159 1848 3225 sollicite
1893 3159 2243 3237 observata,
2283 3157 2528 3221 usitato
2565 3156 2748 3222 circa
2787 3157 2946 3222 deci-

735 3284 918 3327 mum
942 3263 1247 3347 quintum
1263 3263 1437 3327 diem
1452 3264 1621 3346 (tum
1638 3283 1718 3326 ex
1733 3261 2045 3326 laudabili
2058 3261 2131 3325 in
2148 3261 2340 3324 urina
2357 3261 2791 3344 separatione,
2809 3271 2946 3326 tum

736 3388 816 3431 ex
830 3367 1175 3432 manifesta
1198 3374 1705 3452 symptomatum
1728 3365 2020 3430 omnium
2040 3365 2459 3450 remissione,)
2483 3368 2946 3450 tempestivum

736 3491 873 3534 esse
902 3470 1244 3536 Potionem
1274 3470 1678 3554 Purgantem
1709 3469 2138 3534 Communem
2168 3469 2468 3534 exhibere
2497 3471 2848 3554 percipies.

833 3575 901 3659 [5
910 3576 955 3659 .]
973 3584 998 3612 θ
1040 3573 1298 3638 Accidit
1324 3574 1674 3652 interdum,
1712 3571 2012 3655 (maxime
2039 3572 2108 3634 in
2139 3572 2446 3656 senibus,)
2481 3581 2718 3637 curata
2747 3573 2948 3639 Febre

737 3682 802 3740 et
830 3685 1107 3760 purgato
1136 3696 1418 3760 corpore,
1444 3697 1710 3761 aegrum
1739 3675 2160 3739 nihilominus
2181 3674 2366 3740 valde
2389 3674 2667 3738 debilem
2703 3698 2872 3755 esse,
2887 3685 2948 3741 et

738 3783 1122 3866 quandoque
1158 3781 1341 3862 tussi,
1372 3781 1704 3846 interdum
1739 3781 1937 3845 etiam
1982 3785 2252 3859 screatu,
2284 3800 2591 3862 magnam
2631 3779 2952 3862 glutinosi

737 3884 1091 3970 viscosique
1110 3885 1499 3970 phlegmatis
1518 3885 1768 3968 copiam
1791 3892 2220 3968 expectorare.
2287 3881 2432 3948 Hoc
2446 3883 2519 3946 in
2537 3905 2700 3948 casu
2721 3886 2954 3950 vinum

729 3987 1164 4072 „Malaganum
1224 4008 1544 4052 annosum
1603 4006 1753 4050 cum
1825 4008 1995 4070 pane
2053 3995 2225 4053 tosto
2285 3987 2346 4051 ei
2401 3985 2696 4053 immisso
2767 3989 2956 4054 bibat

736 4109 946 4173 aeger.

800 4285 820 4308 ¹
860 4277 1325 4342 Votuin—exhibere]
1353 4294 1447 4327 om.
1472 4279 1543 4327 ed.
1568 4279 1675 4328 '93:
1715 4277 1790 4325 cf.
1945 4284 1965 4307 ⁰
2001 4276 2079 4324 cf.
2102 4276 2240 4325 form.
2271 4277 2378 4325 121.

739 4346 922 4392 observ.
946 4346 1072 4393 Med.
1097 4345 1128 4393 i.
1156 4347 1199 4391 4.
1228 4345 1301 4392 19.
1944 4339 1966 4371 ‘¹
2005 4341 2078 4390 Cf.
2109 4343 2290 4389 observ.
2319 4341 2442 4390 Med.
2467 4340 2501 4387 i.
2523 4343 2570 4387 4.
2595 4341 2658 4388 33
2686 4357 2764 4402 sq.

798 4414 819 4436 ¹
854 4409 931 4456 Cf.
954 4408 1146 4457 formm.
1174 4411 1219 4464 3,
1248 4409 1353 4460 170.
1943 4413 1965 4437 ἔ
2001 4406 2194 4454 Desunt
2215 4409 2238 4465 ς
2261 4405 2390 4457 5-7
2415 4405 2466 4452 in
2497 4405 2574 4452 ed.
2592 4406 2676 4454 ’93
2694 4423 2708 4452 ε
2738 4405 2830 4454 Cf.
2857 4409 2957 4454 06-

800 4471 823 4501 ⁵
858 4471 935 4521 Cf.
966 4475 1146 4522 observ.
1173 4475 1298 4522 Med.
1322 4473 1354 4520 i.
1380 4475 1425 4521 4.
1453 4475 1513 4522 23
1536 4489 1606 4535 sq.
1878 4487 1993 4520 serv.
2016 4473 2142 4520 Med.
2168 4471 2200 4519 i.
2225 4473 2271 4519 4.
2297 4470 2377 4528 37,
2401 4469 2479 4527 57,
2503 4471 2585 4518 59.
