3138 5006
873 318 1173 383 OPERA
1217 318 1550 383 OMNIA.
2244 319 2311 383 ix

111 476 546 561 Sydenhamio
595 478 897 562 placeret,
951 480 1278 545 Oxonium
1337 479 1701 543 studiorum
1759 480 1947 562 (quae
2005 478 2089 544 ob
2141 479 2309 545 Belli
2398 498 2553 548 vnn.

106 581 317 645 turbas
345 582 722 665 interrupta
754 584 984 665 erant,)
1019 582 1607 648 continuandorum
1647 581 2309 666 absolvendorumque
2332 570 2614 646 fnum,

107 704 320 747 caussa
345 704 648 749 reversus
679 692 797 764 est,
827 706 1000 749 anno
1033 685 1224 749 1645.

173 785 292 869 [6.]
339 784 480 850 Hic
499 785 638 870 ipse
658 786 1078 872 Sydenhamii
1097 787 1167 851 in
1188 788 1695 853 Universitatem
1713 786 2147 851 Oxoniensem
2164 786 2308 851 red·

105 888 226 952 itus
255 890 628 955 necessario
661 891 1001 975 ponendus
1043 898 1140 955 est
1171 898 1368 956 antea
1396 912 1591 974 quam
1620 890 1693 953 in
1722 890 2057 954 Medicina
2070 890 2309 953 Bacca-

107 990 358 1055 laureus
387 1000 649 1057 creatus
672 1000 790 1073 est,
814 1001 882 1057 et
902 994 1418 1058 criminationem
1439 993 1669 1057 falsam
1690 992 1933 1077 optime
1962 990 2151 1055 diluit
2182 1012 2311 1075 qua

107 1092 366 1157 fuerunt
399 1094 517 1178 qui
547 1095 1058 1179 Sydenhamium
1086 1097 1494 1181 proscindere
1525 1096 1881 1160 studerent.
1942 1094 2119 1159 Nam
2147 1115 2311 1159 non-

109 1196 262 1259 nulli
301 1198 706 1262 contendere
745 1200 886 1263 ausi
924 1205 1079 1263 sunt
1123 1220 1452 1264 summum
1489 1200 1676 1263 illum
1704 1198 1961 1277 Virum,
1994 1196 2105 1281 qui
2132 1196 2314 1261 Artis

2334 651 2585 701 Oxonium

2330 717 2487 766 rediit.

112 1298 426 1364 Salutaris
455 1301 751 1381 formam,
776 1302 981 1385 qualis
1009 1309 1172 1369 tunc
1199 1302 1508 1386 temporis
1537 1310 1695 1380 erat,
1720 1302 1980 1385 penitus
2008 1301 2347 1365 immuta-·

109 1400 192 1463 vit
221 1408 288 1466 et
323 1404 668 1468 meliorem
703 1404 1003 1484 reddidit,
1035 1426 1189 1469 casu
1225 1405 1503 1489 quodam
1531 1412 1599 1469 et
1630 1405 2009 1469 necessitate
2036 1410 2315 1489 urgente

113 1502 446 1569 Medicum
475 1506 722 1570 factum
743 1528 902 1586 esse,
921 1514 988 1572 et
1018 1508 1158 1572 sine
1184 1508 1318 1572 ullo
1348 1513 1771 1592 praeparante
1796 1507 2013 1573 studio
2034 1508 2315 1623 praevia-

115 1625 228 1686 que
254 1606 448 1671 Artis
477 1608 777 1672 Medicae
815 1609 1182 1692 cognitione
1212 1610 1296 1673 ad
1333 1630 1476 1673 eam
1507 1609 1929 1674 exercendam
1958 1609 2314 1673 necessisse.

113 1703 194 1770 Et
220 1706 370 1771 ΒΜ
395 1711 648 1776 Doctor
669 1710 1029 1775 Richardus
1051 1712 1454 1792 Blackmore,
1477 1712 1600 1795 Eq.
1624 1714 1809 1788 Aur.,
1834 1711 1943 1795 qui
1970 1732 2125 1795 prae
2146 1718 2315 1775 cete-
2344 1722 2531 1772 Crimin
2502 1738 2585 1771 na-

115 1808 196 1871 ris
227 1808 431 1895 hujus
471 1812 882 1896 potissimum
921 1814 1384 1879 criminationis
1419 1820 1647 1879 auctor
1690 1819 1809 1892 est,
1846 1812 2023 1878 haud
2058 1813 2315 1879 erubuit
2341 1804 2503 1900 Dodto
2502 1866 2555 1899 re

120 1908 266 1975 adeo
307 1914 382 1977 in
427 1915 841 1980 Praefatione
883 1916 984 1979 sui
1011 1916 1110 1980 De
1149 1918 1418 1981 Variolis
1444 1916 1631 1981 libri·
1659 1936 1941 1995 narrare,
1974 1936 2043 1980 se
2078 1914 2312 2000 ipsum,
2343 1916 2409 1963 Ri
2411 1916 2589 1964 clm-do

2342 1788 2410 1835 tio
2432 1787 2584 1836 ⁸¹³⁰D

2341 1980 2523 2028 Blae-k

119 2032 256 2077 cnm
289 2014 808 2100 Sydenhamium
840 2018 920 2083 de
949 2019 1130 2084 libris
1171 2020 1534 2084 consuleret
1564 2038 1841 2102 quorum
1871 2018 2147 2082 lectione
2178 2040 2315 2082 sese
2341 2060 2423 2093 mo
2425 2060 2475 2092 re
2496 2044 2613 2092 asu

123 2117 350 2197 Optime
391 2119 482 2183 ad
509 2120 740 2184 Artem
768 2120 1042 2186 feliciter
1078 2122 1440 2187 faciendam
1467 2122 1745 2187 formare
1788 2128 2024 2205 posset,
2052 2141 2362 2221 respon·
2339 2108 2599 2222 8116118Πί-

121 2216 357 2284 sionem
396 2222 660 2287 tulisse:
707 2223 944 2307 “Lege
971 2226 1305 2288 Dominum
1339 2225 1691 2297 Quioeotum.
1694 2224 1738 2255 ''
1828 2224 2029 2308 Cujus
2059 2180 2397 2307 quidemtu

123 2326 546 2404 responsionis
583 2346 806 2390 verum
845 2348 1106 2391 sensum
1150 2327 1599 2391 Blackmorius
1647 2332 1761 2391 aut
1805 2347 1941 2390 non
1974 2326 2316 2442 perspexit,

125 2431 224 2485 aut
265 2426 628 2512 perspicere
666 2430 912 2493 noluit:
976 2430 1220 2493 etenim
1268 2429 1741 2514 Sydenhamius
1792 2429 1927 2513 (qui
1963 2428 2083 2493 viri
2122 2427 2319 2513 hujus

126 2522 454 2609 ingenium
494 2531 944 2616 cogitandique
981 2533 1302 2597 rationem
1344 2532 1520 2596 haud
1560 2531 1756 2596 dubie
1794 2533 2035 2615 optime
2078 2533 2313 2614 norat,)

127 2624 224 2692 illa
247 2633 670 2717 responsione
698 2633 862 2698 nihil
901 2634 1076 2698 aliud
1113 2634 1400 2700 indicare
1427 2635 1683 2700 volebat
1714 2656 1907 2719 quam
1940 2635 2099 2713 hoc;
2146 2654 2317 2714 eum,

133 2731 228 2810 qui
252 2733 438 2799 Artis
480 2736 792 2800 Salutaris
825 2744 1166 2821 praecepta
1203 2759 1522 2821 usumque
1548 2735 2007 2802 tantummodo
2046 2757 2083 2800 e
2120 2737 2317 2802 libro-

129 2849 261 2898 rum
301 2837 716 2903 Medicorum
757 2841 1031 2904 lectione
1070 2841 1400 2905 addiscere
1427 2840 1603 2920 velit,
1634 2860 1757 2904 1100
1800 2847 2103 2903 naturam
2146 2861 2317 2903 mor-

133 2929 346 3002 borum
391 2947 742 3024 aptamque
789 2963 1012 3006 eorum
1061 2943 1492 3007 curandorum
1535 2941 1855 3006 rationem
1908 2947 2211 3004 accurata
2254 2947 2320 3004 et

134 3032 231 3099 diu
257 3043 640 3107 continuata
667 3043 1108 3108 observatione
1145 3065 1526 3127 cognoscere
1555 3043 1835 3121 studeat,
1866 3063 2068 3125 aeque
2098 3042 2319 3106 absur-

133 3135 274 3203 dum
315 3165 460 3210 esse
495 3167 570 3210 ac
609 3167 758 3210 eum
789 3146 899 3230 qui
933 3167 1014 3210 ex
1056 3147 1312 3211 assidua
1349 3147 1626 3212 lectione
1661 3145 2113 3211 celeberrimae
2150 3145 2321 3208 illius

134 3237 370 3311 fabulae
425 3248 758 3312 Cervantis
801 3249 1070 3315 idoneus
1132 3249 1398 3314 evadere
1441 3249 1741 3313 Medicus
1790 3248 2025 3331 cupiat.
2118 3248 2321 3312 Hunc

135 3339 288 3410 illius
335 3351 632 3435 responsi
674 3372 899 3416 verum
943 3373 1204 3416 sensum
1248 3373 1407 3431 esse,
1454 3351 1617 3414 mihi
1662 3350 1799 3434 ipse
1848 3349 2320 3434 Sydenhamius

139 3451 500 3518 confirmare
528 3452 800 3534 videtur,
832 3475 980 3518 cum
1007 3475 1078 3520 se
1099 3455 1196 3519 ita
1223 3475 1264 3518 a
1291 3453 1552 3518 Natura
1577 3453 1826 3516 factum
1856 3473 1995 3516 esse
2022 3455 2321 3535 profitea-

137 3551 246 3629 tur,
275 3561 370 3635 ut,
402 3557 578 3640 quod
611 3558 915 3641 temporis
955 3557 1063 3622 alii
1097 3557 1278 3621 libris
1316 3555 1607 3642 legendis
1642 3561 2049 3634 consumant,
2078 3553 2149 3618 id
2184 3555 2321 3638 ipse

139 3669 310 3720 omne
339 3659 748 3724 meditationi
776 3660 1146 3743 impendere
1177 3660 1396 3724 soleat.
1435 3659 1521 3742 (p.
1557 3659 1735 3739 408.)

221 3754 289 3838 [7
294 3758 340 3842 .]
389 3759 901 3843 Sydenhamium
930 3761 1013 3824 ad
1041 3761 1221 3825 Artis
1250 3759 1627 3824 exercitium
1654 3759 1793 3822 sine
1821 3757 2077 3842 praevia
2104 3756 2321 3840 cogni-

141 3850 298 3922 tione
317 3881 470 3925 01110
495 3861 784 3927 theoriae
814 3863 1132 3942 Medicae,
1155 3870 1298 3926 tum
1326 3861 1705 3945 opinionum
1732 3867 1927 3943 atque
1955 3866 2323 3944 praecepto-

141 3971 270 4022 rum
299 3983 464 4046 quae
494 3971 648 4029 aute
685 3985 803 4029 sua
837 3971 1134 4049 tempora
1157 3966 1231 4029 in
1259 3964 1670 4028 Medicorum
1699 3962 1931 4027 00110110
1960 3962 2042 4026 (10
2069 3962 2323 4026 morbo-

143 4073 273 4124 rum
291 4073 530 4130 natura
557 4067 1111 4150 curandorumque
1139 4068 1390 4131 ratione
1411 4065 1780 4149 viguerunt,
1804 4063 2160 4142 accessisse,
2190 4084 2325 4127 11011

145 4175 342 4231 Ι111111ιο
380 4169 560 4233 omni
589 4169 1168 4248 verosimilitudini,
1201 4191 1394 4254 quam
1433 4168 1807 4233 testimonio
1843 4167 2041 4251 ipsius
2075 4165 2323 4249 Syden-

147 4253 324 4332 118111ίί
327 4279 700 4388 ‚repugnat3
731 4272 857 4351 cui,
878 4293 1026 4336 eum
1047 4273 1144 4336 vir
1159 4273 1399 4356 probus
1417 4270 1829 4354 veritatisque
1848 4267 2325 4334 amantissimus

147 4359 343 4450 fuerit,
374 4374 722 4438 maximam
751 4375 945 4438 fidem
974 4373 1212 4439 habere
1243 4374 1568 4438 debemus.
1661 4374 1731 4437 Is
1762 4371 1935 4436 enim
1968 4370 2043 4432 in
2073 4367 2324 4450 saepius

557 4509 576 4532 ²
616 4504 820 4551 Treatise
845 4520 958 4564 upon
985 4505 1058 4552 1110
1082 4505 1225 4552 Small
1248 4505 1358 4560 Por,
1387 4503 1607 4558 London,
1633 4501 1772 4558 1723,
1796 4501 1902 4545 8vo.
