<?xml version="1.0" encoding="UTF-8"?>
<!DOCTYPE html PUBLIC "-//W3C//DTD XHTML 1.0 Transitional//EN"
    "http://www.w3.org/TR/xhtml1/DTD/xhtml1-transitional.dtd">
<html xmlns="http://www.w3.org/1999/xhtml" xml:lang="en" lang="en">
 <head>
  <title>
</title>
<meta http-equiv="Content-Type" content="text/html;charset=utf-8" />
  <meta name='ocr-system' content='tesseract 3.04.00' />
  <meta name='ocr-capabilities' content='ocr_page ocr_carea ocr_par ocr_line ocrx_word'/>
</head>
<body>
  <div class='ocr_page' id='page_1' title='image "./operaomnia00khgoog_0221.png"; bbox 0 0 3138 5006; ppageno 0'>
   <div class='ocr_carea' id='block_1_1' title="bbox 696 282 2262 348">
    <p class='ocr_par' dir='ltr' id='par_1_1' title="bbox 696 282 2262 348">
     <span class='ocr_line' id='line_1_1' title="bbox 696 282 2262 348; baseline -0.001 0"><span class='ocrx_word' id='word_1_1' title='bbox 696 287 823 348; x_wconf 87' lang='lat'>184</span> <span class='ocrx_word' id='word_1_2' title='bbox 1312 283 1701 348; x_wconf 83' lang='lat' dir='ltr'><strong>THOMAE</strong></span> <span class='ocrx_word' id='word_1_3' title='bbox 1750 282 2262 347; x_wconf 87' lang='lat' dir='ltr'><strong>SYDENHAM</strong></span> 
     </span>
    </p>
   </div>
   <div class='ocr_carea' id='block_1_2' title="bbox 388 441 2902 3695">
    <p class='ocr_par' dir='ltr' id='par_1_2' title="bbox 390 441 2898 835">
     <span class='ocr_line' id='line_1_2' title="bbox 390 441 2896 528; baseline 0.001 -21"><span class='ocrx_word' id='word_1_4' title='bbox 390 459 668 507; x_wconf 72' lang='lat' dir='ltr'>Monmm</span> <span class='ocrx_word' id='word_1_5' title='bbox 694 451 951 528; x_wconf 80' lang='lat' dir='ltr'>pectore</span> <span class='ocrx_word' id='word_1_6' title='bbox 980 451 1201 508; x_wconf 85' lang='lat' dir='ltr'>tamen</span> <span class='ocrx_word' id='word_1_7' title='bbox 1228 465 1363 508; x_wconf 90' lang='lat' dir='ltr'>non</span> <span class='ocrx_word' id='word_1_8' title='bbox 1391 450 1527 507; x_wconf 89' lang='lat' dir='ltr'>tam</span> <span class='ocrx_word' id='word_1_9' title='bbox 1564 441 2038 522; x_wconf 80' lang='lat' dir='ltr'><strong>exanthemata,</strong></span> <span class='ocrx_word' id='word_1_10' title='bbox 2072 463 2264 526; x_wconf 86' lang='lat' dir='ltr'>quam</span> <span class='ocrx_word' id='word_1_11' title='bbox 2293 445 2585 509; x_wconf 85' lang='lat' dir='ltr'>maculae</span> <span class='ocrx_word' id='word_1_12' title='bbox 2619 446 2790 510; x_wconf 88' lang='lat' dir='ltr'>latae</span> <span class='ocrx_word' id='word_1_13' title='bbox 2823 453 2896 510; x_wconf 92' lang='lat' dir='ltr'>et</span> 
     </span>
     <span class='ocr_line' id='line_1_3' title="bbox 402 523 2890 631; baseline 0 -21"><span class='ocrx_word' id='word_1_14' title='bbox 402 523 548 570; x_wconf 58' lang='grc' dir='ltr'>ΛΜΗ</span> <span class='ocrx_word' id='word_1_15' title='bbox 566 525 659 574; x_wconf 71' lang='lat'><strong>&#39;⁷⁰&#39;</strong></span> <span class='ocrx_word' id='word_1_16' title='bbox 696 545 947 624; x_wconf 89' lang='lat' dir='ltr'>rubrae,</span> <span class='ocrx_word' id='word_1_17' title='bbox 1022 547 1423 629; x_wconf 86' lang='lat' dir='ltr'>superficiem</span> <span class='ocrx_word' id='word_1_18' title='bbox 1488 545 1658 609; x_wconf 83' lang='lat' dir='ltr'>cutis</span> <span class='ocrx_word' id='word_1_19' title='bbox 1719 565 1856 608; x_wconf 90' lang='lat' dir='ltr'>non</span> <span class='ocrx_word' id='word_1_20' title='bbox 1920 551 2316 628; x_wconf 87' lang='lat' dir='ltr'>superantes,</span> <span class='ocrx_word' id='word_1_21' title='bbox 2379 547 2890 631; x_wconf 80' lang='lat' dir='ltr'>conspiciuntur.</span> 
     </span>
     <span class='ocr_line' id='line_1_4' title="bbox 700 647 2898 732; baseline 0.001 -20"><span class='ocrx_word' id='word_1_22' title='bbox 700 650 1037 732; x_wconf 77' lang='lat' dir='ltr'>Sternutat</span> <span class='ocrx_word' id='word_1_23' title='bbox 1088 670 1279 732; x_wconf 82' lang='lat' dir='ltr'>aeger</span> <span class='ocrx_word' id='word_1_24' title='bbox 1328 656 1642 731; x_wconf 87' lang='lat' dir='ltr'>tanquam</span> <span class='ocrx_word' id='word_1_25' title='bbox 1693 667 1732 709; x_wconf 87' lang='lat' dir='ltr'>a</span> <span class='ocrx_word' id='word_1_26' title='bbox 1782 654 2076 730; x_wconf 88' lang='lat' dir='ltr'>suscepto</span> <span class='ocrx_word' id='word_1_27' title='bbox 2125 647 2382 730; x_wconf 84' lang='lat' dir='ltr'>frigore,</span> <span class='ocrx_word' id='word_1_28' title='bbox 2443 649 2898 714; x_wconf 87' lang='lat' dir='ltr'>intumescunt</span> 
     </span>
     <span class='ocr_line' id='line_1_5' title="bbox 693 748 2898 835; baseline 0 -21"><span class='ocrx_word' id='word_1_29' title='bbox 693 750 1052 834; x_wconf 78' lang='lat' dir='ltr'>palpebrae,</span> <span class='ocrx_word' id='word_1_30' title='bbox 1104 749 1319 833; x_wconf 86' lang='lat' dir='ltr'>(paulo</span> <span class='ocrx_word' id='word_1_31' title='bbox 1370 749 1613 814; x_wconf 88' lang='lat' dir='ltr'>scilicet</span> <span class='ocrx_word' id='word_1_32' title='bbox 1665 755 1818 812; x_wconf 88' lang='lat' dir='ltr'>ante</span> <span class='ocrx_word' id='word_1_33' title='bbox 1869 748 2318 832; x_wconf 88' lang='lat' dir='ltr'>eruptionem,)</span> <span class='ocrx_word' id='word_1_34' title='bbox 2375 751 2594 829; x_wconf 85' lang='lat' dir='ltr'>vomit,</span> <span class='ocrx_word' id='word_1_35' title='bbox 2639 752 2898 835; x_wconf 82' lang='lat' dir='ltr'>saepius</span> 
     </span>
    </p>

    <p class='ocr_par' dir='ltr' id='par_1_3' title="bbox 692 850 2896 1033">
     <span class='ocr_line' id='line_1_6' title="bbox 692 850 2894 934; baseline 0 -19"><span class='ocrx_word' id='word_1_36' title='bbox 692 860 916 916; x_wconf 86' lang='lat' dir='ltr'>tamen</span> <span class='ocrx_word' id='word_1_37' title='bbox 943 852 1193 917; x_wconf 85' lang='lat' dir='ltr'>laborat</span> <span class='ocrx_word' id='word_1_38' title='bbox 1224 851 1559 915; x_wconf 86' lang='lat' dir='ltr'>diarrhoea</span> <span class='ocrx_word' id='word_1_39' title='bbox 1593 871 1744 914; x_wconf 92' lang='lat' dir='ltr'>cum</span> <span class='ocrx_word' id='word_1_40' title='bbox 1775 850 2242 934; x_wconf 84' lang='lat' dir='ltr'>dejectionibus</span> <span class='ocrx_word' id='word_1_41' title='bbox 2273 853 2500 916; x_wconf 89' lang='lat' dir='ltr'>coloris</span> <span class='ocrx_word' id='word_1_42' title='bbox 2529 853 2894 932; x_wconf 75' lang='lat' dir='ltr'>subviridis,</span> 
     </span>
     <span class='ocr_line' id='line_1_7' title="bbox 694 954 2896 1033; baseline 0.001 -13"><span class='ocrx_word' id='word_1_43' title='bbox 694 956 1138 1020; x_wconf 80' lang='lat' dir='ltr'>dentientibus</span> <span class='ocrx_word' id='word_1_44' title='bbox 1196 963 1418 1019; x_wconf 89' lang='lat' dir='ltr'>autem</span> <span class='ocrx_word' id='word_1_45' title='bbox 1476 955 1756 1018; x_wconf 81' lang='lat' dir='ltr'>maxime</span> <span class='ocrx_word' id='word_1_46' title='bbox 1813 954 1882 1017; x_wconf 89' lang='lat' dir='ltr'>id</span> <span class='ocrx_word' id='word_1_47' title='bbox 1941 956 2277 1033; x_wconf 81' lang='lat' dir='ltr'>convenit3</span> <span class='ocrx_word' id='word_1_48' title='bbox 2351 956 2635 1021; x_wconf 85' lang='lat' dir='ltr'>infantes</span> <span class='ocrx_word' id='word_1_49' title='bbox 2693 958 2896 1022; x_wconf 85' lang='lat' dir='ltr'>etiam</span> 
     </span>
    </p>

    <p class='ocr_par' dir='ltr' id='par_1_4' title="bbox 693 1057 2898 1142">
     <span class='ocr_line' id='line_1_8' title="bbox 693 1057 2898 1142; baseline 0.001 -21"><span class='ocrx_word' id='word_1_50' title='bbox 693 1079 807 1142; x_wconf 89' lang='lat' dir='ltr'>per</span> <span class='ocrx_word' id='word_1_51' title='bbox 844 1058 1022 1122; x_wconf 86' lang='lat' dir='ltr'>hunc</span> <span class='ocrx_word' id='word_1_52' title='bbox 1060 1057 1363 1122; x_wconf 86' lang='lat' dir='ltr'>morbum</span> <span class='ocrx_word' id='word_1_53' title='bbox 1400 1058 1590 1121; x_wconf 87' lang='lat' dir='ltr'>solito</span> <span class='ocrx_word' id='word_1_54' title='bbox 1630 1063 1785 1121; x_wconf 90' lang='lat' dir='ltr'>sunt</span> <span class='ocrx_word' id='word_1_55' title='bbox 1827 1057 2222 1121; x_wconf 84' lang='lat' dir='ltr'>morosiores.</span> <span class='ocrx_word' id='word_1_56' title='bbox 2314 1058 2780 1141; x_wconf 83' lang='lat' dir='ltr'>Ingravescunt</span> <span class='ocrx_word' id='word_1_57' title='bbox 2817 1069 2898 1124; x_wconf 87' lang='lat' dir='ltr'>ut</span> 
     </span>
    </p>

    <p class='ocr_par' dir='ltr' id='par_1_5' title="bbox 388 1159 2898 1653">
     <span class='ocr_line' id='line_1_9' title="bbox 388 1159 2898 1248; baseline 0.003 -30"><span class='ocrx_word' id='word_1_58' title='bbox 388 1177 437 1218; x_wconf 83' lang='lat' dir='ltr'>et</span> <span class='ocrx_word' id='word_1_59' title='bbox 458 1169 559 1248; x_wconf 61' lang='lat' dir='ltr'>pis·</span> <span class='ocrx_word' id='word_1_60' title='bbox 691 1161 1046 1245; x_wconf 89' lang='lat' dir='ltr'>plurimum</span> <span class='ocrx_word' id='word_1_61' title='bbox 1076 1166 1510 1245; x_wconf 78' lang='lat' dir='ltr'>symptomata</span> <span class='ocrx_word' id='word_1_62' title='bbox 1540 1159 1622 1222; x_wconf 87' lang='lat' dir='ltr'>ad</span> <span class='ocrx_word' id='word_1_63' title='bbox 1659 1167 1962 1242; x_wconf 87' lang='lat' dir='ltr'>quartum</span> <span class='ocrx_word' id='word_1_64' title='bbox 1989 1181 2193 1241; x_wconf 88' lang='lat' dir='ltr'>usque</span> <span class='ocrx_word' id='word_1_65' title='bbox 2223 1161 2415 1240; x_wconf 89' lang='lat' dir='ltr'>diem,</span> <span class='ocrx_word' id='word_1_66' title='bbox 2447 1183 2575 1245; x_wconf 92' lang='lat' dir='ltr'>quo</span> <span class='ocrx_word' id='word_1_67' title='bbox 2603 1169 2898 1246; x_wconf 89' lang='lat' dir='ltr'>tempore</span> 
     </span>
     <span class='ocr_line' id='line_1_10' title="bbox 388 1241 2892 1346; baseline 0 -21"><span class='ocrx_word' id='word_1_68' title='bbox 388 1241 525 1284; x_wconf 60' lang='lat'>‘⁰¹¹⁸‘</span> <span class='ocrx_word' id='word_1_69' title='bbox 691 1264 1070 1346; x_wconf 78' lang='lat' dir='ltr'>plerumque</span> <span class='ocrx_word' id='word_1_70' title='bbox 1124 1263 1299 1344; x_wconf 89' lang='lat' dir='ltr'>(licet</span> <span class='ocrx_word' id='word_1_71' title='bbox 1350 1262 1433 1326; x_wconf 88' lang='lat' dir='ltr'>ad</span> <span class='ocrx_word' id='word_1_72' title='bbox 1485 1262 1658 1326; x_wconf 90' lang='lat' dir='ltr'>diem</span> <span class='ocrx_word' id='word_1_73' title='bbox 1710 1263 2012 1344; x_wconf 91' lang='lat' dir='ltr'>quintum</span> <span class='ocrx_word' id='word_1_74' title='bbox 2064 1262 2409 1345; x_wconf 86' lang='lat' dir='ltr'>aliquando</span> <span class='ocrx_word' id='word_1_75' title='bbox 2459 1263 2892 1346; x_wconf 87' lang='lat' dir='ltr'>differantur,)</span> 
     </span>
     <span class='ocr_line' id='line_1_11' title="bbox 693 1361 2895 1448; baseline 0 -19"><span class='ocrx_word' id='word_1_76' title='bbox 693 1365 861 1430; x_wconf 87' lang='lat' dir='ltr'>circa</span> <span class='ocrx_word' id='word_1_77' title='bbox 908 1365 1193 1428; x_wconf 79' lang='lat' dir='ltr'>frontem</span> <span class='ocrx_word' id='word_1_78' title='bbox 1242 1373 1309 1428; x_wconf 89' lang='lat' dir='ltr'>et</span> <span class='ocrx_word' id='word_1_79' title='bbox 1357 1361 1672 1448; x_wconf 78' lang='lat' dir='ltr'>reliquam</span> <span class='ocrx_word' id='word_1_80' title='bbox 1723 1364 1954 1428; x_wconf 86' lang='lat' dir='ltr'>faciem</span> <span class='ocrx_word' id='word_1_81' title='bbox 2005 1365 2298 1428; x_wconf 88' lang='lat' dir='ltr'>maculae</span> <span class='ocrx_word' id='word_1_82' title='bbox 2355 1385 2586 1447; x_wconf 79' lang='lat' dir='ltr'>parvae</span> <span class='ocrx_word' id='word_1_83' title='bbox 2637 1365 2895 1444; x_wconf 86' lang='lat' dir='ltr'>rubrae,</span> 
     </span>
     <span class='ocr_line' id='line_1_12' title="bbox 693 1465 2895 1551; baseline 0 -20"><span class='ocrx_word' id='word_1_84' title='bbox 693 1468 978 1551; x_wconf 83' lang='lat' dir='ltr'>pulicum</span> <span class='ocrx_word' id='word_1_85' title='bbox 1022 1466 1341 1530; x_wconf 85' lang='lat' dir='ltr'>morsibus</span> <span class='ocrx_word' id='word_1_86' title='bbox 1392 1466 1765 1549; x_wconf 84' lang='lat' dir='ltr'>persimiles,</span> <span class='ocrx_word' id='word_1_87' title='bbox 1807 1466 2062 1550; x_wconf 87' lang='lat' dir='ltr'>prodire</span> <span class='ocrx_word' id='word_1_88' title='bbox 2097 1465 2457 1551; x_wconf 78' lang='lat' dir='ltr'>incipiunt3</span> <span class='ocrx_word' id='word_1_89' title='bbox 2523 1488 2706 1550; x_wconf 89' lang='lat' dir='ltr'>quae,</span> <span class='ocrx_word' id='word_1_90' title='bbox 2753 1475 2895 1532; x_wconf 87' lang='lat' dir='ltr'>tam</span> 
     </span>
     <span class='ocr_line' id='line_1_13' title="bbox 691 1569 2894 1653; baseline 0 -19"><span class='ocrx_word' id='word_1_91' title='bbox 691 1591 963 1635; x_wconf 89' lang='lat' dir='ltr'>numero</span> <span class='ocrx_word' id='word_1_92' title='bbox 995 1589 1187 1653; x_wconf 87' lang='lat' dir='ltr'>quam</span> <span class='ocrx_word' id='word_1_93' title='bbox 1222 1569 1674 1652; x_wconf 83' lang='lat' dir='ltr'>magnitudine</span> <span class='ocrx_word' id='word_1_94' title='bbox 1714 1575 1960 1646; x_wconf 88' lang='lat' dir='ltr'>auctae,</span> <span class='ocrx_word' id='word_1_95' title='bbox 1991 1570 2367 1633; x_wconf 86' lang='lat' dir='ltr'>racematim</span> <span class='ocrx_word' id='word_1_96' title='bbox 2407 1572 2795 1649; x_wconf 86' lang='lat' dir='ltr'>coalescunt,</span> <span class='ocrx_word' id='word_1_97' title='bbox 2827 1579 2894 1634; x_wconf 90' lang='lat' dir='ltr'>et</span> 
     </span>
    </p>

    <p class='ocr_par' dir='ltr' id='par_1_6' title="bbox 692 1671 2892 1756">
     <span class='ocr_line' id='line_1_14' title="bbox 692 1671 2892 1756; baseline 0 -19"><span class='ocrx_word' id='word_1_98' title='bbox 692 1673 921 1737; x_wconf 86' lang='lat' dir='ltr'>faciem</span> <span class='ocrx_word' id='word_1_99' title='bbox 940 1673 1207 1736; x_wconf 88' lang='lat' dir='ltr'>maculis</span> <span class='ocrx_word' id='word_1_100' title='bbox 1228 1671 1439 1736; x_wconf 88' lang='lat' dir='ltr'>rubris</span> <span class='ocrx_word' id='word_1_101' title='bbox 1462 1672 1590 1754; x_wconf 86' lang='lat' dir='ltr'>maj</span> <span class='ocrx_word' id='word_1_102' title='bbox 1597 1671 1833 1735; x_wconf 87' lang='lat' dir='ltr'>usculis</span> <span class='ocrx_word' id='word_1_103' title='bbox 1856 1671 2066 1735; x_wconf 85' lang='lat' dir='ltr'>variae</span> <span class='ocrx_word' id='word_1_104' title='bbox 2081 1672 2327 1755; x_wconf 79' lang='lat' dir='ltr'>figurae</span> <span class='ocrx_word' id='word_1_105' title='bbox 2349 1673 2892 1756; x_wconf 87' lang='lat' dir='ltr'>interstinguunt.</span> 
     </span>
    </p>

    <p class='ocr_par' dir='ltr' id='par_1_7' title="bbox 696 1753 2894 1859">
     <span class='ocr_line' id='line_1_15' title="bbox 696 1753 2894 1859; baseline -0 -19"><span class='ocrx_word' id='word_1_106' title='bbox 696 1753 880 1841; x_wconf 71' lang='lat' dir='ltr'>Quae</span> <span class='ocrx_word' id='word_1_107' title='bbox 914 1775 1175 1858; x_wconf 87' lang='lat' dir='ltr'>quidem</span> <span class='ocrx_word' id='word_1_108' title='bbox 1214 1775 1504 1838; x_wconf 82' lang='lat' dir='ltr'>maculae</span> <span class='ocrx_word' id='word_1_109' title='bbox 1542 1772 1776 1837; x_wconf 88' lang='lat' dir='ltr'>rubrae</span> <span class='ocrx_word' id='word_1_110' title='bbox 1823 1793 1860 1837; x_wconf 89' lang='lat' dir='ltr'>e</span> <span class='ocrx_word' id='word_1_111' title='bbox 1897 1774 2179 1856; x_wconf 86' lang='lat' dir='ltr'>parvulis</span> <span class='ocrx_word' id='word_1_112' title='bbox 2222 1775 2606 1857; x_wconf 84' lang='lat' dir='ltr'>quibusdam</span> <span class='ocrx_word' id='word_1_113' title='bbox 2639 1777 2894 1859; x_wconf 86' lang='lat' dir='ltr'>papulis</span> 
     </span>
    </p>

    <p class='ocr_par' dir='ltr' id='par_1_8' title="bbox 691 1875 2894 2062">
     <span class='ocr_line' id='line_1_16' title="bbox 691 1875 2894 1960; baseline 0 -20"><span class='ocrx_word' id='word_1_114' title='bbox 691 1877 903 1940; x_wconf 84' lang='lat' dir='ltr'>rubris</span> <span class='ocrx_word' id='word_1_115' title='bbox 930 1876 1108 1940; x_wconf 87' lang='lat' dir='ltr'>haud</span> <span class='ocrx_word' id='word_1_116' title='bbox 1135 1877 1329 1958; x_wconf 87' lang='lat' dir='ltr'>longe</span> <span class='ocrx_word' id='word_1_117' title='bbox 1359 1876 1439 1941; x_wconf 91' lang='lat' dir='ltr'>ab</span> <span class='ocrx_word' id='word_1_118' title='bbox 1468 1875 1745 1940; x_wconf 81' lang='lat' dir='ltr'>invicem</span> <span class='ocrx_word' id='word_1_119' title='bbox 1782 1875 2041 1953; x_wconf 89' lang='lat' dir='ltr'>dissitis,</span> <span class='ocrx_word' id='word_1_120' title='bbox 2074 1897 2268 1959; x_wconf 86' lang='lat' dir='ltr'>supra</span> <span class='ocrx_word' id='word_1_121' title='bbox 2295 1877 2461 1941; x_wconf 88' lang='lat' dir='ltr'>cutis</span> <span class='ocrx_word' id='word_1_122' title='bbox 2489 1877 2894 1960; x_wconf 88' lang='lat' dir='ltr'>superficiem</span> 
     </span>
     <span class='ocr_line' id='line_1_17' title="bbox 692 1978 2892 2062; baseline 0 -20"><span class='ocrx_word' id='word_1_123' title='bbox 692 1979 1028 2062; x_wconf 86' lang='lat' dir='ltr'>paululum</span> <span class='ocrx_word' id='word_1_124' title='bbox 1072 1979 1352 2057; x_wconf 82' lang='lat' dir='ltr'>elevatis,</span> <span class='ocrx_word' id='word_1_125' title='bbox 1406 1978 1789 2056; x_wconf 87' lang='lat' dir='ltr'>conflantur,</span> <span class='ocrx_word' id='word_1_126' title='bbox 1837 1999 2111 2061; x_wconf 90' lang='lat' dir='ltr'>quarum</span> <span class='ocrx_word' id='word_1_127' title='bbox 2154 1978 2644 2061; x_wconf 85' lang='lat' dir='ltr'>protuberantia</span> <span class='ocrx_word' id='word_1_128' title='bbox 2688 1979 2892 2062; x_wconf 87' lang='lat' dir='ltr'>digito</span> 
     </span>
    </p>

    <p class='ocr_par' dir='ltr' id='par_1_9' title="bbox 690 2079 2894 2368">
     <span class='ocr_line' id='line_1_18' title="bbox 690 2079 2892 2164; baseline 0.001 -21"><span class='ocrx_word' id='word_1_129' title='bbox 690 2081 917 2145; x_wconf 89' lang='lat' dir='ltr'>leviter</span> <span class='ocrx_word' id='word_1_130' title='bbox 936 2080 1192 2145; x_wconf 87' lang='lat' dir='ltr'>admoto</span> <span class='ocrx_word' id='word_1_131' title='bbox 1221 2085 1401 2144; x_wconf 84' lang='lat' dir='ltr'>tactu</span> <span class='ocrx_word' id='word_1_132' title='bbox 1421 2086 1631 2163; x_wconf 90' lang='lat' dir='ltr'>potest</span> <span class='ocrx_word' id='word_1_133' title='bbox 1662 2079 2074 2164; x_wconf 86' lang='lat' dir='ltr'>deprehendi,</span> <span class='ocrx_word' id='word_1_134' title='bbox 2097 2081 2250 2144; x_wconf 90' lang='lat' dir='ltr'>licet</span> <span class='ocrx_word' id='word_1_135' title='bbox 2272 2082 2606 2145; x_wconf 88' lang='lat' dir='ltr'>oculorum</span> <span class='ocrx_word' id='word_1_136' title='bbox 2633 2082 2892 2164; x_wconf 88' lang='lat' dir='ltr'>longius</span> 
     </span>
     <span class='ocr_line' id='line_1_19' title="bbox 692 2181 2892 2267; baseline 0.001 -23"><span class='ocrx_word' id='word_1_137' title='bbox 692 2189 1087 2246; x_wconf 91' lang='lat' dir='ltr'>remotorum</span> <span class='ocrx_word' id='word_1_138' title='bbox 1118 2182 1319 2246; x_wconf 84' lang='lat' dir='ltr'>aciem</span> <span class='ocrx_word' id='word_1_139' title='bbox 1348 2182 1483 2245; x_wconf 89' lang='lat' dir='ltr'>fere</span> <span class='ocrx_word' id='word_1_140' title='bbox 1512 2181 1800 2264; x_wconf 86' lang='lat' dir='ltr'>effugiat.</span> <span class='ocrx_word' id='word_1_141' title='bbox 1861 2183 1926 2244; x_wconf 85' lang='lat' dir='ltr'>A</span> <span class='ocrx_word' id='word_1_142' title='bbox 1953 2182 2167 2260; x_wconf 78' lang='lat' dir='ltr'>facie⁸,</span> <span class='ocrx_word' id='word_1_143' title='bbox 2199 2185 2423 2265; x_wconf 77' lang='lat' dir='ltr'>quam‘</span> <span class='ocrx_word' id='word_1_144' title='bbox 2449 2183 2660 2267; x_wconf 91' lang='lat' dir='ltr'>primo</span> <span class='ocrx_word' id='word_1_145' title='bbox 2689 2183 2892 2247; x_wconf 85' lang='lat' dir='ltr'>solam</span> 
     </span>
     <span class='ocr_line' id='line_1_20' title="bbox 693 2284 2894 2368; baseline 0 -20"><span class='ocrx_word' id='word_1_146' title='bbox 693 2291 1029 2368; x_wconf 86' lang='lat' dir='ltr'>occupant,</span> <span class='ocrx_word' id='word_1_147' title='bbox 1076 2285 1319 2348; x_wconf 87' lang='lat' dir='ltr'>sensim</span> <span class='ocrx_word' id='word_1_148' title='bbox 1376 2284 1459 2348; x_wconf 88' lang='lat' dir='ltr'>ad</span> <span class='ocrx_word' id='word_1_149' title='bbox 1514 2291 1740 2368; x_wconf 85' lang='lat' dir='ltr'>pectus</span> <span class='ocrx_word' id='word_1_150' title='bbox 1795 2292 2236 2368; x_wconf 86' lang='lat' dir='ltr'>ventremque,</span> <span class='ocrx_word' id='word_1_151' title='bbox 2281 2306 2470 2348; x_wconf 87' lang='lat' dir='ltr'>crura</span> <span class='ocrx_word' id='word_1_152' title='bbox 2525 2285 2760 2349; x_wconf 88' lang='lat' dir='ltr'>deinde</span> <span class='ocrx_word' id='word_1_153' title='bbox 2818 2307 2894 2350; x_wconf 92' lang='lat' dir='ltr'>ac</span> 
     </span>
    </p>

    <p class='ocr_par' dir='ltr' id='par_1_10' title="bbox 688 2386 2893 2471">
     <span class='ocr_line' id='line_1_21' title="bbox 688 2386 2893 2471; baseline 0 -20"><span class='ocrx_word' id='word_1_154' title='bbox 688 2387 901 2465; x_wconf 88' lang='lat' dir='ltr'>tibias,</span> <span class='ocrx_word' id='word_1_155' title='bbox 934 2408 1001 2450; x_wconf 89' lang='lat' dir='ltr'>se</span> <span class='ocrx_word' id='word_1_156' title='bbox 1036 2386 1406 2450; x_wconf 84' lang='lat' dir='ltr'>diffundunt</span> <span class='ocrx_word' id='word_1_157' title='bbox 1433 2386 1556 2450; x_wconf 83' lang='lat' dir='ltr'>hae</span> <span class='ocrx_word' id='word_1_158' title='bbox 1596 2387 1921 2465; x_wconf 73' lang='lat' dir='ltr'>maculae,</span> <span class='ocrx_word' id='word_1_159' title='bbox 1964 2387 2114 2450; x_wconf 90' lang='lat' dir='ltr'>licet</span> <span class='ocrx_word' id='word_1_160' title='bbox 2142 2393 2448 2450; x_wconf 89' lang='lat' dir='ltr'>truncum</span> <span class='ocrx_word' id='word_1_161' title='bbox 2489 2393 2681 2471; x_wconf 85' lang='lat' dir='ltr'>atque</span> <span class='ocrx_word' id='word_1_162' title='bbox 2715 2395 2893 2451; x_wconf 88' lang='lat' dir='ltr'>artus</span> 
     </span>
    </p>

    <p class='ocr_par' dir='ltr' id='par_1_11' title="bbox 686 2489 2894 2780">
     <span class='ocr_line' id='line_1_22' title="bbox 686 2489 2891 2574; baseline 0 -19"><span class='ocrx_word' id='word_1_163' title='bbox 686 2491 925 2555; x_wconf 79' lang='lat' dir='ltr'>rubore</span> <span class='ocrx_word' id='word_1_164' title='bbox 952 2489 1240 2555; x_wconf 87' lang='lat' dir='ltr'>inficiant</span> <span class='ocrx_word' id='word_1_165' title='bbox 1268 2495 1546 2569; x_wconf 88' lang='lat' dir='ltr'>tantum,</span> <span class='ocrx_word' id='word_1_166' title='bbox 1572 2489 1752 2553; x_wconf 92' lang='lat' dir='ltr'>nulla</span> <span class='ocrx_word' id='word_1_167' title='bbox 1779 2490 2132 2555; x_wconf 82' lang='lat' dir='ltr'>eminentia</span> <span class='ocrx_word' id='word_1_168' title='bbox 2153 2489 2439 2554; x_wconf 79' lang='lat' dir='ltr'>sensibili</span> <span class='ocrx_word' id='word_1_169' title='bbox 2465 2490 2632 2554; x_wconf 88' lang='lat' dir='ltr'>cutis</span> <span class='ocrx_word' id='word_1_170' title='bbox 2661 2513 2891 2574; x_wconf 85' lang='lat' dir='ltr'>aequa-</span> 
     </span>
     <span class='ocr_line' id='line_1_23' title="bbox 690 2590 2893 2677; baseline -0 -20"><span class='ocrx_word' id='word_1_171' title='bbox 690 2593 1008 2658; x_wconf 84' lang='lat' dir='ltr'>bilitatem</span> <span class='ocrx_word' id='word_1_172' title='bbox 1068 2600 1519 2676; x_wconf 88' lang='lat' dir='ltr'>transgressae.</span> <span class='ocrx_word' id='word_1_173' title='bbox 1644 2590 1769 2677; x_wconf 91' lang='lat'>[5.]</span> <span class='ocrx_word' id='word_1_174' title='bbox 1824 2592 2183 2675; x_wconf 88' lang='lat' dir='ltr'>Eruptione</span> <span class='ocrx_word' id='word_1_175' title='bbox 2243 2592 2696 2657; x_wconf 88' lang='lat' dir='ltr'>Morbillorum</span> <span class='ocrx_word' id='word_1_176' title='bbox 2757 2614 2893 2656; x_wconf 93' lang='lat' dir='ltr'>non</span> 
     </span>
     <span class='ocr_line' id='line_1_24' title="bbox 690 2694 2894 2780; baseline -0.001 -20"><span class='ocrx_word' id='word_1_177' title='bbox 690 2694 954 2780; x_wconf 88' lang='lat' dir='ltr'>perinde</span> <span class='ocrx_word' id='word_1_178' title='bbox 983 2695 1383 2759; x_wconf 87' lang='lat' dir='ltr'>deliniuntur</span> <span class='ocrx_word' id='word_1_179' title='bbox 1410 2702 1858 2777; x_wconf 80' lang='lat' dir='ltr'>symptomata,</span> <span class='ocrx_word' id='word_1_180' title='bbox 1896 2701 2088 2777; x_wconf 88' lang='lat' dir='ltr'>atque</span> <span class='ocrx_word' id='word_1_181' title='bbox 2115 2694 2535 2772; x_wconf 77' lang='lat' dir='ltr'>variolarum3</span> <span class='ocrx_word' id='word_1_182' title='bbox 2578 2695 2894 2759; x_wconf 81' lang='lat' dir='ltr'>vomitum</span> 
     </span>
    </p>

    <p class='ocr_par' dir='ltr' id='par_1_12' title="bbox 690 2796 2894 2883">
     <span class='ocr_line' id='line_1_25' title="bbox 690 2796 2894 2883; baseline -0.001 -20"><span class='ocrx_word' id='word_1_183' title='bbox 690 2808 912 2863; x_wconf 78' lang='lat' dir='ltr'>tamen</span> <span class='ocrx_word' id='word_1_184' title='bbox 943 2803 1091 2883; x_wconf 91' lang='lat' dir='ltr'>post</span> <span class='ocrx_word' id='word_1_185' title='bbox 1130 2799 1531 2881; x_wconf 88' lang='lat' dir='ltr'>eruptionem</span> <span class='ocrx_word' id='word_1_186' title='bbox 1558 2818 1895 2879; x_wconf 91' lang='lat' dir='ltr'>nunquam</span> <span class='ocrx_word' id='word_1_187' title='bbox 1929 2796 2290 2874; x_wconf 82' lang='lat' dir='ltr'>observavi3</span> <span class='ocrx_word' id='word_1_188' title='bbox 2335 2796 2644 2861; x_wconf 86' lang='lat' dir='ltr'>tussicula</span> <span class='ocrx_word' id='word_1_189' title='bbox 2662 2797 2894 2861; x_wconf 89' lang='lat' dir='ltr'>nihilo-</span> 
     </span>
    </p>

    <p class='ocr_par' dir='ltr' id='par_1_13' title="bbox 692 2898 2894 2983">
     <span class='ocr_line' id='line_1_26' title="bbox 692 2898 2894 2983; baseline -0 -20"><span class='ocrx_word' id='word_1_190' title='bbox 692 2901 908 2963; x_wconf 86' lang='lat' dir='ltr'>minus</span> <span class='ocrx_word' id='word_1_191' title='bbox 936 2900 1253 2983; x_wconf 91' lang='lat' dir='ltr'>febrisque</span> <span class='ocrx_word' id='word_1_192' title='bbox 1280 2898 1730 2976; x_wconf 86' lang='lat' dir='ltr'>intenduntur,</span> <span class='ocrx_word' id='word_1_193' title='bbox 1761 2918 1912 2961; x_wconf 91' lang='lat' dir='ltr'>cum</span> <span class='ocrx_word' id='word_1_194' title='bbox 1943 2898 2226 2981; x_wconf 88' lang='lat' dir='ltr'>spirandi</span> <span class='ocrx_word' id='word_1_195' title='bbox 2255 2898 2648 2976; x_wconf 89' lang='lat' dir='ltr'>difficultate,</span> <span class='ocrx_word' id='word_1_196' title='bbox 2679 2899 2894 2962; x_wconf 88' lang='lat' dir='ltr'>oculo-</span> 
     </span>
    </p>

    <p class='ocr_par' dir='ltr' id='par_1_14' title="bbox 594 2999 2900 3591">
     <span class='ocr_line' id='line_1_27' title="bbox 594 2999 2894 3082; baseline -0 -16"><span class='ocrx_word' id='word_1_197' title='bbox 594 3022 599 3027; x_wconf 92' lang='grc'><em>·</em></span> <span class='ocrx_word' id='word_1_198' title='bbox 690 3024 840 3067; x_wconf 87' lang='lat' dir='ltr'>rum</span> <span class='ocrx_word' id='word_1_199' title='bbox 876 3002 1222 3080; x_wconf 89' lang='lat' dir='ltr'>debilitate,</span> <span class='ocrx_word' id='word_1_200' title='bbox 1254 3000 1736 3082; x_wconf 83' lang='lat' dir='ltr'>defluxioneque</span> <span class='ocrx_word' id='word_1_201' title='bbox 1764 2999 1835 3061; x_wconf 91' lang='lat' dir='ltr'>in</span> <span class='ocrx_word' id='word_1_202' title='bbox 1869 2999 2128 3063; x_wconf 87' lang='lat' dir='ltr'>eosdem</span> <span class='ocrx_word' id='word_1_203' title='bbox 2158 2999 2607 3079; x_wconf 91' lang='lat' dir='ltr'>decumbente,</span> <span class='ocrx_word' id='word_1_204' title='bbox 2639 3022 2894 3065; x_wconf 87' lang='lat' dir='ltr'>somno·</span> 
     </span>
     <span class='ocr_line' id='line_1_28' title="bbox 692 3101 2894 3187; baseline -0.001 -18"><span class='ocrx_word' id='word_1_205' title='bbox 692 3105 893 3169; x_wconf 85' lang='lat' dir='ltr'>lentia</span> <span class='ocrx_word' id='word_1_206' title='bbox 919 3110 1246 3187; x_wconf 87' lang='lat' dir='ltr'>perpetua,</span> <span class='ocrx_word' id='word_1_207' title='bbox 1278 3111 1471 3186; x_wconf 90' lang='lat' dir='ltr'>atque</span> <span class='ocrx_word' id='word_1_208' title='bbox 1507 3102 1962 3185; x_wconf 84' lang='lat' dir='ltr'>inappetentia,</span> <span class='ocrx_word' id='word_1_209' title='bbox 1992 3101 2093 3165; x_wconf 88' lang='lat' dir='ltr'>uti</span> <span class='ocrx_word' id='word_1_210' title='bbox 2130 3102 2326 3185; x_wconf 87' lang='lat' dir='ltr'>prius,</span> <span class='ocrx_word' id='word_1_211' title='bbox 2357 3102 2567 3166; x_wconf 87' lang='lat' dir='ltr'>adhuc</span> <span class='ocrx_word' id='word_1_212' title='bbox 2604 3123 2894 3186; x_wconf 84' lang='lat' dir='ltr'>perseve-</span> 
     </span>
     <span class='ocr_line' id='line_1_29' title="bbox 692 3202 2896 3288; baseline -0.001 -18"><span class='ocrx_word' id='word_1_213' title='bbox 692 3206 1004 3270; x_wconf 86' lang='lat' dir='ltr'>rantibus.</span> <span class='ocrx_word' id='word_1_214' title='bbox 1094 3205 1219 3270; x_wconf 91' lang='lat' dir='ltr'>Die</span> <span class='ocrx_word' id='word_1_215' title='bbox 1258 3210 1437 3267; x_wconf 85' lang='lat' dir='ltr'>sexto</span> <span class='ocrx_word' id='word_1_216' title='bbox 1466 3211 1582 3267; x_wconf 86' lang='lat' dir='ltr'>aut</span> <span class='ocrx_word' id='word_1_217' title='bbox 1619 3203 1885 3281; x_wconf 81' lang='lat' dir='ltr'>circiter,</span> <span class='ocrx_word' id='word_1_218' title='bbox 1916 3202 2092 3267; x_wconf 81' lang='lat' dir='ltr'>frons</span> <span class='ocrx_word' id='word_1_219' title='bbox 2131 3210 2196 3267; x_wconf 92' lang='lat' dir='ltr'>et</span> <span class='ocrx_word' id='word_1_220' title='bbox 2229 3204 2422 3268; x_wconf 85' lang='lat' dir='ltr'>facies</span> <span class='ocrx_word' id='word_1_221' title='bbox 2463 3212 2896 3288; x_wconf 87' lang='lat' dir='ltr'>asperescunt,</span> 
     </span>
     <span class='ocr_line' id='line_1_30' title="bbox 695 3304 2899 3389; baseline -0.001 -18"><span class='ocrx_word' id='word_1_222' title='bbox 695 3306 1151 3371; x_wconf 87' lang='lat' dir='ltr'>emorientibus</span> <span class='ocrx_word' id='word_1_223' title='bbox 1194 3304 1467 3388; x_wconf 86' lang='lat' dir='ltr'>pustulis</span> <span class='ocrx_word' id='word_1_224' title='bbox 1508 3312 1826 3387; x_wconf 86' lang='lat' dir='ltr'>ruptaque</span> <span class='ocrx_word' id='word_1_225' title='bbox 1869 3304 2166 3383; x_wconf 87' lang='lat' dir='ltr'>cuticula,</span> <span class='ocrx_word' id='word_1_226' title='bbox 2213 3312 2280 3368; x_wconf 91' lang='lat' dir='ltr'>et</span> <span class='ocrx_word' id='word_1_227' title='bbox 2321 3326 2436 3389; x_wconf 90' lang='lat' dir='ltr'>per</span> <span class='ocrx_word' id='word_1_228' title='bbox 2478 3306 2545 3369; x_wconf 88' lang='lat' dir='ltr'>id</span> <span class='ocrx_word' id='word_1_229' title='bbox 2591 3308 2899 3389; x_wconf 83' lang='lat' dir='ltr'>temporis</span> 
     </span>
     <span class='ocr_line' id='line_1_31' title="bbox 692 3406 2900 3491; baseline 0 -18"><span class='ocrx_word' id='word_1_230' title='bbox 692 3410 982 3473; x_wconf 84' lang='lat' dir='ltr'>maculae</span> <span class='ocrx_word' id='word_1_231' title='bbox 1024 3429 1139 3491; x_wconf 91' lang='lat' dir='ltr'>per</span> <span class='ocrx_word' id='word_1_232' title='bbox 1175 3408 1493 3491; x_wconf 86' lang='lat' dir='ltr'>reliquum</span> <span class='ocrx_word' id='word_1_233' title='bbox 1532 3427 1762 3489; x_wconf 84' lang='lat' dir='ltr'>corpus</span> <span class='ocrx_word' id='word_1_234' title='bbox 1805 3414 1870 3470; x_wconf 90' lang='lat' dir='ltr'>et</span> <span class='ocrx_word' id='word_1_235' title='bbox 1904 3406 2249 3471; x_wconf 88' lang='lat' dir='ltr'>latissimae</span> <span class='ocrx_word' id='word_1_236' title='bbox 2295 3416 2466 3487; x_wconf 89' lang='lat' dir='ltr'>sunt,</span> <span class='ocrx_word' id='word_1_237' title='bbox 2507 3416 2574 3472; x_wconf 91' lang='lat' dir='ltr'>et</span> <span class='ocrx_word' id='word_1_238' title='bbox 2617 3409 2900 3473; x_wconf 83' lang='lat' dir='ltr'>maxime</span> 
     </span>
     <span class='ocr_line' id='line_1_32' title="bbox 692 3508 2898 3591; baseline 0.001 -18"><span class='ocrx_word' id='word_1_239' title='bbox 692 3511 1063 3576; x_wconf 89' lang='lat' dir='ltr'>rubescunt.</span> <span class='ocrx_word' id='word_1_240' title='bbox 1155 3510 1397 3573; x_wconf 84' lang='lat' dir='ltr'>Octavo</span> <span class='ocrx_word' id='word_1_241' title='bbox 1427 3509 1695 3587; x_wconf 88' lang='lat' dir='ltr'>circiter,</span> <span class='ocrx_word' id='word_1_242' title='bbox 1729 3508 1830 3571; x_wconf 90' lang='lat' dir='ltr'>die</span> <span class='ocrx_word' id='word_1_243' title='bbox 1859 3510 2149 3573; x_wconf 85' lang='lat' dir='ltr'>maculae</span> <span class='ocrx_word' id='word_1_244' title='bbox 2187 3510 2258 3572; x_wconf 88' lang='lat' dir='ltr'>in</span> <span class='ocrx_word' id='word_1_245' title='bbox 2291 3509 2451 3574; x_wconf 88' lang='lat' dir='ltr'>facie</span> <span class='ocrx_word' id='word_1_246' title='bbox 2485 3519 2898 3591; x_wconf 81' lang='lat' dir='ltr'>evanescunt,</span> 
     </span>
    </p>

    <p class='ocr_par' dir='ltr' id='par_1_15' title="bbox 696 3612 2902 3695">
     <span class='ocr_line' id='line_1_33' title="bbox 696 3612 2902 3695; baseline 0 -18"><span class='ocrx_word' id='word_1_247' title='bbox 696 3620 761 3677; x_wconf 91' lang='lat' dir='ltr'>et</span> <span class='ocrx_word' id='word_1_248' title='bbox 789 3614 894 3677; x_wconf 83' lang='lat' dir='ltr'>vix</span> <span class='ocrx_word' id='word_1_249' title='bbox 928 3614 999 3675; x_wconf 92' lang='lat' dir='ltr'>in</span> <span class='ocrx_word' id='word_1_250' title='bbox 1034 3612 1279 3695; x_wconf 87' lang='lat' dir='ltr'>reliquo</span> <span class='ocrx_word' id='word_1_251' title='bbox 1323 3632 1587 3695; x_wconf 80' lang='lat' dir='ltr'>corpore</span> <span class='ocrx_word' id='word_1_252' title='bbox 1620 3618 2014 3691; x_wconf 71' lang='lat' dir='ltr'>cernuntur,</span> <span class='ocrx_word' id='word_1_253' title='bbox 2059 3633 2234 3676; x_wconf 91' lang='lat' dir='ltr'>nono</span> <span class='ocrx_word' id='word_1_254' title='bbox 2277 3633 2446 3691; x_wconf 83' lang='lat' dir='ltr'>vero,</span> <span class='ocrx_word' id='word_1_255' title='bbox 2483 3612 2702 3677; x_wconf 90' lang='lat' dir='ltr'>nullae</span> <span class='ocrx_word' id='word_1_256' title='bbox 2741 3620 2902 3679; x_wconf 86' lang='lat' dir='ltr'>sunt</span> 
     </span>
    </p>
   </div>
   <div class='ocr_carea' id='block_1_3' title="bbox 390 593 671 603">
    <p class='ocr_par' dir='ltr' id='par_1_16' title="bbox 390 593 671 603">
     <span class='ocr_line' id='line_1_34' title="bbox 390 593 671 603; baseline 0 0"><span class='ocrx_word' id='word_1_257' title='bbox 390 593 671 603; x_wconf 95' lang='lat' dir='ltr'> </span> 
     </span>
    </p>
   </div>
   <div class='ocr_carea' id='block_1_4' title="bbox 694 3714 2906 4415">
    <p class='ocr_par' dir='ltr' id='par_1_17' title="bbox 694 3714 2906 4415">
     <span class='ocr_line' id='line_1_35' title="bbox 695 3714 2900 3800; baseline 0.001 -21"><span class='ocrx_word' id='word_1_258' title='bbox 695 3737 972 3800; x_wconf 89' lang='lat' dir='ltr'>prorsus,</span> <span class='ocrx_word' id='word_1_259' title='bbox 1002 3716 1161 3780; x_wconf 81' lang='lat' dir='ltr'>facie</span> <span class='ocrx_word' id='word_1_260' title='bbox 1191 3724 1383 3798; x_wconf 89' lang='lat' dir='ltr'>atque</span> <span class='ocrx_word' id='word_1_261' title='bbox 1412 3714 1700 3792; x_wconf 88' lang='lat' dir='ltr'>artubus,</span> <span class='ocrx_word' id='word_1_262' title='bbox 1733 3714 2113 3797; x_wconf 88' lang='lat' dir='ltr'>quandoque</span> <span class='ocrx_word' id='word_1_263' title='bbox 2143 3722 2209 3778; x_wconf 92' lang='lat' dir='ltr'>et</span> <span class='ocrx_word' id='word_1_264' title='bbox 2235 3721 2378 3779; x_wconf 92' lang='lat' dir='ltr'>toto</span> <span class='ocrx_word' id='word_1_265' title='bbox 2407 3736 2688 3799; x_wconf 87' lang='lat' dir='ltr'>corpore,</span> <span class='ocrx_word' id='word_1_266' title='bbox 2715 3717 2900 3799; x_wconf 88' lang='lat' dir='ltr'>quasi</span> 
     </span>
     <span class='ocr_line' id='line_1_36' title="bbox 694 3816 2902 3903; baseline -0 -20"><span class='ocrx_word' id='word_1_267' title='bbox 694 3818 903 3883; x_wconf 79' lang='lat' dir='ltr'>farina</span> <span class='ocrx_word' id='word_1_268' title='bbox 930 3818 1301 3903; x_wconf 79' lang='lat' dir='ltr'>conspersis,</span> <span class='ocrx_word' id='word_1_269' title='bbox 1324 3816 1652 3901; x_wconf 81' lang='lat' dir='ltr'>particulis</span> <span class='ocrx_word' id='word_1_270' title='bbox 1674 3816 1912 3881; x_wconf 83' lang='lat' dir='ltr'>scilicet</span> <span class='ocrx_word' id='word_1_271' title='bbox 1941 3817 2266 3901; x_wconf 83' lang='lat' dir='ltr'>disruptae</span> <span class='ocrx_word' id='word_1_272' title='bbox 2289 3818 2605 3885; x_wconf 84' lang='lat' dir='ltr'>cuticulae</span> <span class='ocrx_word' id='word_1_273' title='bbox 2633 3820 2902 3902; x_wconf 88' lang='lat' dir='ltr'>paulum</span> 
     </span>
     <span class='ocr_line' id='line_1_37' title="bbox 694 3920 2902 4004; baseline 0 -17"><span class='ocrx_word' id='word_1_274' title='bbox 694 3922 955 3987; x_wconf 77' lang='lat' dir='ltr'>elevatis</span> <span class='ocrx_word' id='word_1_275' title='bbox 984 3928 1049 3987; x_wconf 86' lang='lat' dir='ltr'>et</span> <span class='ocrx_word' id='word_1_276' title='bbox 1076 3920 1182 3985; x_wconf 82' lang='lat' dir='ltr'>vix</span> <span class='ocrx_word' id='word_1_277' title='bbox 1214 3920 1721 3999; x_wconf 85' lang='lat' dir='ltr'>cohaerentibus,</span> <span class='ocrx_word' id='word_1_278' title='bbox 1755 3941 1936 4003; x_wconf 82' lang='lat' dir='ltr'>quae,</span> <span class='ocrx_word' id='word_1_279' title='bbox 1968 3920 2194 3985; x_wconf 88' lang='lat' dir='ltr'>morbo</span> <span class='ocrx_word' id='word_1_280' title='bbox 2214 3921 2353 4004; x_wconf 83' lang='lat' dir='ltr'>jam</span> <span class='ocrx_word' id='word_1_281' title='bbox 2387 3920 2796 4003; x_wconf 89' lang='lat' dir='ltr'>abituriente,</span> <span class='ocrx_word' id='word_1_282' title='bbox 2825 3922 2902 3987; x_wconf 90' lang='lat' dir='ltr'>in</span> 
     </span>
     <span class='ocr_line' id='line_1_38' title="bbox 694 4022 2905 4107; baseline 0 -18"><span class='ocrx_word' id='word_1_283' title='bbox 694 4025 904 4089; x_wconf 72' lang='lat' dir='ltr'>frusta</span> <span class='ocrx_word' id='word_1_284' title='bbox 923 4023 1315 4101; x_wconf 88' lang='lat' dir='ltr'>distrahitur,</span> <span class='ocrx_word' id='word_1_285' title='bbox 1340 4030 1404 4087; x_wconf 89' lang='lat' dir='ltr'>et</span> <span class='ocrx_word' id='word_1_286' title='bbox 1432 4030 1656 4106; x_wconf 90' lang='lat' dir='ltr'>postea</span> <span class='ocrx_word' id='word_1_287' title='bbox 1677 4044 1716 4086; x_wconf 90' lang='lat' dir='ltr'>a</span> <span class='ocrx_word' id='word_1_288' title='bbox 1741 4028 1880 4087; x_wconf 88' lang='lat' dir='ltr'>toto</span> <span class='ocrx_word' id='word_1_289' title='bbox 1903 4043 2164 4107; x_wconf 87' lang='lat' dir='ltr'>corpore</span> <span class='ocrx_word' id='word_1_290' title='bbox 2194 4022 2674 4106; x_wconf 76' lang='lat' dir='ltr'>squamularum</span> <span class='ocrx_word' id='word_1_291' title='bbox 2694 4026 2905 4090; x_wconf 87' lang='lat' dir='ltr'>forma</span> 
     </span>
     <span class='ocr_line' id='line_1_39' title="bbox 698 4124 2904 4213; baseline -0 -20"><span class='ocrx_word' id='word_1_292' title='bbox 698 4128 955 4193; x_wconf 85' lang='lat' dir='ltr'>decidit.</span> <span class='ocrx_word' id='word_1_293' title='bbox 1055 4124 1180 4213; x_wconf 83' lang='lat'>[4.]</span> <span class='ocrx_word' id='word_1_294' title='bbox 1226 4127 1636 4190; x_wconf 85' lang='lat' dir='ltr'>Evanescunt</span> <span class='ocrx_word' id='word_1_295' title='bbox 1662 4126 1880 4209; x_wconf 83' lang='lat' dir='ltr'>itaque</span> <span class='ocrx_word' id='word_1_296' title='bbox 1902 4125 2193 4190; x_wconf 89' lang='lat' dir='ltr'>Morbilli</span> <span class='ocrx_word' id='word_1_297' title='bbox 2221 4125 2324 4190; x_wconf 90' lang='lat' dir='ltr'>die</span> <span class='ocrx_word' id='word_1_298' title='bbox 2343 4126 2476 4191; x_wconf 84' lang='lat' dir='ltr'>fere</span> <span class='ocrx_word' id='word_1_299' title='bbox 2506 4133 2747 4206; x_wconf 76' lang='lat' dir='ltr'>oetam,</span> <span class='ocrx_word' id='word_1_300' title='bbox 2773 4149 2904 4211; x_wconf 91' lang='lat' dir='ltr'>quo</span> 
     </span>
     <span class='ocr_line' id='line_1_40' title="bbox 696 4225 2901 4315; baseline -0.001 -22"><span class='ocrx_word' id='word_1_301' title='bbox 696 4236 987 4315; x_wconf 84' lang='lat' dir='ltr'>tempore</span> <span class='ocrx_word' id='word_1_302' title='bbox 1012 4230 1243 4311; x_wconf 85' lang='lat' dir='ltr'>vulgus</span> <span class='ocrx_word' id='word_1_303' title='bbox 1278 4229 1341 4310; x_wconf 85' lang='lat' dir='ltr'>(a</span> <span class='ocrx_word' id='word_1_304' title='bbox 1368 4228 1578 4312; x_wconf 85' lang='lat' dir='ltr'>spacio</span> <span class='ocrx_word' id='word_1_305' title='bbox 1607 4247 1735 4310; x_wconf 93' lang='lat' dir='ltr'>quo</span> <span class='ocrx_word' id='word_1_306' title='bbox 1762 4225 2106 4310; x_wconf 87' lang='lat' dir='ltr'>perdurare</span> <span class='ocrx_word' id='word_1_307' title='bbox 2136 4227 2345 4291; x_wconf 87' lang='lat' dir='ltr'>solent</span> <span class='ocrx_word' id='word_1_308' title='bbox 2372 4228 2646 4292; x_wconf 82' lang='lat' dir='ltr'>variolae</span> <span class='ocrx_word' id='word_1_309' title='bbox 2674 4227 2901 4312; x_wconf 89' lang='lat' dir='ltr'>decep-</span> 
     </span>
     <span class='ocr_line' id='line_1_41' title="bbox 700 4329 2906 4415; baseline -0.001 -19"><span class='ocrx_word' id='word_1_310' title='bbox 700 4334 888 4415; x_wconf 90' lang='lat' dir='ltr'>tum,)</span> <span class='ocrx_word' id='word_1_311' title='bbox 924 4330 1182 4395; x_wconf 89' lang='lat' dir='ltr'>eosdem</span> <span class='ocrx_word' id='word_1_312' title='bbox 1224 4331 1391 4393; x_wconf 80' lang='lat' dir='ltr'>intro</span> <span class='ocrx_word' id='word_1_313' title='bbox 1425 4330 1586 4393; x_wconf 79' lang='lat' dir='ltr'>verti</span> <span class='ocrx_word' id='word_1_314' title='bbox 1630 4330 1922 4409; x_wconf 83' lang='lat' dir='ltr'>affirmat,</span> <span class='ocrx_word' id='word_1_315' title='bbox 1961 4329 2131 4412; x_wconf 85' lang='lat' dir='ltr'>(licet</span> <span class='ocrx_word' id='word_1_316' title='bbox 2160 4350 2380 4393; x_wconf 88' lang='lat' dir='ltr'>revera</span> <span class='ocrx_word' id='word_1_317' title='bbox 2419 4329 2514 4391; x_wconf 91' lang='lat' dir='ltr'>illi</span> <span class='ocrx_word' id='word_1_318' title='bbox 2559 4350 2820 4393; x_wconf 83' lang='lat' dir='ltr'>cursum</span> <span class='ocrx_word' id='word_1_319' title='bbox 2863 4352 2906 4393; x_wconf 87' lang='lat' dir='ltr'>a</span> 
     </span>
    </p>
   </div>
   <div class='ocr_carea' id='block_1_5' title="bbox 826 4454 2766 4521">
    <p class='ocr_par' dir='ltr' id='par_1_18' title="bbox 826 4454 2766 4521">
     <span class='ocr_line' id='line_1_42' title="bbox 826 4454 2766 4521; baseline 0.001 -15"><span class='ocrx_word' id='word_1_320' title='bbox 826 4466 847 4489; x_wconf 82' lang='lat'>⁸</span> <span class='ocrx_word' id='word_1_321' title='bbox 866 4457 1027 4521; x_wconf 70' lang='lat' dir='ltr'>faeie]</span> <span class='ocrx_word' id='word_1_322' title='bbox 1050 4463 1177 4507; x_wconf 74' lang='lat' dir='ltr'>vultu</span> <span class='ocrx_word' id='word_1_323' title='bbox 1201 4458 1271 4505; x_wconf 86' lang='lat' dir='ltr'>ed.</span> <span class='ocrx_word' id='word_1_324' title='bbox 1298 4456 1393 4508; x_wconf 76' lang='lat'>⁹⁷6.</span> <span class='ocrx_word' id='word_1_325' title='bbox 1987 4454 2001 4481; x_wconf 82' lang='lat'><em>¹</em></span> <span class='ocrx_word' id='word_1_326' title='bbox 2037 4456 2426 4519; x_wconf 71' lang='lat' dir='ltr'>quam—sensim]</span> <span class='ocrx_word' id='word_1_327' title='bbox 2453 4472 2546 4505; x_wconf 88' lang='lat' dir='ltr'>om.</span> <span class='ocrx_word' id='word_1_328' title='bbox 2572 4458 2644 4506; x_wconf 81' lang='lat' dir='ltr'>ed.</span> <span class='ocrx_word' id='word_1_329' title='bbox 2670 4458 2766 4509; x_wconf 85' lang='grc'><strong>’76.</strong></span> 
     </span>
    </p>
   </div>
  </div>
 </body>
</html>
