3138 5006
729 298 831 362 SC
840 295 1221 364 HEDULA
1266 299 1800 366 MONITORIA
1843 301 1900 366 I.
2291 305 2418 368 491

226 459 303 524 de
332 480 527 524 causa
546 463 668 546 ego
688 461 761 525 in
782 459 987 525 Febre
1011 461 1356 526 Comatosa
1376 462 1535 526 anni
1558 463 1802 543 167312,
1823 461 2252 528 catharticum
2273 485 2418 549 pro·
2447 479 2726 530 DnNovAn

221 563 443 647 pinare
473 583 607 628 non
636 584 851 642 ausus,
880 564 953 626 in
980 563 1327 649 clysterum
1368 585 1495 628 usu
1524 563 1973 645 subsistebam,
2004 571 2180 630 certo
2211 567 2416 631 sciens
2442 545 2634 658 115³?ss
2641 559 2715 658 ’ζα

222 664 503 728 remedia
548 667 899 748 purgantia
944 686 1020 730 eo
1068 671 1361 750 tempore
1404 674 1736 750 usurpata,
1781 667 1956 732 illico
2004 676 2258 734 comata
2305 669 2414 733 ad-
2443 626 2740 742 (563ss

222 762 515 829 duxisse:
564 767 735 849 quod
762 767 1016 832 fortean
1046 767 1233 832 aliter
1258 769 1512 833 evenire
1532 770 1866 852 potuisset,
1893 771 1950 835 si
1974 773 2420 855 paregoricum

222 875 605 951 usurpatum
648 869 847 933 fuisse
883 876 1030 954 post
1062 870 1263 934 talem
1300 871 1628 935 catharsin
1669 871 1829 934 mihi
1872 871 1945 934 in
1987 879 2278 936 mentem
2313 893 2418 938 ve-

222 969 440 1036 nisset.
542 972 663 1056 [9.]
720 971 855 1037 Ubi
883 993 1031 1036 vero
1059 973 1359 1056 purgatio
1402 972 1725 1038 celebrata
1757 992 1896 1037 non
1921 973 2138 1054 fuerit,
2168 973 2418 1059 hypno-

221 1073 425 1139 ticum
473 1074 633 1139 hora
678 1074 889 1140 somni
932 1075 1307 1139 nullatenus
1346 1082 1446 1140 est
1480 1074 2001 1154 concedendum,
2047 1097 2132 1140 ne
2175 1077 2418 1142 scilicet

224 1177 558 1242 cathartici
604 1178 912 1262 postridie
964 1177 1367 1260 deglutiendi
1418 1177 1856 1262 operationem
1907 1198 1982 1242 ac
2027 1177 2156 1243 vim
2219 1178 2420 1262 (quod

224 1279 361 1342 fieri
390 1280 571 1358 nolet,
604 1281 1017 1363 quantumvis
1052 1301 1194 1344 sero
1224 1286 1591 1345 assumatur
1617 1277 1824 1361 fflud,)
1861 1279 2268 1359 sufflaminet,
2297 1281 2420 1359 vel,

224 1379 279 1444 si
306 1401 441 1444 non
473 1381 549 1444 in
578 1380 855 1445 solidum
888 1381 1215 1460 retundat,
1246 1381 1593 1446 efficaciam
1626 1386 1850 1446 tamen
1876 1380 2244 1466 imminuat.
2333 1383 2420 1446 In

222 1482 343 1548 hac
372 1490 485 1547 aut
516 1483 641 1548 alia
670 1483 891 1567 quavis
912 1483 1119 1548 Febre
1141 1483 1493 1568 epidemiea
1521 1489 1844 1548 statutum
1871 1483 2035 1548 mihi
2063 1489 2180 1563 est,
2204 1483 2420 1548 alvum

222 1605 357 1648 non
396 1585 662 1650 turbare
704 1586 777 1649 in
817 1586 1133 1670 principio
1176 1591 1430 1649 statuve
1472 1583 1703 1662 morbi,
1742 1582 1888 1666 nisi·
1907 1583 2421 1674 venae-sectione

220 1687 603 1770 praemissa:
649 1709 814 1772 quae
845 1688 1105 1772 quidem
1138 1707 1403 1772 praxeos
1441 1687 1670 1770 regula
1697 1708 1932 1771 susque
1962 1688 2170 1772 deque
2198 1686 2424 1752 habita

226 1796 338 1853 aut
380 1790 619 1855 violata
661 1811 857 1874 quam
898 1791 1209 1874 plurimos
1254 1791 1426 1855 Orco
1466 1790 1732 1868 addixit,
1773 1790 2056 1854 infantes
2098 1811 2420 1870 maxume,

222 1899 417 1976 prout
445 1894 601 1959 alias
640 1894 875 1979 [Epist.
906 1896 1201 1978 Respom.
1233 1896 1288 1959 Ι.
1324 1897 1359 1982 ξ
1390 1895 1528 1979 49.]
1568 1895 1640 1958 in
1668 1895 1988 1974 cautelam
2014 1895 2261 1959 monui.

239 2029 247 2034 -
321 1996 485 2081 [10.]
543 1997 1031 2063 Observandum
1076 2005 1175 2063 est
1225 2006 1465 2078 autem,
1512 1998 1706 2081 quod,
1749 1998 1903 2062 licet
1951 2004 2029 2062 ut
2071 1997 2425 2082 plurimum

223 2100 666 2165 evacuationes
694 2121 919 2166 omnes
946 2101 1271 2185 praefatae
1298 2101 1371 2165 in
1399 2100 1594 2186 hujus
1624 2099 1848 2165 Febris
1877 2100 2210 2165 curatione
2237 2121 2424 2164 usur-

222 2203 363 2286 pari
402 2202 699 2284 debeant,
732 2225 920 2288 saepe
956 2211 1179 2269 tamen
1220 2224 1429 2286 aeger,
1468 2202 1768 2286 (maxime
1804 2203 1858 2266 si
1893 2202 2148 2287 juvenis
2177 2210 2289 2267 aut
2324 2203 2423 2266 in-

222 2304 367 2370 fans
393 2305 636 2388 fuerit,)
671 2313 815 2390 post
845 2307 1153 2372 eductum
1182 2306 1567 2391 sanguinem
1595 2327 1730 2370 una
1759 2305 2037 2370 catharsi
2059 2300 2423 2384 defunctus,

224 2407 446 2471 statim
484 2409 886 2489 convalescit,
922 2429 1045 2474 nec
1080 2408 1375 2492 pluribus
1411 2407 1785 2491 fatigandus
1823 2414 1941 2487 est,
1977 2406 2182 2472 Febre
2215 2408 2427 2491 primo

222 2511 563 2595 purgantis
606 2512 875 2577 remedii
918 2513 1170 2596 impetu
1218 2518 1608 2595 expugnata.
1695 2512 1756 2575 E
1801 2518 2028 2576 contra
2070 2532 2218 2575 vero
2261 2533 2424 2576 non-

222 2634 563 2698 nunquam
601 2636 763 2699 opus
803 2622 902 2680 est
946 2622 1024 2679 ut
1072 2616 1250 2679 alvus
1290 2615 1374 2677 ad
1415 2615 1631 2698 plures
1672 2636 1867 2697 quam
1913 2635 2108 2698 supra
2147 2615 2426 2679 diximus

220 2716 392 2780 vices
444 2718 858 2782 sollicitetur:
922 2718 1306 2801 quandoque
1364 2717 1560 2794 enim,
1621 2717 1792 2797 (licet
1841 2716 1911 2780 id
1959 2738 2108 2781 raro
2166 2717 2422 2800 evenit,)

224 2838 419 2901 aegro
458 2828 533 2882 a¹¹
579 2818 785 2884 Febre
820 2820 960 2903 jam
1004 2818 1175 2883 dicta
1223 2818 1530 2882 methodo
1580 2816 1870 2897 liberato,
1914 2819 2430 2883 recrudescentis.

220 2920 530 2985 materiae
571 2921 841 2986 Febrilis
885 2926 1031 3005 post
1075 2920 1211 2985 dies
1257 2920 1499 3003 aliquot
1542 2920 1844 2985 morbum
1885 2920 2282 3005 postliminio
2325 2944 2428 2986 re-

222 3024 460 3090 ducere
508 3023 783 3105 videtur,
831 3046 1025 3109 quem
1074 3030 1297 3089 tamen
1346 3024 1647 3107 purgatio
1699 3029 1930 3105 quarta
1969 3022 2104 3087 vice
2153 3024 2428 3107 repetita

220 3148 377 3191 mox
422 3126 749 3205 eliminat;
808 3126 1072 3191 tametsi
1114 3126 1185 3188 in
1228 3126 1351 3189 hac
1400 3123 1709 3190 methodo
1758 3125 1948 3189 Nova
1996 3123 2158 3190 haec
2201 3125 2426 3190 Febris

220 3250 370 3295 raro
414 3228 663 3309 accidit,
702 3228 829 3293 nisi
872 3227 953 3293 ab
1000 3228 1277 3313 aphthis,
1320 3249 1484 3312 quae
1523 3226 1644 3291 sub
1685 3226 1863 3291 exitu
1906 3226 2131 3291 Febris
2173 3248 2424 3311 praece-

222 3328 439 3393 dentis
498 3350 940 3413 supervenere,
989 3336 1055 3394 et
1105 3332 1244 3414 jam
1304 3329 1387 3393 ad
1436 3336 1680 3394 statum
1739 3338 1966 3395 auctae
2017 3352 2160 3395 eam
2211 3332 2426 3397 denuo

220 3440 546 3498 revocant.
638 3434 823 3501 Quae
875 3434 1137 3518 quidem
1179 3433 1403 3502 Febris
1456 3435 1949 3519 symptomatica
1995 3442 2258 3501 tantum
2304 3444 2422 3517 est,

221 3542 291 3601 et
331 3536 693 3621 singultum
729 3558 845 3621 per
882 3536 1219 3601 intervalla
1254 3536 1637 3601 redeuntem
1675 3557 2134 3619 saepenumero
2171 3544 2317 3621 post
2357 3559 2426 3603 se

217 3640 446 3720 trahit,
484 3641 598 3724 qui
636 3640 831 3704 etiam
876 3639 1129 3703 sublata
1167 3638 1372 3703 Febre
1408 3660 1525 3724 per
1564 3638 1700 3702 dies
1741 3638 1985 3722 aliquot
2023 3647 2423 3723 perseverat3

219 3749 293 3807 at
331 3763 449 3825 pro
486 3742 738 3807 ratione
775 3741 1363 3823 redintegratamm
1402 3740 1578 3823 aegri
1609 3741 1844 3807 virium
1887 3749 2117 3825 sponte
2157 3741 2426 3807 tandem

218 3845 561 3909 evanescit.
654 3844 849 3911 Quod
898 3851 996 3908 est
1044 3844 1387 3926 diligenter
1432 3842 2094 3921 animadvertendum,
2137 3843 2423 3928 quando·

216 3947 485 4032 quidem
515 3968 593 4012 ex
623 3947 913 4030 singultu
941 3944 1062 4011 sub
1092 3946 1289 4009 finem
1327 3944 1597 4029 hujusce
1627 3943 1848 4008 Febris
1889 3944 2232 4011 accedente
2261 3943 2426 4006 nihil

215 4072 417 4135 aegro
446 4050 713 4135 periculi
741 4056 859 4130 est,
888 4048 1017 4113 nisi
1045 4047 1319 4113 officiose
1346 4045 1540 4113 nimis
1571 4053 1638 4111 et
1665 4045 1982 4110 inutiliter
2007 4044 2218 4109 multa
2243 4044 2424 4126 inge-

212 4160 453 4219 rantur
485 4154 771 4219 remedia
783 4179 804 4232 3
852 4151 1025 4237 quod
1062 4151 1118 4215 si
1148 4152 1281 4229 fiat,
1310 4171 1484 4215 mors
1516 4171 1634 4235 pro
1663 4148 1924 4213 Medico
1959 4154 2076 4211 est.
2165 4146 2423 4213 Verun-

212 4263 445 4321 tamen
478 4263 615 4320 tam
646 4256 881 4340 apthae
916 4274 1111 4338 quam
1146 4253 1489 4337 singultus,
1518 4252 1621 4316 vel
1647 4252 1882 4315 horum
1913 4249 2173 4329 utervis,
2205 4248 2260 4313 si
2286 4271 2424 4314 non

214 4365 451 4443 sponte
479 4358 771 4437 facessat,
802 4356 917 4423 sed
943 4356 1015 4420 in
1042 4356 1313 4439 longum
1344 4361 1602 4439 tempus
1633 4353 1950 4432 decurrat,
1980 4351 2165 4417 facile
2192 4353 2424 4436 fugan-

354 4509 399 4539 ¹¹¹
435 4504 509 4552 cf.
538 4506 721 4555 observ.
748 4505 873 4555 Med.
901 4518 945 4553 v.
971 4504 1014 4553 2.
1040 4504 1086 4561 9,
1116 4504 1189 4551 11.
1528 4506 1557 4535 Β
1591 4498 1648 4561 a]
1675 4498 1754 4548 Sic
1780 4498 1887 4547 edd.
1910 4503 2086 4547 recent.
2095 4533 2108 4559 ,
2129 4516 2154 4548 e
2177 4499 2292 4565 Syd.
