3138 5006
684 298 1281 367 DISSERTATIO
1327 298 1942 368 EPISTOLARIS.
2293 300 2438 365 337⁰

311 459 517 539 Adde,
532 458 721 545 quod
752 460 1025 546 sanguis
1056 471 1121 527 et
1163 460 1395 549 reliqui
1438 466 1742 530 humores
1780 466 1882 529 bis
1921 459 2128 531 modis
2173 462 2416 527 excale-
2453 477 2538 524 Dr.
2555 477 2636 524 vi
2641 490 2720 524 lu-

224 562 395 641 facti,
446 562 694 626 fortiori
750 564 1213 646 particularum
1269 566 1675 650 impressioni
1737 568 2098 651 promptius
2155 564 2417 644 cedunt,
2450 542 2732 653 ζῗυεῖῗ

224 664 399 728 unde
435 664 652 747 plures
692 686 887 749 quam
926 688 1029 732 res
1067 668 1437 751 postulabat
1478 676 1822 753 emergunt
1860 670 2180 753 pustulae,
2213 676 2279 734 et
2319 691 2422 733 ae-

225 787 359 851 ger,
391 767 572 831 nulla
612 768 996 834 necessitate
1041 777 1332 853 cogente,
1363 772 1434 834 in
1461 772 1634 836 vitae
1677 770 2022 836 discrimen
2061 771 2419 855 conjicitur.

228 870 505 935 Quando
545 870 910 954 oppositum
951 871 1107 936 huic
1142 874 1456 956 regimen,
1490 881 1557 938 et
1595 873 1846 937 modice
1867 872 2419 957 frigidiusculum,
2448 896 2497 937 et
2518 904 2548 937 a
2567 904 2673 936 mo-

226 978 420 1055 atque
449 972 615 1035 aeris
645 994 801 1036 usus
830 972 1109 1053 liberior,
1134 995 1268 1038 non
1303 982 1565 1039 tantum
1595 974 1982 1039 fervidas-um
2011 996 2086 1039 ac
2114 974 2421 1039 ferocien-
2447 953 2704 1065 ἐξζζξξξῇἱ·

222 1075 391 1140 tium
436 1074 895 1159 particularum
934 1077 1065 1139 vim
1102 1078 1415 1157 retundit,
1448 1078 1560 1142 sed
1606 1077 1802 1141 etiam
1841 1077 2194 1141 condensat
2231 1077 2720 1141 obiit-commoda·

224 1184 491 1262 matque
533 1177 858 1258 humores,
894 1201 1019 1263 quo
1058 1200 1127 1243 se
1154 1168 1426 1244 validius
1470 1178 1801 1263 spiritibus
1845 1180 2190 1245 morbificis
2228 1200 2422 1263 oppo-

222 1287 408 1358 nant,
441 1287 635 1364 atque
675 1281 1029 1345 eorundem
1069 1281 1433 1345 sustineant
1465 1282 1804 1364 impetum,
1835 1282 2011 1346 unde
2046 1302 2183 1345 non
2221 1283 2425 1365 major

222 1384 535 1447 materiae
554 1374 927 1447 Variolosae
948 1378 1139 1468 'copia
1167 1384 1501 1462 conflatur,
1534 1404 1728 1466 quam
1755 1402 1872 1467 pro
1903 1383 2188 1466 genuina
2214 1382 2426 1447 morbi

222 1483 462 1548 indole.

314 1585 489 1672 [13.]
542 1587 672 1651 Sed
705 1608 828 1651 nec
866 1588 1058 1652 unico
1096 1589 1219 1653 hoc
1257 1589 1666 1653 incommodo
1702 1589 1898 1673 (quod
1939 1588 2180 1652 scilicet
2224 1587 2432 1651 nimia

221 1688 535 1752 materiae
578 1690 947 1754 morbificae
988 1692 1315 1773 quantitas
1362 1692 1769 1770 assimiletur,
1807 1698 1874 1755 et
1918 1690 2429 1774 superexaltetur

221 1791 621 1856 fermentum
666 1792 919 1874 morbi,)
968 1793 1287 1856 multatur
1328 1792 1383 1855 is
1436 1792 1549 1876 qui
1593 1794 1774 1876 justo
1818 1792 2008 1855 citius
2059 1791 2142 1855 ad
2184 1792 2427 1854 lectum

223 1891 611 1971 damnatur3
659 1899 726 1956 at
756 1914 837 1957 ex
866 1894 1092 1958 eodem
1122 1894 1303 1958 fonte
1342 1894 1708 1977 saepissime
1737 1894 2070 1978 profluunt
2099 1901 2243 1957 tum
2269 1894 2428 1957 mic-

222 1997 331 2055 tus
408 1993 823 2075 sanguineus,
891 2001 1036 2058 tum
1110 1996 1309 2059 etiam
1380 1997 1672 2060 maculae
1744 2016 2123 2079 purpureae,
2189 1995 2440 2059 aestivo·

222 2097 505 2161 maxime
532 2104 842 2181 tempore,
874 2105 1069 2183 atque
1097 2100 1168 2163 in
1190 2101 1462 2183 juventa
1492 2098 1702 2163 adhuc
1740 2098 2138 2163 florentibus.
2232 2097 2428 2161 Utra-

226 2220 351 2283 que
404 2199 565 2264 haec
625 2207 1059 2287 symptomata
1114 2200 1264 2285 (nisi
1312 2200 1501 2263 fallor
1558 2201 1724 2283 ego,)
1777 2206 1994 2263 ortum
2045 2193 2294 2261 ducunt
2345 2197 2428 2260 ab

224 2308 414 2366 aestu
444 2309 508 2366 et
536 2302 797 2367 furore
779 2325 850 2366 m
882 2324 1073 2387 quem
1105 2303 1322 2387 agitur
1351 2301 1617 2403 sanguis
1645 2323 1684 2365 a
1709 2293 2108 2364 ferventibus
2149 2306 2216 2363 et
2246 2298 2434 2382 spiri*

222 2404 431 2467 tuosis
461 2403 809 2486 particulis,
842 2426 883 2468 a
911 2404 1144 2487 quibus
1175 2396 1535 2486 exagitatus
1575 2396 1769 2486 atque
1796 2401 2140 2484 insigniter
2169 2408 2426 2465 attenu-

223 2511 369 2569 atus
418 2526 715 2569 vasorum
754 2506 1034 2569 claustra
1076 2505 1410 2587 diffringit,
1462 2525 1642 2584 nunc
1686 2503 1758 2567 in
1800 2502 2024 2567 mictu
2051 2502 2426 2586 sanguineo,

224 2608 527 2692 quoties'
509 2631 580 2672 m
608 2628 795 2672 renes
824 2607 1031 2687 irruit,
1054 2628 1231 2671 nunc
1258 2606 1599 2690 purpureis
1627 2607 1700 2669 in
1727 2603 2016 2683 maculis,
2037 2604 2285 2687 quoties
2313 2624 2430 2687 per

222 2712 614 2776 arteriarum
674 2711 1113 2775 extremitates
1164 2711 1235 2773 in
1280 2710 1606 2773 musculos
1650 2704 1716 2772 et
1767 2714 1986 2771 cutem
2027 2706 2427 2783 terminatas,

218 2815 629 2898 percolatur,
688 2813 863 2877 unde
922 2813 1197 2877 totidem
1250 2811 1431 2895 quasi
1481 2811 1756 2892 sphaceli
1805 2807 2188 2872 oboriuntur
2228 2806 2310 2868 iis
2355 2805 2431 2868 in

216 2914 569 2999 partibus
551 2936 622 2977 m
651 2914 888 2997 quibus
927 2919 1365 2978 extravasatus
1410 2911 1676 2995 sanguis
1721 2909 2123 2992 coagulatur.
2208 2909 2431 3021 Atque

218 3024 297 3082 ut
344 3017 719 3101 praecaveri
763 3016 949 3081 facile
993 3021 1297 3098 poterant
1344 3009 1475 3078 duo
1516 3013 1679 3076 haec
1728 3009 2174 3127 symptomata
2205 3007 2435 3092 primis

225 3121 440 3186 morbi
482 3119 727 3198 diebus,
763 3120 996 3203 quibus
1024 3119 1404 3203 plerumque
1442 3117 1744 3194 emicant,
1774 3113 2093 3197 regimine
2121 3119 2188 3176 et
2219 3112 2432 3176 diaeta

226 3224 298 3286 in
348 3221 665 3305 frigidum
723 3220 1160 3304 vergentibus,
1220 3221 1315 3283 ita
1371 3219 1486 3282 ubi
1536 3219 1676 3302 jam
1727 3223 1877 3280 actu
1935 3213 2429 3298 comparuerint,

226 3325 474 3409 pariter
516 3343 774 3407 operam
817 3324 1039 3388 ludets
1079 3324 1191 3407 qui
1229 3322 1457 3386 iisdem
1495 3320 1742 3385 mederi
1776 3318 2133 3395 conabitur,
2165 3337 2432 3399 aegrum.

226 3427 397 3490 lecto
442 3424 835 3488 includendo
880 3431 946 3488 et
991 3425 1283 3488 cardiaco,
1329 3419 1711 3502 exhibendo,
1760 3442 1834 3486 ac
1877 3418 2154 3484 luderet
2179 3419 2434 3483 anicula

230 3550 396 3613 quae
432 3527 705 3590 nimiam
745 3547 947 3610 aquae
988 3527 1061 3590 in
1104 3527 1232 3590 olla
1270 3520 1734 3628 ebullitionem,
1764 3523 1903 3607 igni
1945 3521 2238 3585 fomitem
2282 3520 2431 3584 sub-

227 3630 680 3709 ministrando,
715 3630 1145 3694 sufflaminare
1176 3623 1446 3713 satagat.

322 3732 489 3818 [14]
531 3730 660 3795 Sed
689 3729 787 3813 (ut
814 3735 1039 3795 verum
1067 3731 1432 3814 fateamur)
1460 3738 1614 3796 utut
1641 3725 2058 3794 offendantur
2085 3727 2432 3812 dogmatici
2457 3744 2520 3792 In
2542 3759 2707 3808 quoa
2653 3759 2707 3792 oa
2706 3736 2732 3782 '-

231 3845 297 3902 et
327 3837 527 3921 hujus
556 3836 650 3898 rei
680 3834 910 3917 ignari,
935 3855 1009 3898 ac
1036 3833 1349 3917 proinde
1331 3832 1539 3916 miqui
1561 3832 1833 3916 judices,
1863 3827 2002 3894 non
2028 3830 2236 3893 solum
2264 3825 2432 3892 male
2457 3825 2648 3920 hux&
2639 3809 2732 3919 42¹·

229 3946 458 4004 tutum
515 3936 713 4000 fuerit
772 3956 1038 4018 aegrum
1087 3934 1311 4018 primis
1370 3931 1597 3997 diebus
1647 3933 1884 3996 lectulo
1935 3932 2182 4015 jugiter
2239 3924 2431 4012 affigi,
2457 3951 2612 3999 19⁰⁰
2618 3951 2704 3983 ⁰-ss

230 4061 461 4104 verum
505 4038 829 4102 enimvero
868 4043 967 4100 est
1005 4035 1120 4099 ubi
1159 4056 1349 4119 aeger
1385 4036 1589 4099 libero
1629 4034 1761 4099 aeri
1799 4033 2063 4097 omnino
2103 4038 2202 4096 est
2245 4051 2432 4113 expo·
2459 4001 2550 4048 ‘³¹²⁵
2527 4015 2623 4048 ⁵⁸⁸
2601 4009 2660 4047 't'

232 4141 513 4220 nendus,
560 4140 613 4203 si
656 4146 865 4202 aestas
915 4139 1157 4202 scilicet
1199 4137 1416 4215 fuerit,
1461 4144 1657 4219 atque
1708 4157 1898 4219 aeger
1941 4134 2169 4198 aetatis
2210 4133 2434 4196 florem

234 4247 533 4311 nondum
583 4252 1112 4329 praetergressus,
1159 4250 1272 4307 aut
1322 4237 1678 4326 liquoribus
1723 4243 2079 4326 spirituosis
2123 4247 2435 4319 assuetus,
2501 4271 2510 4278 ·

236 4350 617 4433 praesertim
656 4349 711 4411 si
746 4347 1011 4411 morbus
1048 4347 1287 4410 nimiae
1326 4345 1788 4430 compotationi
1829 4343 2144 4426 originem
2186 4343 2437 4406 debeat.

307 4481 332 4515 Ι
366 4479 393 4502 “
416 4477 628 4540 Operam
649 4475 919 4534 ludimus,”
946 4474 1134 4538 (Plaut.
1160 4475 1331 4523 Pseud.
1355 4473 1387 4522 i.
1418 4475 1460 4521 3.
1490 4469 1625 4536 135.)
1648 4473 1679 4520 i.
1707 4487 1748 4519 e.
1767 4487 1948 4532 operam
1955 4467 2144 4530 frustra
2163 4471 2438 4518 innuimus.

1289 4575 1331 4616 X
1362 4576 1404 4616 X
